  <div class='ocr_page' id='page_1' title='image "/cluster/home/n/w/nwhite01/storage/ocr_20150623/87:2/hvd.32044019208008/579.png"; bbox 0 0 4046 6386; ppageno 0'>
   <div class='ocr_carea' id='block_1_1' title="bbox 535 279 3838 360">
    <p class='ocr_par' dir='ltr' id='par_1_1' title="bbox 535 279 3838 360">
     <span class='ocr_line' id='line_1_1' title="bbox 535 279 3838 360; baseline 0.002 -10"><span class='ocrx_word' id='word_1_1' title='bbox 535 288 676 354; x_wconf 72' lang='lat'><strong>2679</strong></span> <span class='ocrx_word' id='word_1_2' title='bbox 1863 297 2217 360; x_wconf 82' lang='lat' dir='ltr'><strong>PROCOPII</strong></span> <span class='ocrx_word' id='word_1_3' title='bbox 2243 295 2487 356; x_wconf 70' lang='lat' dir='ltr'><strong>GAZ/EI</strong></span> <span class='ocrx_word' id='word_1_4' title='bbox 3698 279 3838 344; x_wconf 69' lang='lat'><strong>2680</strong></span> 
     </span>
    </p>
   </div>
   <div class='ocr_carea' id='block_1_2' title="bbox 537 394 2150 476">
    <p class='ocr_par' dir='ltr' id='par_1_2' title="bbox 537 397 2150 474">
     <span class='ocr_line' id='line_1_2' title="bbox 537 397 2150 474; baseline 0.004 -20"><span class='ocrx_word' id='word_1_5' title='bbox 537 397 878 464; x_wconf 82' lang='lat' dir='ltr'><strong>devenimus,</strong></span> <span class='ocrx_word' id='word_1_6' title='bbox 927 398 1021 470; x_wconf 88' lang='lat' dir='ltr'><strong>qni</strong></span> <span class='ocrx_word' id='word_1_7' title='bbox 1071 400 1369 458; x_wconf 80' lang='lat' dir='ltr'><strong>mundanis</strong></span> <span class='ocrx_word' id='word_1_8' title='bbox 1428 402 1833 474; x_wconf 74' lang='lat' dir='ltr'><strong>cupiditatibus</strong></span> <span class='ocrx_word' id='word_1_9' title='bbox 1891 406 2150 472; x_wconf 23' lang='lat' dir='ltr'><strong>addictis</strong></span> 
     </span>
    </p>
   </div>
   <div class='ocr_carea' id='block_1_3' title="bbox 2255 394 3840 476">
    <p class='ocr_par' dir='ltr' id='par_1_3' title="bbox 2255 394 3840 476">
     <span class='ocr_line' id='line_1_3' title="bbox 2255 394 3840 476; baseline -0.006 -16"><span class='ocrx_word' id='word_1_10' title='bbox 2255 402 2700 469; x_wconf 77' lang='grc' dir='ltr'><strong>ςλινθοποιοῦντες</strong></span> <span class='ocrx_word' id='word_1_11' title='bbox 2735 404 3103 476; x_wconf 73' lang='grc' dir='ltr'><strong>ἐλατριύομεν</strong></span> <span class='ocrx_word' id='word_1_12' title='bbox 3130 398 3411 472; x_wconf 77' lang='grc' dir='ltr'><strong>πνεύμασι</strong></span> <span class='ocrx_word' id='word_1_13' title='bbox 3444 394 3757 466; x_wconf 82' lang='grc' dir='ltr'><strong>πονηροῖς.</strong></span> <span class='ocrx_word' id='word_1_14' title='bbox 3775 395 3840 450; x_wconf 86' lang='grc' dir='ltr'><strong>Ὃ</strong></span> 
     </span>
    </p>
   </div>
   <div class='ocr_carea' id='block_1_4' title="bbox 541 489 2150 569">
    <p class='ocr_par' dir='ltr' id='par_1_4' title="bbox 541 493 2116 565">
     <span class='ocr_line' id='line_1_4' title="bbox 541 493 2116 565; baseline 0.004 -17"><span class='ocrx_word' id='word_1_15' title='bbox 541 493 832 549; x_wconf 87' lang='lat' dir='ltr'><strong>diabolicis</strong></span> <span class='ocrx_word' id='word_1_16' title='bbox 858 493 1091 565; x_wconf 87' lang='lat' dir='ltr'><strong>pedibus</strong></span> <span class='ocrx_word' id='word_1_17' title='bbox 1121 493 1504 564; x_wconf 88' lang='lat' dir='ltr'><strong>suhjacemus.</strong></span> <span class='ocrx_word' id='word_1_18' title='bbox 1535 497 1669 552; x_wconf 84' lang='lat' dir='ltr'><strong>Cum</strong></span> <span class='ocrx_word' id='word_1_19' title='bbox 1701 499 1846 554; x_wconf 88' lang='lat' dir='ltr'><strong>enim</strong></span> <span class='ocrx_word' id='word_1_20' title='bbox 1882 499 1936 553; x_wconf 92' lang='lat' dir='ltr'><strong>in</strong></span> <span class='ocrx_word' id='word_1_21' title='bbox 1967 499 2116 564; x_wconf 82' lang='lat' dir='ltr'><strong>istis,</strong></span> 
     </span>
    </p>
   </div>
   <div class='ocr_carea' id='block_1_5' title="bbox 2255 489 3844 569">
    <p class='ocr_par' dir='ltr' id='par_1_5' title="bbox 2255 489 3844 569">
     <span class='ocr_line' id='line_1_5' title="bbox 2255 489 3844 569; baseline -0.008 -15"><span class='ocrx_word' id='word_1_22' title='bbox 2255 501 2318 554; x_wconf 77' lang='lat' dir='ltr'><strong>at</strong></span> <span class='ocrx_word' id='word_1_23' title='bbox 2341 499 2435 553; x_wconf 81' lang='grc' dir='ltr'><strong>νῦν</strong></span> <span class='ocrx_word' id='word_1_24' title='bbox 2469 499 2701 569; x_wconf 78' lang='grc' dir='ltr'><strong>γίνεται.</strong></span> <span class='ocrx_word' id='word_1_25' title='bbox 2730 499 2902 554; x_wconf 81' lang='grc' dir='ltr'><strong>Τοῦτο</strong></span> <span class='ocrx_word' id='word_1_26' title='bbox 2929 497 2988 552; x_wconf 75' lang='grc' dir='ltr'><strong>δὲ</strong></span> <span class='ocrx_word' id='word_1_27' title='bbox 3012 497 3346 569; x_wconf 80' lang='grc' dir='ltr'><strong>παρίστησιν</strong></span> <span class='ocrx_word' id='word_1_28' title='bbox 3373 495 3408 549; x_wconf 78' lang='grc' dir='ltr'><strong>ὁ</strong></span> <span class='ocrx_word' id='word_1_29' title='bbox 3467 489 3688 560; x_wconf 81' lang='grc' dir='ltr'><strong>Σωτὴρ</strong></span> <span class='ocrx_word' id='word_1_30' title='bbox 3713 491 3844 560; x_wconf 77' lang='grc' dir='ltr'><strong>περὶ</strong></span> 
     </span>
    </p>
   </div>
   <div class='ocr_carea' id='block_1_6' title="bbox 539 581 2150 664">
    <p class='ocr_par' dir='ltr' id='par_1_6' title="bbox 539 582 2117 658">
     <span class='ocr_line' id='line_1_6' title="bbox 539 582 2117 658; baseline 0.004 -23"><span class='ocrx_word' id='word_1_31' title='bbox 539 590 804 652; x_wconf 75' lang='lat' dir='ltr'><strong>tanquam</strong></span> <span class='ocrx_word' id='word_1_32' title='bbox 851 583 905 636; x_wconf 91' lang='lat' dir='ltr'><strong>in</strong></span> <span class='ocrx_word' id='word_1_33' title='bbox 931 582 1203 653; x_wconf 87' lang='lat' dir='ltr'><strong>lingendis</strong></span> <span class='ocrx_word' id='word_1_34' title='bbox 1229 585 1518 652; x_wconf 84' lang='lat' dir='ltr'><strong>lateribus,</strong></span> <span class='ocrx_word' id='word_1_35' title='bbox 1550 600 1976 658; x_wconf 88' lang='lat' dir='ltr'><strong>occuparemur,</strong></span> <span class='ocrx_word' id='word_1_36' title='bbox 2001 587 2117 658; x_wconf 87' lang='lat' dir='ltr'><strong>spi-</strong></span> 
     </span>
    </p>
   </div>
   <div class='ocr_carea' id='block_1_7' title="bbox 2255 581 3843 664">
    <p class='ocr_par' dir='ltr' id='par_1_7' title="bbox 2255 581 3843 664">
     <span class='ocr_line' id='line_1_7' title="bbox 2255 581 3843 664; baseline -0.006 -17"><span class='ocrx_word' id='word_1_37' title='bbox 2255 593 2316 647; x_wconf 78' lang='grc' dir='ltr'><strong>οὖ</strong></span> <span class='ocrx_word' id='word_1_38' title='bbox 2336 592 2643 659; x_wconf 73' lang='grc' dir='ltr'><strong>ἐξελθόντος</strong></span> <span class='ocrx_word' id='word_1_39' title='bbox 2663 591 2974 664; x_wconf 85' lang='grc' dir='ltr'><strong>πνεύματος</strong></span> <span class='ocrx_word' id='word_1_40' title='bbox 2998 590 3196 660; x_wconf 82' lang='grc' dir='ltr'><strong>λέγων,</strong></span> <span class='ocrx_word' id='word_1_41' title='bbox 3229 587 3324 642; x_wconf 76' lang='grc' dir='ltr'><strong>καὶ</strong></span> <span class='ocrx_word' id='word_1_42' title='bbox 3354 581 3843 654; x_wconf 72' lang='grc' dir='ltr'><strong>ὑποστρέψαντος</strong></span> 
     </span>
    </p>
   </div>
   <div class='ocr_carea' id='block_1_8' title="bbox 539 673 2150 759">
    <p class='ocr_par' dir='ltr' id='par_1_8' title="bbox 539 675 2119 749">
     <span class='ocr_line' id='line_1_8' title="bbox 539 675 2119 749; baseline 0.004 -22"><span class='ocrx_word' id='word_1_43' title='bbox 539 675 741 731; x_wconf 78' lang='lat' dir='ltr'><strong>ritibus</strong></span> <span class='ocrx_word' id='word_1_44' title='bbox 765 676 925 732; x_wconf 89' lang='lat' dir='ltr'><strong>malis</strong></span> <span class='ocrx_word' id='word_1_45' title='bbox 953 675 1390 734; x_wconf 86' lang='lat' dir='ltr'><strong>inserviebamus</strong></span> <span class='ocrx_word' id='word_1_46' title='bbox 1417 695 1431 732; x_wconf 91' lang='lat'><strong>:</strong></span> <span class='ocrx_word' id='word_1_47' title='bbox 1465 679 1613 749; x_wconf 90' lang='lat' dir='ltr'><strong>quod</strong></span> <span class='ocrx_word' id='word_1_48' title='bbox 1643 680 1810 736; x_wconf 90' lang='lat' dir='ltr'><strong>etiam</strong></span> <span class='ocrx_word' id='word_1_49' title='bbox 1843 680 1952 736; x_wconf 88' lang='lat' dir='ltr'><strong>hoc</strong></span> <span class='ocrx_word' id='word_1_50' title='bbox 1977 691 2119 736; x_wconf 90' lang='lat' dir='ltr'><strong>tem-</strong></span> 
     </span>
    </p>
   </div>
   <div class='ocr_carea' id='block_1_9' title="bbox 2255 673 3843 759">
    <p class='ocr_par' dir='ltr' id='par_1_9' title="bbox 2255 673 3843 759">
     <span class='ocr_line' id='line_1_9' title="bbox 2255 673 3843 759; baseline -0.009 -19"><span class='ocrx_word' id='word_1_51' title='bbox 2255 685 2347 740; x_wconf 84' lang='grc' dir='ltr'><strong>ιεθ’</strong></span> <span class='ocrx_word' id='word_1_52' title='bbox 2380 687 2587 758; x_wconf 81' lang='grc' dir='ltr'><strong>ἐτέρων</strong></span> <span class='ocrx_word' id='word_1_53' title='bbox 2608 686 2992 759; x_wconf 79' lang='grc' dir='ltr'><strong>πονηροτέρων</strong></span> <span class='ocrx_word' id='word_1_54' title='bbox 3019 684 3089 750; x_wconf 80' lang='grc' dir='ltr'><strong>ζ’,</strong></span> <span class='ocrx_word' id='word_1_55' title='bbox 3121 684 3214 737; x_wconf 78' lang='grc' dir='ltr'><strong>ὅτε</strong></span> <span class='ocrx_word' id='word_1_56' title='bbox 3251 681 3320 736; x_wconf 80' lang='grc' dir='ltr'><strong>τὰ</strong></span> <span class='ocrx_word' id='word_1_57' title='bbox 3351 680 3589 750; x_wconf 72' lang='grc' dir='ltr'><strong>ἔσχατα</strong></span> <span class='ocrx_word' id='word_1_58' title='bbox 3609 673 3843 746; x_wconf 75' lang='grc' dir='ltr'>χείρονα</span> 
     </span>
    </p>
   </div>
   <div class='ocr_carea' id='block_1_10' title="bbox 538 765 2150 852">
    <p class='ocr_par' dir='ltr' id='par_1_10' title="bbox 538 768 2121 842">
     <span class='ocr_line' id='line_1_10' title="bbox 538 768 2121 842; baseline 0.005 -20"><span class='ocrx_word' id='word_1_59' title='bbox 538 783 675 838; x_wconf 84' lang='lat' dir='ltr'><strong>pore</strong></span> <span class='ocrx_word' id='word_1_60' title='bbox 703 768 997 840; x_wconf 90' lang='lat' dir='ltr'><strong>contingit.</strong></span> <span class='ocrx_word' id='word_1_61' title='bbox 1033 768 1132 824; x_wconf 84' lang='lat' dir='ltr'><strong>Est</strong></span> <span class='ocrx_word' id='word_1_62' title='bbox 1181 783 1314 825; x_wconf 84' lang='lat' dir='ltr'><strong>vero</strong></span> <span class='ocrx_word' id='word_1_63' title='bbox 1339 769 1476 826; x_wconf 90' lang='lat' dir='ltr'><strong>illud</strong></span> <span class='ocrx_word' id='word_1_64' title='bbox 1506 785 1605 842; x_wconf 86' lang='lat' dir='ltr'><strong>per</strong></span> <span class='ocrx_word' id='word_1_65' title='bbox 1651 770 2000 830; x_wconf 87' lang='lat' dir='ltr'><strong>Salvatorem</strong></span> <span class='ocrx_word' id='word_1_66' title='bbox 2039 772 2121 829; x_wconf 85' lang='lat' dir='ltr'><strong>si-</strong></span> 
     </span>
    </p>
   </div>
   <div class='ocr_carea' id='block_1_11' title="bbox 2255 765 3844 852">
    <p class='ocr_par' dir='ltr' id='par_1_11' title="bbox 2255 765 3844 852">
     <span class='ocr_line' id='line_1_11' title="bbox 2255 765 3844 852; baseline -0.007 -19"><span class='ocrx_word' id='word_1_67' title='bbox 2255 779 2334 834; x_wconf 81' lang='grc' dir='ltr'><strong>ῶν</strong></span> <span class='ocrx_word' id='word_1_68' title='bbox 2361 778 2598 852; x_wconf 79' lang='grc' dir='ltr'><strong>πρώτων</strong></span> <span class='ocrx_word' id='word_1_69' title='bbox 2625 779 2797 834; x_wconf 79' lang='grc' dir='ltr'><strong>εἰπών</strong></span> <span class='ocrx_word' id='word_1_70' title='bbox 2827 795 2842 813; x_wconf 88' lang='grc'><strong>·</strong></span> <span class='ocrx_word' id='word_1_71' title='bbox 2877 777 3070 841; x_wconf 79' lang='grc' dir='ltr'><strong>Οὕτως</strong></span> <span class='ocrx_word' id='word_1_72' title='bbox 3105 773 3261 830; x_wconf 72' lang='grc' dir='ltr'><strong>ἔσται</strong></span> <span class='ocrx_word' id='word_1_73' title='bbox 3292 775 3359 845; x_wconf 77' lang='grc' dir='ltr'><strong>τῇ</strong></span> <span class='ocrx_word' id='word_1_74' title='bbox 3393 770 3593 842; x_wconf 80' lang='grc' dir='ltr'><strong>γενεᾷ</strong></span> <span class='ocrx_word' id='word_1_75' title='bbox 3642 765 3844 841; x_wconf 71' lang='grc' dir='ltr'><strong>ταύτῃ.</strong></span> 
     </span>
    </p>
   </div>
   <div class='ocr_carea' id='block_1_12' title="bbox 540 859 2150 945">
    <p class='ocr_par' dir='ltr' id='par_1_12' title="bbox 540 860 2119 938">
     <span class='ocr_line' id='line_1_12' title="bbox 540 860 2119 938; baseline 0.004 -23"><span class='ocrx_word' id='word_1_76' title='bbox 540 860 859 931; x_wconf 81' lang='lat' dir='ltr'><strong>gniﬁcatum</strong></span> <span class='ocrx_word' id='word_1_77' title='bbox 883 902 898 926; x_wconf 90' lang='lat'><strong>,</strong></span> <span class='ocrx_word' id='word_1_78' title='bbox 929 861 1023 917; x_wconf 90' lang='lat' dir='ltr'><strong>ubi</strong></span> <span class='ocrx_word' id='word_1_79' title='bbox 1058 862 1458 937; x_wconf 82' lang='lat' dir='ltr'><strong>spiritum,qui</strong></span> <span class='ocrx_word' id='word_1_80' title='bbox 1483 879 1746 938; x_wconf 86' lang='lat' dir='ltr'><strong>egressus</strong></span> <span class='ocrx_word' id='word_1_81' title='bbox 1767 865 2119 931; x_wconf 76' lang='lat' dir='ltr'><strong>fuerat,cnm</strong></span> 
     </span>
    </p>
   </div>
   <div class='ocr_carea' id='block_1_13' title="bbox 2255 859 3849 945">
    <p class='ocr_par' dir='ltr' id='par_1_13' title="bbox 2255 859 3849 945">
     <span class='ocr_line' id='line_1_13' title="bbox 2255 859 3849 945; baseline -0.007 -22"><span class='ocrx_word' id='word_1_82' title='bbox 2255 869 2438 927; x_wconf 71' lang='lat' dir='ltr'><strong>limat&#39;w</strong></span> <span class='ocrx_word' id='word_1_83' title='bbox 2467 870 2540 926; x_wconf 83' lang='grc' dir='ltr'><strong>τὰ</strong></span> <span class='ocrx_word' id='word_1_84' title='bbox 2563 873 2660 927; x_wconf 82' lang='grc' dir='ltr'><strong>νῦν</strong></span> <span class='ocrx_word' id='word_1_85' title='bbox 2680 871 2950 945; x_wconf 74' lang='grc' dir='ltr'><strong>εἰρημένα</strong></span> <span class='ocrx_word' id='word_1_86' title='bbox 2981 867 3342 943; x_wconf 80' lang='grc' dir='ltr'><strong>προφητικῶς</strong></span> <span class='ocrx_word' id='word_1_87' title='bbox 3381 863 3495 919; x_wconf 74' lang='grc' dir='ltr'><strong>ἐπὶ</strong></span> <span class='ocrx_word' id='word_1_88' title='bbox 3525 861 3634 916; x_wconf 82' lang='grc' dir='ltr'><strong>τὸν</strong></span> <span class='ocrx_word' id='word_1_89' title='bbox 3652 859 3849 931; x_wconf 73' lang='grc' dir='ltr'><strong>καιρὺν</strong></span> 
     </span>
    </p>
   </div>
   <div class='ocr_carea' id='block_1_14' title="bbox 541 950 2150 1036">
    <p class='ocr_par' dir='ltr' id='par_1_14' title="bbox 541 955 2121 1028">
     <span class='ocr_line' id='line_1_14' title="bbox 541 955 2121 1028; baseline 0.003 -19"><span class='ocrx_word' id='word_1_90' title='bbox 541 963 749 1024; x_wconf 90' lang='lat' dir='ltr'><strong>septem</strong></span> <span class='ocrx_word' id='word_1_91' title='bbox 824 955 951 1010; x_wconf 85' lang='lat' dir='ltr'><strong>aliis</strong></span> <span class='ocrx_word' id='word_1_92' title='bbox 1029 957 1393 1028; x_wconf 83' lang='lat' dir='ltr'><strong>nequioribus</strong></span> <span class='ocrx_word' id='word_1_93' title='bbox 1460 973 1745 1016; x_wconf 87' lang='lat' dir='ltr'><strong>reversum</strong></span> <span class='ocrx_word' id='word_1_94' title='bbox 1815 960 2121 1017; x_wconf 84' lang='lat' dir='ltr'><strong>novissima</strong></span> 
     </span>
    </p>
   </div>
   <div class='ocr_carea' id='block_1_15' title="bbox 2255 950 3852 1036">
    <p class='ocr_par' dir='ltr' id='par_1_15' title="bbox 2255 950 3852 1036">
     <span class='ocr_line' id='line_1_15' title="bbox 2255 950 3852 1036; baseline -0.006 -21"><span class='ocrx_word' id='word_1_95' title='bbox 2255 961 2318 1015; x_wconf 83' lang='grc' dir='ltr'><strong>ὺν</strong></span> <span class='ocrx_word' id='word_1_96' title='bbox 2349 963 2489 1035; x_wconf 83' lang='grc' dir='ltr'><strong>μετὰ</strong></span> <span class='ocrx_word' id='word_1_97' title='bbox 2515 963 2616 1036; x_wconf 85' lang='grc' dir='ltr'><strong>τὴν</strong></span> <span class='ocrx_word' id='word_1_98' title='bbox 2646 962 2944 1035; x_wconf 82' lang='grc' dir='ltr'><strong>ἐπιδημίαν</strong></span> <span class='ocrx_word' id='word_1_99' title='bbox 2970 961 3255 1031; x_wconf 72' lang='grc' dir='ltr'><strong>ἀνάγεται,</strong></span> <span class='ocrx_word' id='word_1_100' title='bbox 3311 959 3402 1013; x_wconf 82' lang='grc' dir='ltr'><strong>ὅτε</strong></span> <span class='ocrx_word' id='word_1_101' title='bbox 3444 954 3553 1010; x_wconf 80' lang='grc' dir='ltr'><strong>διὰ</strong></span> <span class='ocrx_word' id='word_1_102' title='bbox 3578 951 3660 1006; x_wconf 77' lang='grc' dir='ltr'>τὰ</span> <span class='ocrx_word' id='word_1_103' title='bbox 3708 950 3852 1005; x_wconf 73' lang='grc' dir='ltr'><strong>κατὰ</strong></span> 
     </span>
    </p>
   </div>
   <div class='ocr_carea' id='block_1_16' title="bbox 542 1039 2150 1130">
    <p class='ocr_par' dir='ltr' id='par_1_16' title="bbox 542 1047 2124 1122">
     <span class='ocr_line' id='line_1_16' title="bbox 542 1047 2124 1122; baseline 0.004 -23"><span class='ocrx_word' id='word_1_104' title='bbox 542 1047 820 1116; x_wconf 84' lang='lat' dir='ltr'><strong>prioribus</strong></span> <span class='ocrx_word' id='word_1_105' title='bbox 852 1047 1038 1119; x_wconf 81' lang='lat' dir='ltr'><strong>pejora</strong></span> <span class='ocrx_word' id='word_1_106' title='bbox 1060 1050 1368 1108; x_wconf 84' lang='lat' dir='ltr'><strong>reddidisse</strong></span> <span class='ocrx_word' id='word_1_107' title='bbox 1405 1060 1629 1118; x_wconf 88' lang='lat' dir='ltr'><strong>narrat;</strong></span> <span class='ocrx_word' id='word_1_108' title='bbox 1661 1051 1924 1122; x_wconf 79' lang='lat' dir='ltr'><strong>idemque</strong></span> <span class='ocrx_word' id='word_1_109' title='bbox 1956 1066 2124 1122; x_wconf 84' lang='lat' dir='ltr'><strong>gene-</strong></span> 
     </span>
    </p>
   </div>
   <div class='ocr_carea' id='block_1_17' title="bbox 2255 1039 3850 1130">
    <p class='ocr_par' dir='ltr' id='par_1_17' title="bbox 2255 1039 3850 1130">
     <span class='ocr_line' id='line_1_17' title="bbox 2255 1039 3850 1130; baseline 0.004 -22"><span class='ocrx_word' id='word_1_110' title='bbox 2255 1055 2470 1125; x_wconf 72' lang='grc' dir='ltr'><strong>ἰριστοῦ</strong></span> <span class='ocrx_word' id='word_1_111' title='bbox 2527 1055 2936 1130; x_wconf 82' lang='grc' dir='ltr'><strong>παρεώρανται,</strong></span> <span class='ocrx_word' id='word_1_112' title='bbox 2979 1053 3058 1119; x_wconf 83' lang='grc' dir='ltr'><strong>ὡς</strong></span> <span class='ocrx_word' id='word_1_113' title='bbox 3123 1052 3216 1109; x_wconf 77' lang='grc' dir='ltr'><strong>ὅτε</strong></span> <span class='ocrx_word' id='word_1_114' title='bbox 3263 1050 3481 1105; x_wconf 87' lang='grc' dir='ltr'><strong>τούτων</strong></span> <span class='ocrx_word' id='word_1_115' title='bbox 3538 1046 3655 1100; x_wconf 80' lang='grc' dir='ltr'><strong>οὒκ</strong></span> <span class='ocrx_word' id='word_1_116' title='bbox 3711 1039 3850 1116; x_wconf 74' lang='grc' dir='ltr'><strong>ἧρχι</strong></span> 
     </span>
    </p>
   </div>
   <div class='ocr_carea' id='block_1_18' title="bbox 545 1139 2384 1216">
    <p class='ocr_par' dir='ltr' id='par_1_18' title="bbox 545 1139 2384 1216">
     <span class='ocr_line' id='line_1_18' title="bbox 545 1139 2384 1216; baseline 0.005 -24"><span class='ocrx_word' id='word_1_117' title='bbox 545 1139 746 1195; x_wconf 84' lang='lat' dir='ltr'><strong>rationi</strong></span> <span class='ocrx_word' id='word_1_118' title='bbox 779 1140 855 1196; x_wconf 88' lang='lat' dir='ltr'><strong>illi</strong></span> <span class='ocrx_word' id='word_1_119' title='bbox 889 1156 1010 1198; x_wconf 87' lang='lat' dir='ltr'><strong>esse</strong></span> <span class='ocrx_word' id='word_1_120' title='bbox 1036 1149 1362 1199; x_wconf 86' lang='lat' dir='ltr'><strong>eventurum</strong></span> <span class='ocrx_word' id='word_1_121' title='bbox 1395 1145 1468 1200; x_wconf 60' lang='grc' dir='ltr'><strong>θ’.</strong></span> <span class='ocrx_word' id='word_1_122' title='bbox 1504 1143 1640 1211; x_wconf 64' lang='lat' dir='ltr'><strong>Quae</strong></span> <span class='ocrx_word' id='word_1_123' title='bbox 1663 1152 1796 1199; x_wconf 90' lang='lat' dir='ltr'><strong>sunt</strong></span> <span class='ocrx_word' id='word_1_124' title='bbox 1828 1143 2126 1216; x_wconf 85' lang='lat' dir='ltr'><strong>igiturhoc</strong></span> <span class='ocrx_word' id='word_1_125' title='bbox 2229 1145 2384 1210; x_wconf 79' lang='grc' dir='ltr'><strong>Θεός.</strong></span> 
     </span>
    </p>
   </div>
   <div class='ocr_carea' id='block_1_19' title="bbox 544 1233 3850 1318">
    <p class='ocr_par' dir='ltr' id='par_1_19' title="bbox 544 1233 3850 1318">
     <span class='ocr_line' id='line_1_19' title="bbox 544 1233 3850 1318; baseline -0.001 -28"><span class='ocrx_word' id='word_1_126' title='bbox 544 1237 670 1292; x_wconf 90' lang='lat' dir='ltr'><strong>loco</strong></span> <span class='ocrx_word' id='word_1_127' title='bbox 719 1237 1040 1307; x_wconf 89' lang='lat' dir='ltr'><strong>prophetice</strong></span> <span class='ocrx_word' id='word_1_128' title='bbox 1068 1238 1241 1304; x_wconf 86' lang='lat' dir='ltr'><strong>dicta,</strong></span> <span class='ocrx_word' id='word_1_129' title='bbox 1303 1239 1372 1295; x_wconf 89' lang='lat' dir='ltr'><strong>ad</strong></span> <span class='ocrx_word' id='word_1_130' title='bbox 1400 1256 1487 1305; x_wconf 89' lang='lat' dir='ltr'><strong>ea,</strong></span> <span class='ocrx_word' id='word_1_131' title='bbox 1521 1256 1648 1312; x_wconf 71' lang='lat' dir='ltr'><strong>quae</strong></span> <span class='ocrx_word' id='word_1_132' title='bbox 1679 1240 2128 1296; x_wconf 85' lang='lat' dir='ltr'><strong>incarnationem</strong></span> <span class='ocrx_word' id='word_1_133' title='bbox 2167 1257 2358 1302; x_wconf 87' lang='lat' dir='ltr'><strong>secuta</strong></span> <span class='ocrx_word' id='word_1_134' title='bbox 2419 1256 2552 1303; x_wconf 88' lang='lat' dir='ltr'><strong>sunt</strong></span> <span class='ocrx_word' id='word_1_135' title='bbox 2590 1254 2843 1318; x_wconf 90' lang='lat' dir='ltr'><strong>tempora</strong></span> <span class='ocrx_word' id='word_1_136' title='bbox 2909 1243 3252 1310; x_wconf 81' lang='lat' dir='ltr'><strong>referuntur,</strong></span> <span class='ocrx_word' id='word_1_137' title='bbox 3289 1255 3415 1297; x_wconf 90' lang='lat' dir='ltr'><strong>cum</strong></span> <span class='ocrx_word' id='word_1_138' title='bbox 3476 1243 3728 1309; x_wconf 85' lang='lat' dir='ltr'><strong>propter</strong></span> <span class='ocrx_word' id='word_1_139' title='bbox 3776 1233 3850 1299; x_wconf 88' lang='lat' dir='ltr'><strong>id,</strong></span> 
     </span>
    </p>
   </div>
   <div class='ocr_carea' id='block_1_20' title="bbox 543 1329 3528 1409">
    <p class='ocr_par' dir='ltr' id='par_1_20' title="bbox 543 1329 3528 1409">
     <span class='ocr_line' id='line_1_20' title="bbox 543 1329 3528 1409; baseline 0 -22"><span class='ocrx_word' id='word_1_140' title='bbox 543 1332 689 1405; x_wconf 86' lang='lat' dir='ltr'><strong>quod</strong></span> <span class='ocrx_word' id='word_1_141' title='bbox 718 1333 774 1386; x_wconf 92' lang='lat' dir='ltr'><strong>in</strong></span> <span class='ocrx_word' id='word_1_142' title='bbox 805 1329 1087 1389; x_wconf 86' lang='lat' dir='ltr'><strong>Christum</strong></span> <span class='ocrx_word' id='word_1_143' title='bbox 1119 1335 1199 1389; x_wconf 87' lang='lat' dir='ltr'><strong>illi</strong></span> <span class='ocrx_word' id='word_1_144' title='bbox 1233 1334 1601 1401; x_wconf 88' lang='lat' dir='ltr'><strong>admiserunt,</strong></span> <span class='ocrx_word' id='word_1_145' title='bbox 1640 1351 1750 1390; x_wconf 93' lang='lat' dir='ltr'><strong>non</strong></span> <span class='ocrx_word' id='word_1_146' title='bbox 1779 1337 1940 1390; x_wconf 84' lang='lat' dir='ltr'><strong>aliter</strong></span> <span class='ocrx_word' id='word_1_147' title='bbox 1965 1350 2130 1406; x_wconf 87' lang='lat' dir='ltr'><strong>quam</strong></span> <span class='ocrx_word' id='word_1_148' title='bbox 2164 1351 2290 1394; x_wconf 88' lang='lat' dir='ltr'><strong>cum</strong></span> <span class='ocrx_word' id='word_1_149' title='bbox 2329 1340 2566 1397; x_wconf 86' lang='lat' dir='ltr'><strong>istorum</strong></span> <span class='ocrx_word' id='word_1_150' title='bbox 2603 1341 2749 1398; x_wconf 89' lang='lat' dir='ltr'><strong>Deus</strong></span> <span class='ocrx_word' id='word_1_151' title='bbox 2774 1358 2883 1396; x_wconf 87' lang='lat' dir='ltr'><strong>non</strong></span> <span class='ocrx_word' id='word_1_152' title='bbox 2908 1347 3077 1404; x_wconf 85' lang='lat' dir='ltr'><strong>esset,</strong></span> <span class='ocrx_word' id='word_1_153' title='bbox 3100 1336 3332 1409; x_wconf 79' lang='lat' dir='ltr'><strong>neglecti</strong></span> <span class='ocrx_word' id='word_1_154' title='bbox 3360 1341 3528 1392; x_wconf 88' lang='lat' dir='ltr'><strong>sunt.</strong></span> 
     </span>
    </p>
   </div>
   <div class='ocr_carea' id='block_1_21' title="bbox 615 1427 2125 1502">
    <p class='ocr_par' dir='ltr' id='par_1_21' title="bbox 615 1427 2125 1502">
     <span class='ocr_line' id='line_1_21' title="bbox 615 1427 2125 1502; baseline 0.002 -21"><span class='ocrx_word' id='word_1_155' title='bbox 615 1427 694 1481; x_wconf 85' lang='lat' dir='ltr'><strong>Ita</strong></span> <span class='ocrx_word' id='word_1_156' title='bbox 733 1442 864 1482; x_wconf 77' lang='lat' dir='ltr'><strong>vero</strong></span> <span class='ocrx_word' id='word_1_157' title='bbox 902 1427 1070 1484; x_wconf 88' lang='lat' dir='ltr'><strong>verba</strong></span> <span class='ocrx_word' id='word_1_158' title='bbox 1128 1429 1235 1484; x_wconf 84' lang='lat' dir='ltr'><strong>ista</strong></span> <span class='ocrx_word' id='word_1_159' title='bbox 1277 1439 1392 1485; x_wconf 86' lang='lat' dir='ltr'><strong>tota</strong></span> <span class='ocrx_word' id='word_1_160' title='bbox 1433 1431 1833 1500; x_wconf 84' lang='lat' dir='ltr'><strong>interpretatur</strong></span> <span class='ocrx_word' id='word_1_161' title='bbox 1868 1431 2125 1502; x_wconf 80' lang='lat' dir='ltr'><strong>Symma—</strong></span> 
     </span>
    </p>
   </div>
   <div class='ocr_carea' id='block_1_22' title="bbox 544 1515 2130 1590">
    <p class='ocr_par' dir='ltr' id='par_1_22' title="bbox 544 1515 2130 1590">
     <span class='ocr_line' id='line_1_22' title="bbox 544 1515 2130 1590; baseline 0.002 -19"><span class='ocrx_word' id='word_1_162' title='bbox 544 1518 718 1572; x_wconf 87' lang='lat' dir='ltr'><strong>chus:</strong></span> <span class='ocrx_word' id='word_1_163' title='bbox 766 1515 922 1571; x_wconf 81' lang='lat' dir='ltr'><strong>Facti</strong></span> <span class='ocrx_word' id='word_1_164' title='bbox 961 1535 1146 1574; x_wconf 84' lang='lat' dir='ltr'><strong>sumus</strong></span> <span class='ocrx_word' id='word_1_165' title='bbox 1186 1519 1325 1574; x_wconf 84' lang='lat' dir='ltr'><strong>velut</strong></span> <span class='ocrx_word' id='word_1_166' title='bbox 1369 1539 1402 1574; x_wconf 91' lang='lat' dir='ltr'><strong>a</strong></span> <span class='ocrx_word' id='word_1_167' title='bbox 1441 1520 1682 1584; x_wconf 65' lang='lat' dir='ltr'><strong>sarculo;</strong></span> <span class='ocrx_word' id='word_1_168' title='bbox 1737 1536 1965 1590; x_wconf 80' lang='lat' dir='ltr'><strong>quorum</strong></span> <span class='ocrx_word' id='word_1_169' title='bbox 2023 1537 2130 1574; x_wconf 87' lang='lat' dir='ltr'><strong>non</strong></span> 
     </span>
    </p>
   </div>
   <div class='ocr_carea' id='block_1_23' title="bbox 544 1609 2129 1680">
    <p class='ocr_par' dir='ltr' id='par_1_23' title="bbox 544 1609 2129 1680">
     <span class='ocr_line' id='line_1_23' title="bbox 544 1609 2129 1680; baseline 0.002 -18"><span class='ocrx_word' id='word_1_170' title='bbox 544 1609 932 1666; x_wconf 86' lang='lat' dir='ltr'><strong>dominabcris.</strong></span> <span class='ocrx_word' id='word_1_171' title='bbox 987 1610 1172 1680; x_wconf 78' lang='lat' dir='ltr'><strong>Neque</strong></span> <span class='ocrx_word' id='word_1_172' title='bbox 1195 1614 1496 1666; x_wconf 87' lang='lat' dir='ltr'><strong>invocatum</strong></span> <span class='ocrx_word' id='word_1_173' title='bbox 1536 1623 1614 1666; x_wconf 88' lang='lat' dir='ltr'><strong>est</strong></span> <span class='ocrx_word' id='word_1_174' title='bbox 1648 1628 1834 1666; x_wconf 83' lang='lat' dir='ltr'><strong>nomen</strong></span> <span class='ocrx_word' id='word_1_175' title='bbox 1857 1623 2004 1665; x_wconf 87' lang='lat' dir='ltr'><strong>tuum</strong></span> <span class='ocrx_word' id='word_1_176' title='bbox 2030 1612 2129 1676; x_wconf 77' lang='lat' dir='ltr'><strong>eis,</strong></span> 
     </span>
    </p>
   </div>
   <div class='ocr_carea' id='block_1_24' title="bbox 543 1704 2131 1776">
    <p class='ocr_par' dir='ltr' id='par_1_24' title="bbox 543 1704 2131 1776">
     <span class='ocr_line' id='line_1_24' title="bbox 543 1704 2131 1776; baseline 0 -16"><span class='ocrx_word' id='word_1_177' title='bbox 543 1721 708 1776; x_wconf 84' lang='lat' dir='ltr'><strong>neque</strong></span> <span class='ocrx_word' id='word_1_178' title='bbox 759 1707 929 1774; x_wconf 81' lang='lat' dir='ltr'><strong>ruptis</strong></span> <span class='ocrx_word' id='word_1_179' title='bbox 978 1708 1124 1761; x_wconf 70' lang='lat' dir='ltr'><strong>cretis</strong></span> <span class='ocrx_word' id='word_1_180' title='bbox 1160 1706 1482 1761; x_wconf 77' lang='lat' dir='ltr'><strong>descendisti</strong></span> <span class='ocrx_word' id='word_1_181' title='bbox 1519 1724 1551 1760; x_wconf 92' lang='lat' dir='ltr'><strong>a</strong></span> <span class='ocrx_word' id='word_1_182' title='bbox 1577 1705 1714 1775; x_wconf 79' lang='lat' dir='ltr'><strong>facie</strong></span> <span class='ocrx_word' id='word_1_183' title='bbox 1757 1716 1871 1760; x_wconf 87' lang='lat' dir='ltr'><strong>tua.</strong></span> <span class='ocrx_word' id='word_1_184' title='bbox 1922 1704 2131 1760; x_wconf 82' lang='lat' dir='ltr'><strong>Montes</strong></span> 
     </span>
    </p>
   </div>
   <div class='ocr_carea' id='block_1_25' title="bbox 544 1799 2128 1871">
    <p class='ocr_par' dir='ltr' id='par_1_25' title="bbox 544 1799 2128 1871">
     <span class='ocr_line' id='line_1_25' title="bbox 544 1799 2128 1871; baseline 0.003 -19"><span class='ocrx_word' id='word_1_185' title='bbox 544 1800 817 1867; x_wconf 79' lang='lat' dir='ltr'><strong>ﬂuxerunt</strong></span> <span class='ocrx_word' id='word_1_186' title='bbox 875 1809 1128 1868; x_wconf 83' lang='lat' dir='ltr'><strong>tanquam</strong></span> <span class='ocrx_word' id='word_1_187' title='bbox 1179 1801 1472 1854; x_wconf 78' lang='lat' dir='ltr'><strong>combustio</strong></span> <span class='ocrx_word' id='word_1_188' title='bbox 1511 1801 1668 1871; x_wconf 85' lang='lat' dir='ltr'><strong>ignis.</strong></span> <span class='ocrx_word' id='word_1_189' title='bbox 1726 1799 1924 1853; x_wconf 79' lang='lat' dir='ltr'><strong>Tabuit</strong></span> <span class='ocrx_word' id='word_1_190' title='bbox 1963 1815 2128 1856; x_wconf 81' lang='lat' dir='ltr'><strong>mare.</strong></span> 
     </span>
    </p>
   </div>
   <div class='ocr_carea' id='block_1_26' title="bbox 2316 1422 3847 1507">
    <p class='ocr_par' dir='ltr' id='par_1_26' title="bbox 2316 1422 3847 1507">
     <span class='ocr_line' id='line_1_26' title="bbox 2316 1422 3847 1507; baseline -0.012 -18"><span class='ocrx_word' id='word_1_191' title='bbox 2316 1435 2376 1489; x_wconf 86' lang='grc' dir='ltr'>Ὀ</span> <span class='ocrx_word' id='word_1_192' title='bbox 2417 1435 2476 1491; x_wconf 73' lang='grc' dir='ltr'><strong>δὲ</strong></span> <span class='ocrx_word' id='word_1_193' title='bbox 2523 1435 2824 1507; x_wconf 83' lang='grc' dir='ltr'><strong>Σύμμαχος</strong></span> <span class='ocrx_word' id='word_1_194' title='bbox 2864 1433 2964 1504; x_wconf 82' lang='grc' dir='ltr'><strong>τὴν</strong></span> <span class='ocrx_word' id='word_1_195' title='bbox 2994 1433 3123 1504; x_wconf 83' lang='grc' dir='ltr'><strong>ὃλην</strong></span> <span class='ocrx_word' id='word_1_196' title='bbox 3153 1431 3328 1493; x_wconf 73' lang='grc' dir='ltr'><strong>οὕτως</strong></span> <span class='ocrx_word' id='word_1_197' title='bbox 3350 1426 3612 1492; x_wconf 82' lang='grc' dir='ltr'><strong>ἐξέδωκε</strong></span> <span class='ocrx_word' id='word_1_198' title='bbox 3650 1422 3847 1492; x_wconf 76' lang='grc' dir='ltr'><strong>ῥῆσιν·</strong></span> 
     </span>
    </p>
   </div>
   <div class='ocr_carea' id='block_1_27' title="bbox 2246 1512 3850 1598">
    <p class='ocr_par' dir='ltr' id='par_1_27' title="bbox 2246 1512 3850 1598">
     <span class='ocr_line' id='line_1_27' title="bbox 2246 1512 3850 1598; baseline -0.006 -16"><span class='ocrx_word' id='word_1_199' title='bbox 2246 1527 2645 1598; x_wconf 77' lang='grc' dir='ltr'><strong>Ἐγενήθημεν</strong></span> <span class='ocrx_word' id='word_1_200' title='bbox 2671 1527 2751 1593; x_wconf 87' lang='grc' dir='ltr'><strong>ὡς</strong></span> <span class='ocrx_word' id='word_1_201' title='bbox 2776 1525 2879 1581; x_wconf 80' lang='grc' dir='ltr'><strong>ἀπ’</strong></span> <span class='ocrx_word' id='word_1_202' title='bbox 2902 1525 3138 1591; x_wconf 74' lang='grc' dir='ltr'><strong>αἰῶνος,</strong></span> <span class='ocrx_word' id='word_1_203' title='bbox 3160 1515 3246 1577; x_wconf 82' lang='grc' dir='ltr'><strong>ὧν</strong></span> <span class='ocrx_word' id='word_1_204' title='bbox 3275 1523 3386 1576; x_wconf 80' lang='grc' dir='ltr'><strong>οὐκ</strong></span> <span class='ocrx_word' id='word_1_205' title='bbox 3412 1512 3850 1583; x_wconf 75' lang='grc' dir='ltr'><strong>ἐξουσιάσεις.</strong></span> 
     </span>
    </p>
   </div>
   <div class='ocr_carea' id='block_1_28' title="bbox 2235 1607 3849 1688">
    <p class='ocr_par' dir='ltr' id='par_1_28' title="bbox 2235 1607 3849 1688">
     <span class='ocr_line' id='line_1_28' title="bbox 2235 1607 3849 1688; baseline -0.011 -12"><span class='ocrx_word' id='word_1_206' title='bbox 2235 1619 2378 1676; x_wconf 83' lang='grc' dir='ltr'><strong>οὐδὲ</strong></span> <span class='ocrx_word' id='word_1_207' title='bbox 2427 1620 2732 1687; x_wconf 76' lang='grc' dir='ltr'><strong>ἐπεκλήθη</strong></span> <span class='ocrx_word' id='word_1_208' title='bbox 2767 1618 2834 1672; x_wconf 89' lang='grc' dir='ltr'><strong>τὸ</strong></span> <span class='ocrx_word' id='word_1_209' title='bbox 2864 1617 3057 1688; x_wconf 80' lang='grc' dir='ltr'><strong>ὄνομά</strong></span> <span class='ocrx_word' id='word_1_210' title='bbox 3111 1633 3230 1672; x_wconf 87' lang='grc' dir='ltr'><strong>σου</strong></span> <span class='ocrx_word' id='word_1_211' title='bbox 3269 1612 3482 1678; x_wconf 82' lang='grc' dir='ltr'><strong>αὐτοῖς</strong></span> <span class='ocrx_word' id='word_1_212' title='bbox 3507 1651 3523 1674; x_wconf 90' lang='grc'><strong>,</strong></span> <span class='ocrx_word' id='word_1_213' title='bbox 3559 1607 3715 1663; x_wconf 81' lang='grc' dir='ltr'><strong>οὐδὲ</strong></span> <span class='ocrx_word' id='word_1_214' title='bbox 3740 1607 3849 1675; x_wconf 79' lang='grc' dir='ltr'><strong>ῥή-</strong></span> 
     </span>
    </p>
   </div>
   <div class='ocr_carea' id='block_1_29' title="bbox 2237 1701 3849 1780">
    <p class='ocr_par' dir='ltr' id='par_1_29' title="bbox 2237 1701 3849 1780">
     <span class='ocr_line' id='line_1_29' title="bbox 2237 1701 3849 1780; baseline -0.012 -11"><span class='ocrx_word' id='word_1_215' title='bbox 2237 1712 2350 1779; x_wconf 80' lang='grc' dir='ltr'><strong>ξας</strong></span> <span class='ocrx_word' id='word_1_216' title='bbox 2385 1712 2682 1780; x_wconf 81' lang='grc' dir='ltr'><strong>οὐρανοὺς</strong></span> <span class='ocrx_word' id='word_1_217' title='bbox 2710 1711 2966 1777; x_wconf 81' lang='grc' dir='ltr'><strong>κατέϐης</strong></span> <span class='ocrx_word' id='word_1_218' title='bbox 3004 1708 3124 1764; x_wconf 83' lang='grc' dir='ltr'><strong>ἀπὸ</strong></span> <span class='ocrx_word' id='word_1_219' title='bbox 3169 1704 3508 1775; x_wconf 80' lang='grc' dir='ltr'><strong>προσώπου</strong></span> <span class='ocrx_word' id='word_1_220' title='bbox 3545 1701 3849 1766; x_wconf 84' lang='grc' dir='ltr'><strong>σου.Ὄρη</strong></span> 
     </span>
    </p>
   </div>
   <div class='ocr_carea' id='block_1_30' title="bbox 2237 1791 3850 1874">
    <p class='ocr_par' dir='ltr' id='par_1_30' title="bbox 2237 1791 3850 1874">
     <span class='ocr_line' id='line_1_30' title="bbox 2237 1791 3850 1874; baseline -0.01 -14"><span class='ocrx_word' id='word_1_221' title='bbox 2237 1804 2637 1874; x_wconf 80' lang='grc' dir='ltr'><strong>κατέρῤευσεν</strong></span> <span class='ocrx_word' id='word_1_222' title='bbox 2665 1805 2747 1870; x_wconf 86' lang='grc' dir='ltr'><strong>ὠς</strong></span> <span class='ocrx_word' id='word_1_223' title='bbox 2773 1804 3067 1868; x_wconf 76' lang='grc' dir='ltr'><strong>ἕκκαυσις</strong></span> <span class='ocrx_word' id='word_1_224' title='bbox 3100 1796 3562 1868; x_wconf 80' lang='grc' dir='ltr'><strong>πυρός.Ἐτάκη</strong></span> <span class='ocrx_word' id='word_1_225' title='bbox 3621 1791 3850 1849; x_wconf 74' lang='grc' dir='ltr'><strong>θάλασ-</strong></span> 
     </span>
    </p>
   </div>
   <div class='ocr_carea' id='block_1_31' title="bbox 548 1860 2150 1964">
    <p class='ocr_par' dir='ltr' id='par_1_31' title="bbox 548 1892 2130 1963">
     <span class='ocr_line' id='line_1_31' title="bbox 548 1892 2130 1963; baseline 0 -16"><span class='ocrx_word' id='word_1_226' title='bbox 548 1894 714 1963; x_wconf 79' lang='lat' dir='ltr'><strong>Aqua:</strong></span> <span class='ocrx_word' id='word_1_227' title='bbox 743 1893 942 1946; x_wconf 80' lang='lat' dir='ltr'><strong>territa:</strong></span> <span class='ocrx_word' id='word_1_228' title='bbox 965 1903 1108 1948; x_wconf 87' lang='lat' dir='ltr'><strong>sunt.</strong></span> <span class='ocrx_word' id='word_1_229' title='bbox 1136 1892 1300 1949; x_wconf 86' lang='lat' dir='ltr'><strong>&#39;l&#39;alcs</strong></span> <span class='ocrx_word' id='word_1_230' title='bbox 1330 1896 1499 1957; x_wconf 91' lang='lat' dir='ltr'><strong>cnim,</strong></span> <span class='ocrx_word' id='word_1_231' title='bbox 1539 1894 1738 1963; x_wconf 85' lang='lat' dir='ltr'><strong>inquit,</strong></span> <span class='ocrx_word' id='word_1_232' title='bbox 1772 1894 1905 1962; x_wconf 85' lang='lat' dir='ltr'><strong>facti</strong></span> <span class='ocrx_word' id='word_1_233' title='bbox 1925 1910 2130 1958; x_wconf 79' lang='lat' dir='ltr'><strong>sumus,</strong></span> 
     </span>
    </p>
   </div>
   <div class='ocr_carea' id='block_1_32' title="bbox 2255 1860 3852 1964">
    <p class='ocr_par' dir='ltr' id='par_1_32' title="bbox 2255 1860 3852 1964">
     <span class='ocr_line' id='line_1_32' title="bbox 2255 1860 3852 1964; baseline -0.004 -14"><span class='ocrx_word' id='word_1_234' title='bbox 2255 1860 2317 1954; x_wconf 71' lang='grc' dir='ltr'><strong>γα</strong></span> <span class='ocrx_word' id='word_1_235' title='bbox 2333 1914 2347 1929; x_wconf 84' lang='lat'><strong><em>°</em></strong></span> <span class='ocrx_word' id='word_1_236' title='bbox 2372 1860 2570 1953; x_wconf 36' lang='lat' dir='ltr'><strong>ili-6am</strong></span> <span class='ocrx_word' id='word_1_237' title='bbox 2593 1860 3000 1964; x_wconf 74' lang='grc' dir='ltr'><strong>ἐπτοήθησαν.</strong></span> <span class='ocrx_word' id='word_1_238' title='bbox 3023 1860 3282 1948; x_wconf 37' lang='grc' dir='ltr'><strong>’ἐοιοῦντοι</strong></span> <span class='ocrx_word' id='word_1_239' title='bbox 3298 1891 3431 1960; x_wconf 73' lang='grc' dir='ltr'><strong>γὰρ,</strong></span> <span class='ocrx_word' id='word_1_240' title='bbox 3470 1860 3652 1958; x_wconf 68' lang='grc' dir='ltr'><strong>φησι.</strong></span> <span class='ocrx_word' id='word_1_241' title='bbox 3689 1884 3852 1952; x_wconf 78' lang='grc' dir='ltr'><strong>τετό-</strong></span> 
     </span>
    </p>
   </div>
   <div class='ocr_carea' id='block_1_33' title="bbox 548 1987 2130 2058">
    <p class='ocr_par' dir='ltr' id='par_1_33' title="bbox 548 1987 2130 2058">
     <span class='ocr_line' id='line_1_33' title="bbox 548 1987 2130 2058; baseline 0.001 -19"><span class='ocrx_word' id='word_1_242' title='bbox 548 2001 610 2040; x_wconf 87' lang='lat' dir='ltr'><strong>ac</strong></span> <span class='ocrx_word' id='word_1_243' title='bbox 635 1987 681 2041; x_wconf 89' lang='lat' dir='ltr'><strong>si</strong></span> <span class='ocrx_word' id='word_1_244' title='bbox 704 2002 767 2042; x_wconf 89' lang='lat' dir='ltr'><strong>ea</strong></span> <span class='ocrx_word' id='word_1_245' title='bbox 803 2002 1110 2057; x_wconf 89' lang='lat' dir='ltr'><strong>nunquam,</strong></span> <span class='ocrx_word' id='word_1_246' title='bbox 1142 2004 1264 2058; x_wconf 66' lang='lat' dir='ltr'><strong>quae</strong></span> <span class='ocrx_word' id='word_1_247' title='bbox 1300 2002 1329 2041; x_wconf 93' lang='lat' dir='ltr'><strong>a</strong></span> <span class='ocrx_word' id='word_1_248' title='bbox 1367 1997 1418 2042; x_wconf 89' lang='lat' dir='ltr'><strong>te</strong></span> <span class='ocrx_word' id='word_1_249' title='bbox 1449 2004 1544 2058; x_wconf 75' lang='lat' dir='ltr'><strong>per</strong></span> <span class='ocrx_word' id='word_1_250' title='bbox 1573 1987 1759 2043; x_wconf 77' lang='lat' dir='ltr'><strong>Mosen</strong></span> <span class='ocrx_word' id='word_1_251' title='bbox 1800 1988 1942 2042; x_wconf 82' lang='lat' dir='ltr'><strong>facta</strong></span> <span class='ocrx_word' id='word_1_252' title='bbox 1979 1997 2130 2049; x_wconf 90' lang='lat' dir='ltr'><strong>sunt,</strong></span> 
     </span>
    </p>
   </div>
   <div class='ocr_carea' id='block_1_34' title="bbox 547 2079 2132 2151">
    <p class='ocr_par' dir='ltr' id='par_1_34' title="bbox 547 2079 2132 2151">
     <span class='ocr_line' id='line_1_34' title="bbox 547 2079 2132 2151; baseline 0.001 -20"><span class='ocrx_word' id='word_1_253' title='bbox 547 2079 788 2147; x_wconf 84' lang='lat' dir='ltr'><strong>experiri</strong></span> <span class='ocrx_word' id='word_1_254' title='bbox 844 2095 946 2133; x_wconf 87' lang='lat' dir='ltr'><strong>nos</strong></span> <span class='ocrx_word' id='word_1_255' title='bbox 978 2080 1246 2134; x_wconf 88' lang='lat' dir='ltr'><strong>miracula</strong></span> <span class='ocrx_word' id='word_1_256' title='bbox 1278 2080 1623 2151; x_wconf 79' lang='lat' dir='ltr'><strong>contigisset.</strong></span> <span class='ocrx_word' id='word_1_257' title='bbox 1657 2080 1748 2134; x_wconf 91' lang='lat' dir='ltr'><strong>Sic</strong></span> <span class='ocrx_word' id='word_1_258' title='bbox 1783 2089 1964 2134; x_wconf 86' lang='lat' dir='ltr'><strong>autem</strong></span> <span class='ocrx_word' id='word_1_259' title='bbox 1990 2080 2132 2150; x_wconf 79' lang='lat' dir='ltr'><strong>apud</strong></span> 
     </span>
    </p>
   </div>
   <div class='ocr_carea' id='block_1_35' title="bbox 550 2171 2138 2242">
    <p class='ocr_par' dir='ltr' id='par_1_35' title="bbox 550 2171 2138 2242">
     <span class='ocr_line' id='line_1_35' title="bbox 550 2171 2138 2242; baseline 0.001 -18"><span class='ocrx_word' id='word_1_260' title='bbox 550 2171 880 2240; x_wconf 86' lang='lat' dir='ltr'><strong>interpretes</strong></span> <span class='ocrx_word' id='word_1_261' title='bbox 907 2171 1266 2242; x_wconf 76' lang='lat' dir='ltr'><strong>Septuaginta</strong></span> <span class='ocrx_word' id='word_1_262' title='bbox 1303 2174 1580 2242; x_wconf 78' lang='lat' dir='ltr'><strong>reperias:</strong></span> <span class='ocrx_word' id='word_1_263' title='bbox 1622 2171 1781 2226; x_wconf 85' lang='lat' dir='ltr'><strong>Facti</strong></span> <span class='ocrx_word' id='word_1_264' title='bbox 1803 2188 1988 2226; x_wconf 85' lang='lat' dir='ltr'><strong>sumus</strong></span> <span class='ocrx_word' id='word_1_265' title='bbox 2015 2182 2138 2226; x_wconf 81' lang='lat' dir='ltr'><strong>tan-</strong></span> 
     </span>
    </p>
   </div>
   <div class='ocr_carea' id='block_1_36' title="bbox 550 2264 2140 2337">
    <p class='ocr_par' dir='ltr' id='par_1_36' title="bbox 550 2264 2140 2337">
     <span class='ocr_line' id='line_1_36' title="bbox 550 2264 2140 2337; baseline 0.001 -20"><span class='ocrx_word' id='word_1_266' title='bbox 550 2280 711 2332; x_wconf 87' lang='lat' dir='ltr'><strong>quam</strong></span> <span class='ocrx_word' id='word_1_267' title='bbox 745 2264 810 2316; x_wconf 90' lang='lat' dir='ltr'><strong>ab</strong></span> <span class='ocrx_word' id='word_1_268' title='bbox 836 2265 1010 2318; x_wconf 86' lang='lat' dir='ltr'><strong>initio.</strong></span> <span class='ocrx_word' id='word_1_269' title='bbox 1059 2264 1259 2319; x_wconf 85' lang='lat' dir='ltr'><strong>Verum</strong></span> <span class='ocrx_word' id='word_1_270' title='bbox 1330 2282 1439 2320; x_wconf 89' lang='lat' dir='ltr'><strong>non</strong></span> <span class='ocrx_word' id='word_1_271' title='bbox 1491 2266 1835 2337; x_wconf 84' lang='lat' dir='ltr'><strong>ignoramus,</strong></span> <span class='ocrx_word' id='word_1_272' title='bbox 1870 2268 1918 2320; x_wconf 89' lang='lat' dir='ltr'><strong>si</strong></span> <span class='ocrx_word' id='word_1_273' title='bbox 1950 2266 2140 2320; x_wconf 78' lang='lat' dir='ltr'><strong>cwlum</strong></span> 
     </span>
    </p>
   </div>
   <div class='ocr_carea' id='block_1_37' title="bbox 557 2355 2140 2426">
    <p class='ocr_par' dir='ltr' id='par_1_37' title="bbox 557 2355 2140 2426">
     <span class='ocr_line' id='line_1_37' title="bbox 557 2355 2140 2426; baseline 0.001 -17"><span class='ocrx_word' id='word_1_274' title='bbox 557 2357 761 2424; x_wconf 79' lang='lat' dir='ltr'><strong>aperire</strong></span> <span class='ocrx_word' id='word_1_275' title='bbox 813 2364 1052 2421; x_wconf 75' lang='lat' dir='ltr'><strong>statuas,</strong></span> <span class='ocrx_word' id='word_1_276' title='bbox 1121 2367 1379 2426; x_wconf 86' lang='lat' dir='ltr'><strong>tanquam</strong></span> <span class='ocrx_word' id='word_1_277' title='bbox 1437 2355 1604 2421; x_wconf 87' lang='lat' dir='ltr'><strong>Dens,</strong></span> <span class='ocrx_word' id='word_1_278' title='bbox 1662 2368 1941 2411; x_wconf 82' lang='lat' dir='ltr'><strong>tremorem</strong></span> <span class='ocrx_word' id='word_1_279' title='bbox 1995 2373 2028 2410; x_wconf 91' lang='lat' dir='ltr'><strong>a</strong></span> <span class='ocrx_word' id='word_1_280' title='bbox 2093 2365 2140 2410; x_wconf 85' lang='lat' dir='ltr'><strong>te</strong></span> 
     </span>
    </p>
   </div>
   <div class='ocr_carea' id='block_1_38' title="bbox 556 2449 2140 2521">
    <p class='ocr_par' dir='ltr' id='par_1_38' title="bbox 556 2449 2140 2521">
     <span class='ocr_line' id='line_1_38' title="bbox 556 2449 2140 2521; baseline 0.002 -18"><span class='ocrx_word' id='word_1_281' title='bbox 556 2459 762 2504; x_wconf 80' lang='lat' dir='ltr'><strong>montes</strong></span> <span class='ocrx_word' id='word_1_282' title='bbox 793 2449 964 2521; x_wconf 87' lang='lat' dir='ltr'><strong>ipsos,</strong></span> <span class='ocrx_word' id='word_1_283' title='bbox 995 2450 1048 2504; x_wconf 90' lang='lat' dir='ltr'><strong>id</strong></span> <span class='ocrx_word' id='word_1_284' title='bbox 1083 2461 1166 2505; x_wconf 88' lang='lat' dir='ltr'><strong>est</strong></span> <span class='ocrx_word' id='word_1_285' title='bbox 1199 2450 1551 2504; x_wconf 81' lang='lat' dir='ltr'><strong>adversarias</strong></span> <span class='ocrx_word' id='word_1_286' title='bbox 1581 2459 1904 2521; x_wconf 71' lang='lat' dir='ltr'><strong>p0testates,</strong></span> <span class='ocrx_word' id='word_1_287' title='bbox 1935 2465 2055 2521; x_wconf 70' lang='lat' dir='ltr'><strong>ane</strong></span> <span class='ocrx_word' id='word_1_288' title='bbox 2080 2466 2140 2506; x_wconf 81' lang='lat' dir='ltr'><strong>se</strong></span> 
     </span>
    </p>
   </div>
   <div class='ocr_carea' id='block_1_39' title="bbox 488 2540 2138 2615">
    <p class='ocr_par' dir='ltr' id='par_1_39' title="bbox 488 2540 2138 2615">
     <span class='ocr_line' id='line_1_39' title="bbox 488 2540 2138 2615; baseline -0.001 -20"><span class='ocrx_word' id='word_1_289' title='bbox 488 2605 500 2615; x_wconf 86' lang='lat'><em>_</em></span> <span class='ocrx_word' id='word_1_290' title='bbox 556 2540 819 2597; x_wconf 82' lang='lat' dir='ltr'><strong>adversus</strong></span> <span class='ocrx_word' id='word_1_291' title='bbox 853 2541 930 2595; x_wconf 90' lang='lat' dir='ltr'><strong>tui</strong></span> <span class='ocrx_word' id='word_1_292' title='bbox 957 2541 1206 2596; x_wconf 83' lang='lat' dir='ltr'><strong>notitiam</strong></span> <span class='ocrx_word' id='word_1_293' title='bbox 1238 2542 2138 2611; x_wconf 79' lang='lat' dir='ltr'><strong>attollunt,esseapprehensurum;</strong></span> 
     </span>
    </p>
   </div>
   <div class='ocr_carea' id='block_1_40' title="bbox 557 2630 2141 2706">
    <p class='ocr_par' dir='ltr' id='par_1_40' title="bbox 557 2630 2141 2706">
     <span class='ocr_line' id='line_1_40' title="bbox 557 2630 2141 2706; baseline 0.002 -19"><span class='ocrx_word' id='word_1_294' title='bbox 557 2630 747 2688; x_wconf 81' lang='lat' dir='ltr'><strong>Gentes</strong></span> <span class='ocrx_word' id='word_1_295' title='bbox 777 2644 985 2696; x_wconf 87' lang='lat' dir='ltr'><strong>autem,</strong></span> <span class='ocrx_word' id='word_1_296' title='bbox 1014 2651 1046 2690; x_wconf 89' lang='lat' dir='ltr'><strong>a</strong></span> <span class='ocrx_word' id='word_1_297' title='bbox 1085 2636 1292 2705; x_wconf 86' lang='lat' dir='ltr'><strong>quibus</strong></span> <span class='ocrx_word' id='word_1_298' title='bbox 1323 2637 1621 2706; x_wconf 85' lang='lat' dir='ltr'><strong>ignoraris,</strong></span> <span class='ocrx_word' id='word_1_299' title='bbox 1657 2652 1781 2693; x_wconf 89' lang='lat' dir='ltr'><strong>esse</strong></span> <span class='ocrx_word' id='word_1_300' title='bbox 1836 2646 1889 2693; x_wconf 90' lang='lat' dir='ltr'><strong>te</strong></span> <span class='ocrx_word' id='word_1_301' title='bbox 1922 2648 2141 2692; x_wconf 81' lang='lat' dir='ltr'><strong>contur-</strong></span> 
     </span>
    </p>
   </div>
   <div class='ocr_carea' id='block_1_41' title="bbox 559 2726 2143 2798">
    <p class='ocr_par' dir='ltr' id='par_1_41' title="bbox 559 2726 2143 2798">
     <span class='ocr_line' id='line_1_41' title="bbox 559 2726 2143 2798; baseline 0.001 -16"><span class='ocrx_word' id='word_1_302' title='bbox 559 2728 830 2782; x_wconf 78' lang='lat' dir='ltr'><strong>batnrnm.</strong></span> <span class='ocrx_word' id='word_1_303' title='bbox 885 2726 981 2780; x_wconf 85' lang='lat' dir='ltr'><strong>Est</strong></span> <span class='ocrx_word' id='word_1_304' title='bbox 1031 2743 1163 2783; x_wconf 84' lang='lat' dir='ltr'><strong>vero</strong></span> <span class='ocrx_word' id='word_1_305' title='bbox 1213 2730 1497 2798; x_wconf 81' lang='lat' dir='ltr'><strong>prophetis</strong></span> <span class='ocrx_word' id='word_1_306' title='bbox 1527 2741 1719 2798; x_wconf 85' lang='lat' dir='ltr'><strong>optare</strong></span> <span class='ocrx_word' id='word_1_307' title='bbox 1759 2731 2046 2792; x_wconf 86' lang='lat' dir='ltr'><strong>usitatum,</strong></span> <span class='ocrx_word' id='word_1_308' title='bbox 2083 2737 2143 2784; x_wconf 92' lang='lat' dir='ltr'><strong>ut</strong></span> 
     </span>
    </p>
   </div>
   <div class='ocr_carea' id='block_1_42' title="bbox 558 2821 2144 2892">
    <p class='ocr_par' dir='ltr' id='par_1_42' title="bbox 558 2821 2144 2892">
     <span class='ocr_line' id='line_1_42' title="bbox 558 2821 2144 2892; baseline 0.004 -19"><span class='ocrx_word' id='word_1_309' title='bbox 558 2837 683 2890; x_wconf 70' lang='lat' dir='ltr'><strong>quae</strong></span> <span class='ocrx_word' id='word_1_310' title='bbox 733 2821 1102 2876; x_wconf 86' lang='lat' dir='ltr'><strong>lsraelitarum</strong></span> <span class='ocrx_word' id='word_1_311' title='bbox 1159 2823 1402 2892; x_wconf 77' lang='lat' dir='ltr'><strong>peccatis</strong></span> <span class='ocrx_word' id='word_1_312' title='bbox 1462 2822 1547 2877; x_wconf 87' lang='lat' dir='ltr'><strong>ira</strong></span> <span class='ocrx_word' id='word_1_313' title='bbox 1591 2822 1857 2888; x_wconf 75' lang='lat' dir='ltr'><strong>debetur,</strong></span> <span class='ocrx_word' id='word_1_314' title='bbox 1903 2821 1960 2876; x_wconf 91' lang='lat' dir='ltr'><strong>in</strong></span> <span class='ocrx_word' id='word_1_315' title='bbox 2006 2823 2144 2879; x_wconf 86' lang='lat' dir='ltr'><strong>alias</strong></span> 
     </span>
    </p>
   </div>
   <div class='ocr_carea' id='block_1_43' title="bbox 556 2913 2141 2988">
    <p class='ocr_par' dir='ltr' id='par_1_43' title="bbox 556 2913 2141 2988">
     <span class='ocr_line' id='line_1_43' title="bbox 556 2913 2141 2988; baseline 0.001 -18"><span class='ocrx_word' id='word_1_316' title='bbox 556 2923 746 2988; x_wconf 73' lang='lat' dir='ltr'><strong>gentes</strong></span> <span class='ocrx_word' id='word_1_317' title='bbox 817 2913 1124 2984; x_wconf 86' lang='lat' dir='ltr'><strong>rejiciatnr.</strong></span> <span class='ocrx_word' id='word_1_318' title='bbox 1198 2914 1458 2987; x_wconf 88' lang='lat' dir='ltr'><strong>Legimus</strong></span> <span class='ocrx_word' id='word_1_319' title='bbox 1518 2917 1664 2972; x_wconf 89' lang='lat' dir='ltr'><strong>enim</strong></span> <span class='ocrx_word' id='word_1_320' title='bbox 1732 2917 1787 2970; x_wconf 89' lang='lat' dir='ltr'><strong>in</strong></span> <span class='ocrx_word' id='word_1_321' title='bbox 1859 2917 2141 2972; x_wconf 86' lang='lat' dir='ltr'><strong>Psalmis:</strong></span> 
     </span>
    </p>
   </div>
   <div class='ocr_carea' id='block_1_44' title="bbox 561 3004 2147 3078">
    <p class='ocr_par' dir='ltr' id='par_1_44' title="bbox 561 3004 2147 3078">
     <span class='ocr_line' id='line_1_44' title="bbox 561 3004 2147 3078; baseline 0.001 -18"><span class='ocrx_word' id='word_1_322' title='bbox 561 3027 582 3060; x_wconf 78' lang='grc' dir='ltr'><strong>ι</strong></span> <span class='ocrx_word' id='word_1_323' title='bbox 630 3004 858 3061; x_wconf 76' lang='grc' dir='ltr'><strong>Είῐιιιιὰθ</strong></span> <span class='ocrx_word' id='word_1_324' title='bbox 891 3005 1027 3060; x_wconf 82' lang='lat' dir='ltr'><strong>iram</strong></span> <span class='ocrx_word' id='word_1_325' title='bbox 1056 3016 1202 3061; x_wconf 89' lang='lat' dir='ltr'><strong>tuam</strong></span> <span class='ocrx_word' id='word_1_326' title='bbox 1231 3007 1283 3061; x_wconf 90' lang='lat' dir='ltr'><strong>in</strong></span> <span class='ocrx_word' id='word_1_327' title='bbox 1319 3016 1531 3078; x_wconf 80' lang='lat' dir='ltr'><strong>gentes,</strong></span> <span class='ocrx_word' id='word_1_328' title='bbox 1565 3024 1688 3077; x_wconf 68' lang='lat' dir='ltr'><strong>qua:</strong></span> <span class='ocrx_word' id='word_1_329' title='bbox 1730 3019 1783 3063; x_wconf 85' lang='lat' dir='ltr'><strong>te</strong></span> <span class='ocrx_word' id='word_1_330' title='bbox 1835 3022 1945 3063; x_wconf 86' lang='lat' dir='ltr'><strong>non</strong></span> <span class='ocrx_word' id='word_1_331' title='bbox 1981 3023 2147 3062; x_wconf 87' lang='lat' dir='ltr'><strong>nove-</strong></span> 
     </span>
    </p>
   </div>
   <div class='ocr_carea' id='block_1_45' title="bbox 557 3101 2144 3171">
    <p class='ocr_par' dir='ltr' id='par_1_45' title="bbox 557 3101 2144 3171">
     <span class='ocr_line' id='line_1_45' title="bbox 557 3101 2144 3171; baseline -0.002 -16"><span class='ocrx_word' id='word_1_332' title='bbox 557 3110 709 3160; x_wconf 84' lang='lat' dir='ltr'><strong>runt.</strong></span> <span class='ocrx_word' id='word_1_333' title='bbox 746 3111 800 3156; x_wconf 89' lang='lat' dir='ltr'><strong>ct</strong></span> <span class='ocrx_word' id='word_1_334' title='bbox 835 3101 888 3155; x_wconf 91' lang='lat' dir='ltr'><strong>in</strong></span> <span class='ocrx_word' id='word_1_335' title='bbox 933 3115 1118 3171; x_wconf 83' lang='lat' dir='ltr'><strong>regna,</strong></span> <span class='ocrx_word' id='word_1_336' title='bbox 1175 3115 1298 3170; x_wconf 71' lang='lat' dir='ltr'><strong>qna:</strong></span> <span class='ocrx_word' id='word_1_337' title='bbox 1348 3116 1547 3155; x_wconf 85' lang='lat' dir='ltr'><strong>nomen</strong></span> <span class='ocrx_word' id='word_1_338' title='bbox 1579 3111 1734 3156; x_wconf 90' lang='lat' dir='ltr'><strong>tuum</strong></span> <span class='ocrx_word' id='word_1_339' title='bbox 1778 3115 1887 3154; x_wconf 91' lang='lat' dir='ltr'><strong>non</strong></span> <span class='ocrx_word' id='word_1_340' title='bbox 1920 3101 2144 3154; x_wconf 80' lang='lat' dir='ltr'><strong>invoca-</strong></span> 
     </span>
    </p>
   </div>
   <div class='ocr_carea' id='block_1_46' title="bbox 556 3183 1174 3249">
    <p class='ocr_par' dir='ltr' id='par_1_46' title="bbox 556 3183 1174 3249">
     <span class='ocr_line' id='line_1_46' title="bbox 556 3183 1174 3249; baseline -0.002 -5"><span class='ocrx_word' id='word_1_341' title='bbox 556 3202 756 3249; x_wconf 82' lang='lat' dir='ltr'><strong>verunt</strong></span> <span class='ocrx_word' id='word_1_342' title='bbox 783 3193 850 3246; x_wconf 68' lang='grc' dir='ltr'><strong>νδ.</strong></span> <span class='ocrx_word' id='word_1_343' title='bbox 888 3214 908 3244; x_wconf 76' lang='grc' dir='ltr'><strong>ι</strong></span> <span class='ocrx_word' id='word_1_344' title='bbox 1170 3183 1174 3188; x_wconf 66' lang='grc'><em>’</em></span> 
     </span>
    </p>
   </div>
   <div class='ocr_carea' id='block_1_47' title="bbox 1165 3291 1541 3347">
    <p class='ocr_par' dir='ltr' id='par_1_47' title="bbox 1165 3291 1541 3347">
     <span class='ocr_line' id='line_1_47' title="bbox 1165 3291 1541 3347; baseline -0.003 0"><span class='ocrx_word' id='word_1_345' title='bbox 1165 3291 1315 3347; x_wconf 75' lang='lat' dir='ltr'><strong>CAP.</strong></span> <span class='ocrx_word' id='word_1_346' title='bbox 1359 3291 1541 3346; x_wconf 74' lang='lat' dir='ltr'><strong>LXIV.</strong></span> 
     </span>
    </p>
   </div>
   <div class='ocr_carea' id='block_1_48' title="bbox 631 3385 2149 3460">
    <p class='ocr_par' dir='ltr' id='par_1_48' title="bbox 631 3385 2149 3460">
     <span class='ocr_line' id='line_1_48' title="bbox 631 3385 2149 3460; baseline -0.002 -20"><span class='ocrx_word' id='word_1_347' title='bbox 631 3385 795 3442; x_wconf 69' lang='lat' dir='ltr'><strong>Vens.</strong></span> <span class='ocrx_word' id='word_1_348' title='bbox 830 3386 982 3440; x_wconf 67' lang='grc'><strong>1-12.</strong></span> <span class='ocrx_word' id='word_1_349' title='bbox 1036 3385 1096 3441; x_wconf 84' lang='lat' dir='ltr'><strong>Si</strong></span> <span class='ocrx_word' id='word_1_350' title='bbox 1151 3389 1395 3460; x_wconf 44' lang='lat' dir='ltr'><strong>aperias.</strong></span> <span class='ocrx_word' id='word_1_351' title='bbox 1434 3386 1660 3449; x_wconf 71' lang='lat' dir='ltr'><strong>cretum,</strong></span> <span class='ocrx_word' id='word_1_352' title='bbox 1713 3395 1912 3439; x_wconf 88' lang='lat' dir='ltr'><strong>tremor</strong></span> <span class='ocrx_word' id='word_1_353' title='bbox 1963 3399 2149 3453; x_wconf 79' lang='lat' dir='ltr'><strong>appre-</strong></span> 
     </span>
    </p>
   </div>
   <div class='ocr_carea' id='block_1_49' title="bbox 559 3477 2149 3547">
    <p class='ocr_par' dir='ltr' id='par_1_49' title="bbox 559 3477 2149 3547">
     <span class='ocr_line' id='line_1_49' title="bbox 559 3477 2149 3547; baseline -0.001 -15"><span class='ocrx_word' id='word_1_354' title='bbox 559 3478 748 3534; x_wconf 76' lang='lat' dir='ltr'><strong>ltendet</strong></span> <span class='ocrx_word' id='word_1_355' title='bbox 777 3495 842 3533; x_wconf 74' lang='lat' dir='ltr'><strong>ea:</strong></span> <span class='ocrx_word' id='word_1_356' title='bbox 866 3488 912 3533; x_wconf 90' lang='lat' dir='ltr'><strong>te</strong></span> <span class='ocrx_word' id='word_1_357' title='bbox 937 3489 1165 3542; x_wconf 84' lang='lat' dir='ltr'><strong>montes,</strong></span> <span class='ocrx_word' id='word_1_358' title='bbox 1192 3488 1240 3532; x_wconf 86' lang='lat' dir='ltr'><strong>et</strong></span> <span class='ocrx_word' id='word_1_359' title='bbox 1267 3479 1575 3547; x_wconf 67' lang='lat' dir='ltr'><strong>liquescant,</strong></span> <span class='ocrx_word' id='word_1_360' title='bbox 1604 3479 1742 3532; x_wconf 85' lang='lat' dir='ltr'><strong>sicut</strong></span> <span class='ocrx_word' id='word_1_361' title='bbox 1778 3494 1899 3531; x_wconf 85' lang='lat' dir='ltr'><strong>cera</strong></span> <span class='ocrx_word' id='word_1_362' title='bbox 1938 3477 2003 3530; x_wconf 85' lang='lat' dir='ltr'><strong>ab</strong></span> <span class='ocrx_word' id='word_1_363' title='bbox 2033 3479 2149 3547; x_wconf 84' lang='lat' dir='ltr'><strong>igne</strong></span> 
     </span>
    </p>
   </div>
   <div class='ocr_carea' id='block_1_50' title="bbox 563 3567 2150 3639">
    <p class='ocr_par' dir='ltr' id='par_1_50' title="bbox 563 3567 2150 3639">
     <span class='ocr_line' id='line_1_50' title="bbox 563 3567 2150 3639; baseline 0.001 -17"><span class='ocrx_word' id='word_1_364' title='bbox 563 3570 824 3639; x_wconf 80' lang='lat' dir='ltr'><strong>liquescit.</strong></span> <span class='ocrx_word' id='word_1_365' title='bbox 858 3567 924 3622; x_wconf 83' lang='lat' dir='ltr'><strong>Et</strong></span> <span class='ocrx_word' id='word_1_366' title='bbox 951 3571 1222 3624; x_wconf 81' lang='lat' dir='ltr'><strong>comburet</strong></span> <span class='ocrx_word' id='word_1_367' title='bbox 1247 3569 1382 3638; x_wconf 84' lang='lat' dir='ltr'><strong>ignis</strong></span> <span class='ocrx_word' id='word_1_368' title='bbox 1410 3570 1746 3624; x_wconf 88' lang='lat' dir='ltr'><strong>adversarios</strong></span> <span class='ocrx_word' id='word_1_369' title='bbox 1778 3585 1798 3622; x_wconf 90' lang='lat'><strong>:</strong></span> <span class='ocrx_word' id='word_1_370' title='bbox 1819 3579 1870 3623; x_wconf 83' lang='lat' dir='ltr'><strong>et</strong></span> <span class='ocrx_word' id='word_1_371' title='bbox 1897 3575 1997 3623; x_wconf 80' lang='lat' dir='ltr'><strong>erit</strong></span> <span class='ocrx_word' id='word_1_372' title='bbox 2029 3586 2150 3623; x_wconf 88' lang='lat' dir='ltr'><strong>ma-</strong></span> 
     </span>
    </p>
   </div>
   <div class='ocr_carea' id='block_1_51' title="bbox 562 3660 1967 3731">
    <p class='ocr_par' dir='ltr' id='par_1_51' title="bbox 562 3660 1967 3731">
     <span class='ocr_line' id='line_1_51' title="bbox 562 3660 1967 3731; baseline 0.001 -16"><span class='ocrx_word' id='word_1_373' title='bbox 562 3661 811 3731; x_wconf 75' lang='lat' dir='ltr'><strong>nifestum</strong></span> <span class='ocrx_word' id='word_1_374' title='bbox 840 3679 1026 3716; x_wconf 86' lang='lat' dir='ltr'><strong>nomen</strong></span> <span class='ocrx_word' id='word_1_375' title='bbox 1054 3660 1274 3717; x_wconf 84' lang='lat' dir='ltr'><strong>Domini</strong></span> <span class='ocrx_word' id='word_1_376' title='bbox 1306 3663 1445 3716; x_wconf 83' lang='lat' dir='ltr'><strong>inter</strong></span> <span class='ocrx_word' id='word_1_377' title='bbox 1477 3663 1834 3726; x_wconf 81' lang='lat' dir='ltr'><strong>adversarios,</strong></span> <span class='ocrx_word' id='word_1_378' title='bbox 1861 3671 1967 3719; x_wconf 81' lang='lat' dir='ltr'><strong>etc.</strong></span> 
     </span>
    </p>
   </div>
   <div class='ocr_carea' id='block_1_52' title="bbox 634 3840 2154 3915">
    <p class='ocr_par' dir='ltr' id='par_1_52' title="bbox 634 3840 2154 3915">
     <span class='ocr_line' id='line_1_52' title="bbox 634 3840 2154 3915; baseline -0.001 -14"><span class='ocrx_word' id='word_1_379' title='bbox 634 3843 796 3915; x_wconf 81' lang='grc'><strong>732</strong></span> <span class='ocrx_word' id='word_1_380' title='bbox 829 3844 893 3898; x_wconf 85' lang='lat' dir='ltr'><strong>Et</strong></span> <span class='ocrx_word' id='word_1_381' title='bbox 917 3858 1063 3896; x_wconf 84' lang='lat' dir='ltr'><strong>nunc</strong></span> <span class='ocrx_word' id='word_1_382' title='bbox 1100 3843 1264 3898; x_wconf 89' lang='lat' dir='ltr'><strong>etiam</strong></span> <span class='ocrx_word' id='word_1_383' title='bbox 1298 3842 1402 3897; x_wconf 87' lang='lat' dir='ltr'><strong>ait:</strong></span> <span class='ocrx_word' id='word_1_384' title='bbox 1433 3840 1492 3898; x_wconf 88' lang='lat' dir='ltr'><strong>Si</strong></span> <span class='ocrx_word' id='word_1_385' title='bbox 1514 3843 1724 3911; x_wconf 82' lang='lat' dir='ltr'><strong>aperias</strong></span> <span class='ocrx_word' id='word_1_386' title='bbox 1755 3844 1944 3898; x_wconf 73' lang='lat' dir='ltr'><strong>caelum</strong></span> <span class='ocrx_word' id='word_1_387' title='bbox 1968 3844 2154 3900; x_wconf 70' lang='lat' dir='ltr'><strong>adire:</strong></span> 
     </span>
    </p>
   </div>
   <div class='ocr_carea' id='block_1_53' title="bbox 565 3933 2182 4004">
    <p class='ocr_par' dir='ltr' id='par_1_53' title="bbox 565 3933 2182 4004">
     <span class='ocr_line' id='line_1_53' title="bbox 565 3933 2182 4004; baseline 0.001 -14"><span class='ocrx_word' id='word_1_388' title='bbox 565 3944 673 3990; x_wconf 77' lang='lat' dir='ltr'><strong>tua:</strong></span> <span class='ocrx_word' id='word_1_389' title='bbox 706 3935 1056 3997; x_wconf 87' lang='lat' dir='ltr'><strong>descensum,</strong></span> <span class='ocrx_word' id='word_1_390' title='bbox 1091 3933 1238 3988; x_wconf 88' lang='lat' dir='ltr'><strong>sicut</strong></span> <span class='ocrx_word' id='word_1_391' title='bbox 1267 3934 1540 3988; x_wconf 83' lang='lat' dir='ltr'><strong>eluvionis</strong></span> <span class='ocrx_word' id='word_1_392' title='bbox 1565 3943 1846 4004; x_wconf 85' lang='lat' dir='ltr'><strong>tempore;</strong></span> <span class='ocrx_word' id='word_1_393' title='bbox 1882 3951 1992 4004; x_wconf 89' lang='lat' dir='ltr'><strong>quo</strong></span> <span class='ocrx_word' id='word_1_394' title='bbox 2022 3937 2148 3992; x_wconf 68' lang='lat' dir='ltr'><strong>coeli</strong></span> <span class='ocrx_word' id='word_1_395' title='bbox 2176 3950 2182 3956; x_wconf 77' lang='lat'><strong><em>‘</em></strong></span> 
     </span>
    </p>
   </div>
   <div class='ocr_carea' id='block_1_54' title="bbox 566 4027 2154 4097">
    <p class='ocr_par' dir='ltr' id='par_1_54' title="bbox 566 4027 2154 4097">
     <span class='ocr_line' id='line_1_54' title="bbox 566 4027 2154 4097; baseline 0.001 -14"><span class='ocrx_word' id='word_1_396' title='bbox 566 4035 870 4085; x_wconf 78' lang='lat' dir='ltr'><strong>cataractas</strong></span> <span class='ocrx_word' id='word_1_397' title='bbox 894 4027 1091 4094; x_wconf 82' lang='lat' dir='ltr'><strong>aperiri</strong></span> <span class='ocrx_word' id='word_1_398' title='bbox 1114 4027 1366 4097; x_wconf 86' lang='lat' dir='ltr'><strong>contigit;</strong></span> <span class='ocrx_word' id='word_1_399' title='bbox 1396 4038 1523 4082; x_wconf 88' lang='lat' dir='ltr'><strong>tunc</strong></span> <span class='ocrx_word' id='word_1_400' title='bbox 1547 4029 1647 4082; x_wconf 85' lang='lat' dir='ltr'><strong>erit</strong></span> <span class='ocrx_word' id='word_1_401' title='bbox 1664 4030 1802 4083; x_wconf 86' lang='lat' dir='ltr'><strong>inter</strong></span> <span class='ocrx_word' id='word_1_402' title='bbox 1817 4032 2154 4086; x_wconf 81' lang='lat' dir='ltr'><strong>adversarios</strong></span> 
     </span>
    </p>
   </div>
   <div class='ocr_carea' id='block_1_55' title="bbox 566 4122 2154 4194">
    <p class='ocr_par' dir='ltr' id='par_1_55' title="bbox 566 4122 2154 4194">
     <span class='ocr_line' id='line_1_55' title="bbox 566 4122 2154 4194; baseline 0.001 -14"><span class='ocrx_word' id='word_1_403' title='bbox 566 4124 910 4194; x_wconf 77' lang='lat' dir='ltr'><strong>manifestum</strong></span> <span class='ocrx_word' id='word_1_404' title='bbox 937 4138 1124 4176; x_wconf 82' lang='lat' dir='ltr'><strong>nomen</strong></span> <span class='ocrx_word' id='word_1_405' title='bbox 1153 4134 1337 4176; x_wconf 86' lang='lat' dir='ltr'><strong>tuum:</strong></span> <span class='ocrx_word' id='word_1_406' title='bbox 1381 4136 1489 4176; x_wconf 89' lang='lat' dir='ltr'><strong>non</strong></span> <span class='ocrx_word' id='word_1_407' title='bbox 1517 4122 1677 4178; x_wconf 89' lang='lat' dir='ltr'><strong>aliter</strong></span> <span class='ocrx_word' id='word_1_408' title='bbox 1703 4139 1892 4193; x_wconf 86' lang='lat' dir='ltr'><strong>quam,</strong></span> <span class='ocrx_word' id='word_1_409' title='bbox 1920 4139 2045 4180; x_wconf 90' lang='lat' dir='ltr'><strong>cum</strong></span> <span class='ocrx_word' id='word_1_410' title='bbox 2072 4137 2154 4181; x_wconf 86' lang='lat' dir='ltr'><strong>est</strong></span> 
     </span>
    </p>
   </div>
   <div class='ocr_carea' id='block_1_56' title="bbox 569 4207 2156 4280">
    <p class='ocr_par' dir='ltr' id='par_1_56' title="bbox 569 4207 2156 4280">
     <span class='ocr_line' id='line_1_56' title="bbox 569 4207 2156 4280; baseline 0 -13"><span class='ocrx_word' id='word_1_411' title='bbox 569 4213 625 4267; x_wconf 90' lang='lat' dir='ltr'><strong>in</strong></span> <span class='ocrx_word' id='word_1_412' title='bbox 657 4210 973 4266; x_wconf 78' lang='lat' dir='ltr'><strong>Sodmnitas</strong></span> <span class='ocrx_word' id='word_1_413' title='bbox 1026 4209 1169 4280; x_wconf 79' lang='lat' dir='ltr'><strong>ignis</strong></span> <span class='ocrx_word' id='word_1_414' title='bbox 1208 4207 1276 4262; x_wconf 88' lang='lat' dir='ltr'><strong>de</strong></span> <span class='ocrx_word' id='word_1_415' title='bbox 1324 4209 1467 4262; x_wconf 87' lang='lat' dir='ltr'><strong>coelo</strong></span> <span class='ocrx_word' id='word_1_416' title='bbox 1497 4209 1810 4266; x_wconf 77' lang='lat' dir='ltr'><strong>demissns:</strong></span> <span class='ocrx_word' id='word_1_417' title='bbox 1857 4226 1982 4267; x_wconf 91' lang='lat' dir='ltr'><strong>cum</strong></span> <span class='ocrx_word' id='word_1_418' title='bbox 2029 4211 2156 4267; x_wconf 87' lang='lat' dir='ltr'><strong>item</strong></span> 
     </span>
    </p>
   </div>
   <div class='ocr_carea' id='block_1_57' title="bbox 570 4301 2157 4376">
    <p class='ocr_par' dir='ltr' id='par_1_57' title="bbox 570 4301 2157 4376">
     <span class='ocr_line' id='line_1_57' title="bbox 570 4301 2157 4376; baseline 0 -18"><span class='ocrx_word' id='word_1_419' title='bbox 570 4305 784 4359; x_wconf 78' lang='lat' dir='ltr'><strong>Pharao</strong></span> <span class='ocrx_word' id='word_1_420' title='bbox 821 4303 997 4376; x_wconf 88' lang='lat' dir='ltr'><strong>plagis</strong></span> <span class='ocrx_word' id='word_1_421' title='bbox 1043 4302 1233 4358; x_wconf 89' lang='lat' dir='ltr'><strong>multis</strong></span> <span class='ocrx_word' id='word_1_422' title='bbox 1273 4301 1534 4372; x_wconf 84' lang='lat' dir='ltr'><strong>acceptis.</strong></span> <span class='ocrx_word' id='word_1_423' title='bbox 1594 4302 1684 4357; x_wconf 81' lang='lat' dir='ltr'><strong>Ira</strong></span> <span class='ocrx_word' id='word_1_424' title='bbox 1719 4303 1906 4374; x_wconf 85' lang='lat' dir='ltr'><strong>igitur,</strong></span> <span class='ocrx_word' id='word_1_425' title='bbox 1955 4305 2157 4376; x_wconf 86' lang='lat' dir='ltr'><strong>inquit,</strong></span> 
     </span>
    </p>
   </div>
   <div class='ocr_carea' id='block_1_58' title="bbox 570 4388 2160 4468">
    <p class='ocr_par' dir='ltr' id='par_1_58' title="bbox 570 4388 2160 4468">
     <span class='ocr_line' id='line_1_58' title="bbox 570 4388 2160 4468; baseline -0.001 -14"><span class='ocrx_word' id='word_1_426' title='bbox 570 4403 624 4455; x_wconf 91' lang='lat' dir='ltr'><strong>in</strong></span> <span class='ocrx_word' id='word_1_427' title='bbox 665 4416 783 4467; x_wconf 89' lang='lat' dir='ltr'><strong>eos,</strong></span> <span class='ocrx_word' id='word_1_428' title='bbox 819 4416 928 4455; x_wconf 87' lang='lat' dir='ltr'><strong>non</strong></span> <span class='ocrx_word' id='word_1_429' title='bbox 959 4399 1249 4455; x_wconf 87' lang='lat' dir='ltr'><strong>adversum</strong></span> <span class='ocrx_word' id='word_1_430' title='bbox 1284 4413 1406 4463; x_wconf 90' lang='lat' dir='ltr'><strong>nos,</strong></span> <span class='ocrx_word' id='word_1_431' title='bbox 1455 4388 1685 4468; x_wconf 82' lang='lat' dir='ltr'><strong>gloriam</strong></span> <span class='ocrx_word' id='word_1_432' title='bbox 1716 4407 1865 4451; x_wconf 90' lang='lat' dir='ltr'><strong>tuam</strong></span> <span class='ocrx_word' id='word_1_433' title='bbox 1927 4397 2160 4452; x_wconf 79' lang='lat' dir='ltr'><strong>demon-</strong></span> 
     </span>
    </p>
   </div>
   <div class='ocr_carea' id='block_1_59' title="bbox 572 4490 2161 4565">
    <p class='ocr_par' dir='ltr' id='par_1_59' title="bbox 572 4490 2161 4565">
     <span class='ocr_line' id='line_1_59' title="bbox 572 4490 2161 4565; baseline -0.005 -13"><span class='ocrx_word' id='word_1_434' title='bbox 572 4505 766 4552; x_wconf 86' lang='lat' dir='ltr'><strong>strato.</strong></span> <span class='ocrx_word' id='word_1_435' title='bbox 794 4494 981 4565; x_wconf 81' lang='lat' dir='ltr'><strong>Neque</strong></span> <span class='ocrx_word' id='word_1_436' title='bbox 1023 4510 1153 4550; x_wconf 87' lang='lat' dir='ltr'><strong>vero</strong></span> <span class='ocrx_word' id='word_1_437' title='bbox 1212 4509 1335 4562; x_wconf 74' lang='lat' dir='ltr'><strong>qum</strong></span> <span class='ocrx_word' id='word_1_438' title='bbox 1369 4493 1477 4547; x_wconf 89' lang='lat' dir='ltr'><strong>hoc</strong></span> <span class='ocrx_word' id='word_1_439' title='bbox 1520 4491 1643 4546; x_wconf 90' lang='lat' dir='ltr'><strong>loco</strong></span> <span class='ocrx_word' id='word_1_440' title='bbox 1699 4491 1980 4553; x_wconf 87' lang='lat' dir='ltr'><strong>dicuntur,</strong></span> <span class='ocrx_word' id='word_1_441' title='bbox 2033 4490 2161 4544; x_wconf 89' lang='lat' dir='ltr'><strong>talia</strong></span> 
     </span>
    </p>
   </div>
   <div class='ocr_carea' id='block_1_60' title="bbox 2233 1977 3848 2064">
    <p class='ocr_par' dir='ltr' id='par_1_60' title="bbox 2233 1977 3848 2064">
     <span class='ocr_line' id='line_1_60' title="bbox 2233 1977 3848 2064; baseline -0.012 -16"><span class='ocrx_word' id='word_1_442' title='bbox 2233 2009 2445 2063; x_wconf 67' lang='grc' dir='ltr'><strong>φαμεν,</strong></span> <span class='ocrx_word' id='word_1_443' title='bbox 2473 1992 2550 2056; x_wconf 79' lang='grc' dir='ltr'><strong>ὡς</strong></span> <span class='ocrx_word' id='word_1_444' title='bbox 2586 1991 2722 2064; x_wconf 82' lang='grc' dir='ltr'><strong>μηδέ</strong></span> <span class='ocrx_word' id='word_1_445' title='bbox 2757 1989 2976 2045; x_wconf 85' lang='grc' dir='ltr'><strong>πώποτε</strong></span> <span class='ocrx_word' id='word_1_446' title='bbox 3007 1989 3115 2042; x_wconf 82' lang='grc' dir='ltr'><strong>τῶν</strong></span> <span class='ocrx_word' id='word_1_447' title='bbox 3158 1985 3267 2040; x_wconf 86' lang='grc' dir='ltr'><strong>σῶν</strong></span> <span class='ocrx_word' id='word_1_448' title='bbox 3307 1979 3690 2053; x_wconf 82' lang='grc' dir='ltr'><strong>πειραθέντες</strong></span> <span class='ocrx_word' id='word_1_449' title='bbox 3724 1977 3848 2031; x_wconf 85' lang='grc' dir='ltr'><strong>θαυ-</strong></span> 
     </span>
    </p>
   </div>
   <div class='ocr_carea' id='block_1_61' title="bbox 2239 2069 3850 2156">
    <p class='ocr_par' dir='ltr' id='par_1_61' title="bbox 2239 2069 3850 2156">
     <span class='ocr_line' id='line_1_61' title="bbox 2239 2069 3850 2156; baseline -0.011 -18"><span class='ocrx_word' id='word_1_450' title='bbox 2239 2084 2447 2156; x_wconf 86' lang='grc' dir='ltr'><strong>μάτων,</strong></span> <span class='ocrx_word' id='word_1_451' title='bbox 2482 2084 2631 2155; x_wconf 81' lang='grc' dir='ltr'><strong>ἆπερ</strong></span> <span class='ocrx_word' id='word_1_452' title='bbox 2684 2080 2894 2147; x_wconf 78' lang='grc' dir='ltr'><strong>ἔδειξας</strong></span> <span class='ocrx_word' id='word_1_453' title='bbox 2945 2079 3041 2134; x_wconf 71' lang='grc' dir='ltr'><strong>ἐπὶ</strong></span> <span class='ocrx_word' id='word_1_454' title='bbox 3083 2077 3349 2140; x_wconf 80' lang='grc' dir='ltr'><strong>Μωσέως.</strong></span> <span class='ocrx_word' id='word_1_455' title='bbox 3391 2072 3568 2128; x_wconf 71' lang='grc' dir='ltr'><strong>Κατὰ</strong></span> <span class='ocrx_word' id='word_1_456' title='bbox 3617 2071 3679 2124; x_wconf 83' lang='grc' dir='ltr'><strong>δέ</strong></span> <span class='ocrx_word' id='word_1_457' title='bbox 3727 2069 3850 2131; x_wconf 71' lang='grc' dir='ltr'><strong>τοὺς</strong></span> 
     </span>
    </p>
   </div>
   <div class='ocr_carea' id='block_1_62' title="bbox 2251 2160 3846 2249">
    <p class='ocr_par' dir='ltr' id='par_1_62' title="bbox 2251 2160 3846 2249">
     <span class='ocr_line' id='line_1_62' title="bbox 2251 2160 3846 2249; baseline -0.009 -18"><span class='ocrx_word' id='word_1_458' title='bbox 2251 2177 2688 2249; x_wconf 76' lang='grc' dir='ltr'><strong>Ἐὃδομήκοντα⁶</strong></span> <span class='ocrx_word' id='word_1_459' title='bbox 2721 2174 3070 2244; x_wconf 80' lang='grc' dir='ltr'><strong>Γεγόναμεν</strong></span> <span class='ocrx_word' id='word_1_460' title='bbox 3104 2171 3185 2238; x_wconf 87' lang='grc' dir='ltr'><strong>ὡς</strong></span> <span class='ocrx_word' id='word_1_461' title='bbox 3229 2169 3296 2224; x_wconf 86' lang='grc' dir='ltr'><strong>τὸ</strong></span> <span class='ocrx_word' id='word_1_462' title='bbox 3330 2162 3657 2236; x_wconf 64' lang='grc' dir='ltr'><strong>ἀπῳχῆς.</strong></span> <span class='ocrx_word' id='word_1_463' title='bbox 3707 2160 3846 2231; x_wconf 78' lang='grc' dir='ltr'><strong>Πλὴν</strong></span> 
     </span>
    </p>
   </div>
   <div class='ocr_carea' id='block_1_63' title="bbox 2241 2251 3846 2340">
    <p class='ocr_par' dir='ltr' id='par_1_63' title="bbox 2241 2251 3846 2340">
     <span class='ocr_line' id='line_1_63' title="bbox 2241 2251 3846 2340; baseline -0.011 -18"><span class='ocrx_word' id='word_1_464' title='bbox 2241 2268 2424 2340; x_wconf 84' lang='grc' dir='ltr'><strong>ῐσμεν,</strong></span> <span class='ocrx_word' id='word_1_465' title='bbox 2455 2267 2531 2332; x_wconf 84' lang='grc' dir='ltr'><strong>ὡς</strong></span> <span class='ocrx_word' id='word_1_466' title='bbox 2587 2267 2682 2321; x_wconf 78' lang='grc' dir='ltr'><strong>ἐὰν</strong></span> <span class='ocrx_word' id='word_1_467' title='bbox 2730 2265 2966 2338; x_wconf 80' lang='grc' dir='ltr'><strong>θελήσῃς</strong></span> <span class='ocrx_word' id='word_1_468' title='bbox 3017 2262 3256 2328; x_wconf 80' lang='grc' dir='ltr'><strong>ἀνοῖξαι</strong></span> <span class='ocrx_word' id='word_1_469' title='bbox 3295 2261 3405 2314; x_wconf 83' lang='grc' dir='ltr'><strong>τὸν</strong></span> <span class='ocrx_word' id='word_1_470' title='bbox 3447 2254 3752 2325; x_wconf 83' lang='grc' dir='ltr'><strong>οὐρανὸν,</strong></span> <span class='ocrx_word' id='word_1_471' title='bbox 3777 2251 3846 2315; x_wconf 81' lang='grc' dir='ltr'><strong>ὡς</strong></span> 
     </span>
    </p>
   </div>
   <div class='ocr_carea' id='block_1_64' title="bbox 2238 2348 3843 2429">
    <p class='ocr_par' dir='ltr' id='par_1_64' title="bbox 2238 2348 3843 2429">
     <span class='ocr_line' id='line_1_64' title="bbox 2238 2348 3843 2429; baseline -0.011 -14"><span class='ocrx_word' id='word_1_472' title='bbox 2238 2360 2407 2429; x_wconf 85' lang='grc' dir='ltr'><strong>Θεὸς,</strong></span> <span class='ocrx_word' id='word_1_473' title='bbox 2440 2360 2656 2429; x_wconf 81' lang='grc' dir='ltr'><strong>τρόμος</strong></span> <span class='ocrx_word' id='word_1_474' title='bbox 2680 2357 2942 2426; x_wconf 68' lang='grc' dir='ltr'><strong>λήψεται</strong></span> <span class='ocrx_word' id='word_1_475' title='bbox 2976 2355 3094 2412; x_wconf 82' lang='grc' dir='ltr'><strong>ἀπὸ</strong></span> <span class='ocrx_word' id='word_1_476' title='bbox 3121 2354 3238 2410; x_wconf 88' lang='grc' dir='ltr'><strong>σοῦ</strong></span> <span class='ocrx_word' id='word_1_477' title='bbox 3267 2353 3403 2422; x_wconf 81' lang='grc' dir='ltr'><strong>ὅρη·</strong></span> <span class='ocrx_word' id='word_1_478' title='bbox 3456 2348 3571 2412; x_wconf 78' lang='grc' dir='ltr'><strong>τὰς</strong></span> <span class='ocrx_word' id='word_1_479' title='bbox 3607 2349 3843 2401; x_wconf 76' lang='grc' dir='ltr'><strong>ἀντικει-</strong></span> 
     </span>
    </p>
   </div>
   <div class='ocr_carea' id='block_1_65' title="bbox 2243 2438 3844 2533">
    <p class='ocr_par' dir='ltr' id='par_1_65' title="bbox 2243 2438 3844 2533">
     <span class='ocr_line' id='line_1_65' title="bbox 2243 2438 3844 2533; baseline -0.011 -25"><span class='ocrx_word' id='word_1_480' title='bbox 2243 2454 2413 2528; x_wconf 86' lang='grc' dir='ltr'><strong>μένας</strong></span> <span class='ocrx_word' id='word_1_481' title='bbox 2454 2451 2699 2524; x_wconf 82' lang='grc' dir='ltr'><strong>δηλονότι</strong></span> <span class='ocrx_word' id='word_1_482' title='bbox 2727 2451 3007 2522; x_wconf 79' lang='grc' dir='ltr'><strong>δυνάμεις,</strong></span> <span class='ocrx_word' id='word_1_483' title='bbox 3039 2448 3140 2512; x_wconf 76' lang='grc' dir='ltr'><strong>τὰς</strong></span> <span class='ocrx_word' id='word_1_484' title='bbox 3167 2445 3548 2533; x_wconf 70' lang='grc' dir='ltr'><strong>ἐπαιρομένας</strong></span> <span class='ocrx_word' id='word_1_485' title='bbox 3579 2439 3728 2494; x_wconf 69' lang='grc' dir='ltr'><strong>κατὰ</strong></span> <span class='ocrx_word' id='word_1_486' title='bbox 3753 2438 3844 2507; x_wconf 82' lang='grc' dir='ltr'><strong>τῆς</strong></span> 
     </span>
    </p>
   </div>
   <div class='ocr_carea' id='block_1_66' title="bbox 2241 2534 3845 2616">
    <p class='ocr_par' dir='ltr' id='par_1_66' title="bbox 2241 2534 3845 2616">
     <span class='ocr_line' id='line_1_66' title="bbox 2241 2534 3845 2616; baseline -0.011 -16"><span class='ocrx_word' id='word_1_487' title='bbox 2241 2545 2497 2616; x_wconf 83' lang='grc' dir='ltr'><strong>γνώσεώς</strong></span> <span class='ocrx_word' id='word_1_488' title='bbox 2529 2561 2644 2600; x_wconf 85' lang='grc' dir='ltr'><strong>σου.</strong></span> <span class='ocrx_word' id='word_1_489' title='bbox 2676 2544 2786 2597; x_wconf 72' lang='grc' dir='ltr'><strong>Καὶ</strong></span> <span class='ocrx_word' id='word_1_490' title='bbox 2819 2543 2892 2598; x_wconf 83' lang='grc' dir='ltr'><strong>τὰ</strong></span> <span class='ocrx_word' id='word_1_491' title='bbox 2919 2542 3064 2610; x_wconf 75' lang='grc' dir='ltr'><strong>ἔθνη</strong></span> <span class='ocrx_word' id='word_1_492' title='bbox 3090 2542 3169 2606; x_wconf 82' lang='grc' dir='ltr'><strong>δὲ,</strong></span> <span class='ocrx_word' id='word_1_493' title='bbox 3199 2538 3268 2594; x_wconf 78' lang='grc' dir='ltr'><strong>τὰ</strong></span> <span class='ocrx_word' id='word_1_494' title='bbox 3302 2538 3377 2609; x_wconf 78' lang='grc' dir='ltr'><strong>μὴ</strong></span> <span class='ocrx_word' id='word_1_495' title='bbox 3412 2534 3611 2589; x_wconf 66' lang='grc' dir='ltr'><strong>εἰδότα</strong></span> <span class='ocrx_word' id='word_1_496' title='bbox 3650 2549 3731 2597; x_wconf 85' lang='grc' dir='ltr'><strong>σε,</strong></span> <span class='ocrx_word' id='word_1_497' title='bbox 3755 2545 3845 2584; x_wconf 78' lang='lat' dir='ltr'><strong>ra-</strong></span> 
     </span>
    </p>
   </div>
   <div class='ocr_carea' id='block_1_67' title="bbox 2237 2623 3844 2711">
    <p class='ocr_par' dir='ltr' id='par_1_67' title="bbox 2237 2623 3844 2711">
     <span class='ocr_line' id='line_1_67' title="bbox 2237 2623 3844 2711; baseline -0.012 -16"><span class='ocrx_word' id='word_1_498' title='bbox 2237 2637 2633 2711; x_wconf 76' lang='grc' dir='ltr'><strong>ράξεις.Ἔθος</strong></span> <span class='ocrx_word' id='word_1_499' title='bbox 2657 2637 2714 2691; x_wconf 81' lang='grc' dir='ltr'><strong>δὲ</strong></span> <span class='ocrx_word' id='word_1_500' title='bbox 2734 2638 2848 2699; x_wconf 86' lang='grc' dir='ltr'><strong>τοῖς</strong></span> <span class='ocrx_word' id='word_1_501' title='bbox 2877 2636 3188 2705; x_wconf 82' lang='grc' dir='ltr'><strong>προφήταις</strong></span> <span class='ocrx_word' id='word_1_502' title='bbox 3216 2631 3316 2704; x_wconf 79' lang='grc' dir='ltr'><strong>τὴν</strong></span> <span class='ocrx_word' id='word_1_503' title='bbox 3338 2629 3488 2684; x_wconf 73' lang='grc' dir='ltr'><strong>κατὰ</strong></span> <span class='ocrx_word' id='word_1_504' title='bbox 3514 2626 3618 2682; x_wconf 77' lang='grc' dir='ltr'><strong>τοῦ</strong></span> <span class='ocrx_word' id='word_1_505' title='bbox 3635 2623 3844 2694; x_wconf 74' lang='grc' dir='ltr'><strong>Ἰσραὴλ</strong></span> 
     </span>
    </p>
   </div>
   <div class='ocr_carea' id='block_1_68' title="bbox 2245 2718 3843 2807">
    <p class='ocr_par' dir='ltr' id='par_1_68' title="bbox 2245 2718 3843 2807">
     <span class='ocr_line' id='line_1_68' title="bbox 2245 2718 3843 2807; baseline -0.014 -18"><span class='ocrx_word' id='word_1_506' title='bbox 2245 2734 2625 2807; x_wconf 80' lang='grc' dir='ltr'><strong>ἡμαρτηκότος</strong></span> <span class='ocrx_word' id='word_1_507' title='bbox 2656 2729 2846 2800; x_wconf 68' lang='grc' dir='ltr'><strong>ὀργὴν</strong></span> <span class='ocrx_word' id='word_1_508' title='bbox 2871 2731 2952 2792; x_wconf 82' lang='grc' dir='ltr'><strong>είς</strong></span> <span class='ocrx_word' id='word_1_509' title='bbox 2979 2729 3107 2791; x_wconf 79' lang='grc' dir='ltr'><strong>τοὺς</strong></span> <span class='ocrx_word' id='word_1_510' title='bbox 3140 2724 3482 2794; x_wconf 74' lang='grc' dir='ltr'><strong>ἀλλοφύλους</strong></span> <span class='ocrx_word' id='word_1_511' title='bbox 3518 2720 3702 2776; x_wconf 82' lang='grc' dir='ltr'><strong>αἰτεῖν</strong></span> <span class='ocrx_word' id='word_1_512' title='bbox 3719 2718 3843 2770; x_wconf 71' lang='lat' dir='ltr'><strong>sm.</strong></span> 
     </span>
    </p>
   </div>
   <div class='ocr_carea' id='block_1_69' title="bbox 2246 2810 3841 2896">
    <p class='ocr_par' dir='ltr' id='par_1_69' title="bbox 2246 2810 3841 2896">
     <span class='ocr_line' id='line_1_69' title="bbox 2246 2810 3841 2896; baseline -0.013 -17"><span class='ocrx_word' id='word_1_513' title='bbox 2246 2823 2586 2896; x_wconf 84' lang='grc' dir='ltr'><strong>πέμπεσθαι.</strong></span> <span class='ocrx_word' id='word_1_514' title='bbox 2623 2822 2735 2877; x_wconf 73' lang='grc' dir='ltr'><strong>Καὶ</strong></span> <span class='ocrx_word' id='word_1_515' title='bbox 2780 2825 2838 2876; x_wconf 91' lang='grc' dir='ltr'><strong>ἐν</strong></span> <span class='ocrx_word' id='word_1_516' title='bbox 2867 2820 3120 2890; x_wconf 76' lang='grc' dir='ltr'><strong>Ψαλμοῖς</strong></span> <span class='ocrx_word' id='word_1_517' title='bbox 3167 2818 3274 2888; x_wconf 86' lang='grc' dir='ltr'><strong>γάρ</strong></span> <span class='ocrx_word' id='word_1_518' title='bbox 3325 2829 3539 2887; x_wconf 80' lang='grc' dir='ltr'><strong>φησιν’</strong></span> <span class='ocrx_word' id='word_1_519' title='bbox 3583 2810 3841 2878; x_wconf 54' lang='lat' dir='ltr'><strong>(&quot;Expos</strong></span> 
     </span>
    </p>
   </div>
   <div class='ocr_carea' id='block_1_70' title="bbox 2246 2900 3843 2992">
    <p class='ocr_par' dir='ltr' id='par_1_70' title="bbox 2246 2900 3843 2992">
     <span class='ocr_line' id='line_1_70' title="bbox 2246 2900 3843 2992; baseline -0.013 -19"><span class='ocrx_word' id='word_1_520' title='bbox 2246 2920 2344 2992; x_wconf 79' lang='grc' dir='ltr'><strong>τὴν</strong></span> <span class='ocrx_word' id='word_1_521' title='bbox 2373 2919 2543 2991; x_wconf 80' lang='grc' dir='ltr'><strong>ὀργήν</strong></span> <span class='ocrx_word' id='word_1_522' title='bbox 2572 2933 2664 2970; x_wconf 86' lang='grc' dir='ltr'><strong>σου</strong></span> <span class='ocrx_word' id='word_1_523' title='bbox 2691 2916 2784 2968; x_wconf 70' lang='grc' dir='ltr'><strong>ἐπὶ</strong></span> <span class='ocrx_word' id='word_1_524' title='bbox 2810 2914 2880 2968; x_wconf 86' lang='grc' dir='ltr'><strong>τὰ</strong></span> <span class='ocrx_word' id='word_1_525' title='bbox 2907 2913 3035 2984; x_wconf 74' lang='grc' dir='ltr'><strong>ἔθνη</strong></span> <span class='ocrx_word' id='word_1_526' title='bbox 3061 2911 3132 2965; x_wconf 85' lang='grc' dir='ltr'><strong>τὰ</strong></span> <span class='ocrx_word' id='word_1_527' title='bbox 3167 2910 3242 2982; x_wconf 81' lang='grc' dir='ltr'><strong>μὴ</strong></span> <span class='ocrx_word' id='word_1_528' title='bbox 3274 2904 3632 2979; x_wconf 85' lang='grc' dir='ltr'><strong>γινώσκοντά</strong></span> <span class='ocrx_word' id='word_1_529' title='bbox 3660 2919 3739 2963; x_wconf 82' lang='grc' dir='ltr'><strong>σε.</strong></span> <span class='ocrx_word' id='word_1_530' title='bbox 3759 2900 3843 2954; x_wconf 81' lang='grc' dir='ltr'><strong>καὶ</strong></span> 
     </span>
    </p>
   </div>
   <div class='ocr_carea' id='block_1_71' title="bbox 2249 2997 3836 3080">
    <p class='ocr_par' dir='ltr' id='par_1_71' title="bbox 2249 2997 3836 3080">
     <span class='ocr_line' id='line_1_71' title="bbox 2249 2997 3836 3080; baseline -0.011 -17"><span class='ocrx_word' id='word_1_531' title='bbox 2249 3013 2339 3064; x_wconf 78' lang='grc' dir='ltr'><strong>ἐπὶ</strong></span> <span class='ocrx_word' id='word_1_532' title='bbox 2373 3007 2677 3080; x_wconf 75' lang='grc' dir='ltr'><strong>βασιλείας,</strong></span> <span class='ocrx_word' id='word_1_533' title='bbox 2706 3005 2762 3060; x_wconf 83' lang='grc' dir='ltr'><strong>αἳ</strong></span> <span class='ocrx_word' id='word_1_534' title='bbox 2792 3005 2852 3060; x_wconf 84' lang='grc' dir='ltr'><strong>τὸ</strong></span> <span class='ocrx_word' id='word_1_535' title='bbox 2885 3005 3065 3076; x_wconf 73' lang='grc' dir='ltr'><strong>ὄνομά</strong></span> <span class='ocrx_word' id='word_1_536' title='bbox 3100 3019 3194 3059; x_wconf 83' lang='grc' dir='ltr'><strong>σου</strong></span> <span class='ocrx_word' id='word_1_537' title='bbox 3219 3002 3322 3057; x_wconf 83' lang='grc' dir='ltr'><strong>οὐκ</strong></span> <span class='ocrx_word' id='word_1_538' title='bbox 3349 2997 3785 3055; x_wconf 81' lang='grc' dir='ltr'><strong>ἐπεκαλέσαντο.</strong></span> <span class='ocrx_word' id='word_1_539' title='bbox 3817 3009 3836 3045; x_wconf 76' lang='grc' dir='ltr'><strong>ι</strong></span> 
     </span>
    </p>
   </div>
   <div class='ocr_carea' id='block_1_72' title="bbox 2385 3288 3247 3347">
    <p class='ocr_par' dir='ltr' id='par_1_72' title="bbox 2385 3288 3247 3347">
     <span class='ocr_line' id='line_1_72' title="bbox 2385 3288 3247 3347; baseline -0.007 3"><span class='ocrx_word' id='word_1_540' title='bbox 2385 3330 2387 3332; x_wconf 92' lang='grc'><strong>-</strong></span> <span class='ocrx_word' id='word_1_541' title='bbox 2835 3290 3089 3347; x_wconf 78' lang='grc' dir='ltr'><strong>ΚΕΦΑΛ.</strong></span> <span class='ocrx_word' id='word_1_542' title='bbox 3130 3288 3247 3344; x_wconf 65' lang='grc' dir='ltr'><strong>ΞΔῖ</strong></span> 
     </span>
    </p>
   </div>
   <div class='ocr_carea' id='block_1_73' title="bbox 2320 3375 3835 3459">
    <p class='ocr_par' dir='ltr' id='par_1_73' title="bbox 2320 3375 3835 3459">
     <span class='ocr_line' id='line_1_73' title="bbox 2320 3375 3835 3459; baseline -0.009 -14"><span class='ocrx_word' id='word_1_543' title='bbox 2320 3391 2472 3459; x_wconf 58' lang='grc' dir='ltr'><strong>φιβ’.</strong></span> <span class='ocrx_word' id='word_1_544' title='bbox 2509 3389 2646 3443; x_wconf 80' lang='grc' dir='ltr'><strong>Ἐὰν</strong></span> <span class='ocrx_word' id='word_1_545' title='bbox 2683 3387 2936 3455; x_wconf 81' lang='grc' dir='ltr'><strong>ἀνοίξῃς</strong></span> <span class='ocrx_word' id='word_1_546' title='bbox 2965 3384 3072 3439; x_wconf 85' lang='grc' dir='ltr'><strong>τὸν</strong></span> <span class='ocrx_word' id='word_1_547' title='bbox 3101 3382 3382 3452; x_wconf 71' lang='grc' dir='ltr'><strong>οὐρανὸν,</strong></span> <span class='ocrx_word' id='word_1_548' title='bbox 3408 3382 3633 3450; x_wconf 79' lang='grc' dir='ltr'><strong>τρόμος</strong></span> <span class='ocrx_word' id='word_1_549' title='bbox 3660 3375 3835 3442; x_wconf 72' lang='grc' dir='ltr'><strong>λήψε-</strong></span> 
     </span>
    </p>
   </div>
   <div class='ocr_carea' id='block_1_74' title="bbox 2252 3465 3836 3549">
    <p class='ocr_par' dir='ltr' id='par_1_74' title="bbox 2252 3465 3836 3549">
     <span class='ocr_line' id='line_1_74' title="bbox 2252 3465 3836 3549; baseline -0.012 -12"><span class='ocrx_word' id='word_1_550' title='bbox 2252 3501 2344 3538; x_wconf 87' lang='grc' dir='ltr'><strong>ται</strong></span> <span class='ocrx_word' id='word_1_551' title='bbox 2381 3481 2499 3537; x_wconf 78' lang='grc' dir='ltr'><strong>ἀπὸ</strong></span> <span class='ocrx_word' id='word_1_552' title='bbox 2531 3481 2648 3536; x_wconf 81' lang='grc' dir='ltr'><strong>σοῦ</strong></span> <span class='ocrx_word' id='word_1_553' title='bbox 2680 3480 2808 3549; x_wconf 81' lang='grc' dir='ltr'><strong>ὄρη,</strong></span> <span class='ocrx_word' id='word_1_554' title='bbox 2841 3477 2940 3533; x_wconf 79' lang='grc' dir='ltr'><strong>καὶ</strong></span> <span class='ocrx_word' id='word_1_555' title='bbox 2980 3477 3368 3543; x_wconf 59' lang='lat' dir='ltr'><strong>Iamiam-rat,</strong></span> <span class='ocrx_word' id='word_1_556' title='bbox 3395 3473 3476 3540; x_wconf 86' lang='grc' dir='ltr'><strong>ὠς</strong></span> <span class='ocrx_word' id='word_1_557' title='bbox 3511 3469 3698 3539; x_wconf 80' lang='grc' dir='ltr'><strong>κηρὸς</strong></span> <span class='ocrx_word' id='word_1_558' title='bbox 3729 3465 3836 3522; x_wconf 73' lang='grc' dir='ltr'><strong>ἀπὸ</strong></span> 
     </span>
    </p>
   </div>
   <div class='ocr_carea' id='block_1_75' title="bbox 2253 3563 3834 3646">
    <p class='ocr_par' dir='ltr' id='par_1_75' title="bbox 2253 3563 3834 3646">
     <span class='ocr_line' id='line_1_75' title="bbox 2253 3563 3834 3646; baseline -0.014 -14"><span class='ocrx_word' id='word_1_559' title='bbox 2253 3576 2446 3646; x_wconf 81' lang='grc' dir='ltr'><strong>πυρὸς</strong></span> <span class='ocrx_word' id='word_1_560' title='bbox 2475 3574 2738 3641; x_wconf 80' lang='grc' dir='ltr'><strong>τήκεται.</strong></span> <span class='ocrx_word' id='word_1_561' title='bbox 2775 3572 2883 3628; x_wconf 76' lang='grc' dir='ltr'><strong>Καὶ</strong></span> <span class='ocrx_word' id='word_1_562' title='bbox 2913 3571 3282 3626; x_wconf 77' lang='grc' dir='ltr'><strong>κατακαύσει</strong></span> <span class='ocrx_word' id='word_1_563' title='bbox 3319 3565 3438 3635; x_wconf 75' lang='grc' dir='ltr'><strong>πῦρ</strong></span> <span class='ocrx_word' id='word_1_564' title='bbox 3471 3564 3624 3629; x_wconf 80' lang='grc' dir='ltr'><strong>τοὺς</strong></span> <span class='ocrx_word' id='word_1_565' title='bbox 3668 3563 3834 3615; x_wconf 59' lang='lat' dir='ltr'><strong>datst--</strong></span> 
     </span>
    </p>
   </div>
   <div class='ocr_carea' id='block_1_76' title="bbox 2251 3650 3837 3735">
    <p class='ocr_par' dir='ltr' id='par_1_76' title="bbox 2251 3650 3837 3735">
     <span class='ocr_line' id='line_1_76' title="bbox 2251 3650 3837 3735; baseline -0.013 -12"><span class='ocrx_word' id='word_1_566' title='bbox 2251 3671 2520 3735; x_wconf 84' lang='grc' dir='ltr'><strong>αντίους,</strong></span> <span class='ocrx_word' id='word_1_567' title='bbox 2555 3665 2652 3720; x_wconf 79' lang='grc' dir='ltr'><strong>καὶ</strong></span> <span class='ocrx_word' id='word_1_568' title='bbox 2684 3662 2950 3735; x_wconf 70' lang='grc' dir='ltr'><strong>φανερὸν</strong></span> <span class='ocrx_word' id='word_1_569' title='bbox 2982 3663 3154 3718; x_wconf 77' lang='grc' dir='ltr'><strong>ἔσται</strong></span> <span class='ocrx_word' id='word_1_570' title='bbox 3198 3661 3265 3715; x_wconf 82' lang='grc' dir='ltr'><strong>τὸ</strong></span> <span class='ocrx_word' id='word_1_571' title='bbox 3307 3661 3497 3730; x_wconf 80' lang='grc' dir='ltr'><strong>ὄνομα</strong></span> <span class='ocrx_word' id='word_1_572' title='bbox 3524 3655 3746 3724; x_wconf 81' lang='lat' dir='ltr'><strong>Kvplov</strong></span> <span class='ocrx_word' id='word_1_573' title='bbox 3775 3650 3837 3704; x_wconf 80' lang='grc' dir='ltr'><strong>ἐν</strong></span> 
     </span>
    </p>
   </div>
   <div class='ocr_carea' id='block_1_77' title="bbox 2253 3755 3072 3828">
    <p class='ocr_par' dir='ltr' id='par_1_77' title="bbox 2253 3755 3072 3828">
     <span class='ocr_line' id='line_1_77' title="bbox 2253 3755 3072 3828; baseline -0.011 -10"><span class='ocrx_word' id='word_1_574' title='bbox 2253 3763 2378 3828; x_wconf 82' lang='grc' dir='ltr'><strong>τοῖς</strong></span> <span class='ocrx_word' id='word_1_575' title='bbox 2407 3760 2814 3826; x_wconf 70' lang='grc' dir='ltr'><strong>ὑπεναντίοις,</strong></span> <span class='ocrx_word' id='word_1_576' title='bbox 2847 3775 2903 3812; x_wconf 89' lang='grc' dir='ltr'><strong>κ.</strong></span> <span class='ocrx_word' id='word_1_577' title='bbox 2934 3774 2985 3813; x_wconf 87' lang='grc' dir='ltr'><strong>τ.</strong></span> <span class='ocrx_word' id='word_1_578' title='bbox 3021 3755 3072 3810; x_wconf 90' lang='grc' dir='ltr'><strong>λ.</strong></span> 
     </span>
    </p>
   </div>
   <div class='ocr_carea' id='block_1_78' title="bbox 2325 3835 3833 3921">
    <p class='ocr_par' dir='ltr' id='par_1_78' title="bbox 2325 3835 3833 3921">
     <span class='ocr_line' id='line_1_78' title="bbox 2325 3835 3833 3921; baseline -0.014 -13"><span class='ocrx_word' id='word_1_579' title='bbox 2325 3856 2437 3908; x_wconf 70' lang='grc' dir='ltr'><strong>Καὶ</strong></span> <span class='ocrx_word' id='word_1_580' title='bbox 2462 3852 2556 3907; x_wconf 72' lang='grc' dir='ltr'><strong>νῦν</strong></span> <span class='ocrx_word' id='word_1_581' title='bbox 2581 3851 2638 3905; x_wconf 78' lang='grc' dir='ltr'><strong>δέ</strong></span> <span class='ocrx_word' id='word_1_582' title='bbox 2664 3866 2826 3921; x_wconf 83' lang='grc' dir='ltr'><strong>φησιν</strong></span> <span class='ocrx_word' id='word_1_583' title='bbox 2847 3867 2860 3878; x_wconf 89' lang='grc'><strong>·</strong></span> <span class='ocrx_word' id='word_1_584' title='bbox 2897 3850 3046 3903; x_wconf 83' lang='grc' dir='ltr'><strong>Ἐὰν</strong></span> <span class='ocrx_word' id='word_1_585' title='bbox 3069 3845 3324 3916; x_wconf 77' lang='grc' dir='ltr'><strong>ἀνοίξῃς</strong></span> <span class='ocrx_word' id='word_1_586' title='bbox 3356 3845 3461 3899; x_wconf 81' lang='grc' dir='ltr'><strong>τὸν</strong></span> <span class='ocrx_word' id='word_1_587' title='bbox 3488 3838 3753 3911; x_wconf 81' lang='grc' dir='ltr'><strong>οὐρανὸν</strong></span> <span class='ocrx_word' id='word_1_588' title='bbox 3774 3835 3833 3904; x_wconf 76' lang='grc' dir='ltr'><strong>τῇ</strong></span> 
     </span>
    </p>
   </div>
   <div class='ocr_carea' id='block_1_79' title="bbox 2256 3924 3831 4018">
    <p class='ocr_par' dir='ltr' id='par_1_79' title="bbox 2256 3924 3831 4018">
     <span class='ocr_line' id='line_1_79' title="bbox 2256 3924 3831 4018; baseline -0.015 -15"><span class='ocrx_word' id='word_1_589' title='bbox 2256 3948 2469 4018; x_wconf 79' lang='grc' dir='ltr'><strong>καθόδῳ</strong></span> <span class='ocrx_word' id='word_1_590' title='bbox 2499 3947 2610 4016; x_wconf 81' lang='grc' dir='ltr'><strong>τῆς</strong></span> <span class='ocrx_word' id='word_1_591' title='bbox 2644 3944 2827 4015; x_wconf 72' lang='grc' dir='ltr'><strong>ὀργῆς</strong></span> <span class='ocrx_word' id='word_1_592' title='bbox 2851 3986 2866 4007; x_wconf 84' lang='grc'><strong>,</strong></span> <span class='ocrx_word' id='word_1_593' title='bbox 2905 3943 2981 4008; x_wconf 87' lang='grc' dir='ltr'><strong>ὼς</strong></span> <span class='ocrx_word' id='word_1_594' title='bbox 3014 3943 3071 3995; x_wconf 86' lang='grc' dir='ltr'><strong>ἐν</strong></span> <span class='ocrx_word' id='word_1_595' title='bbox 3104 3938 3284 4010; x_wconf 81' lang='grc' dir='ltr'><strong>καιρῷ</strong></span> <span class='ocrx_word' id='word_1_596' title='bbox 3330 3936 3423 3992; x_wconf 74' lang='grc' dir='ltr'><strong>τοῦ</strong></span> <span class='ocrx_word' id='word_1_597' title='bbox 3456 3924 3831 4000; x_wconf 83' lang='grc' dir='ltr'><strong>κατακλυσμοῦ</strong></span> 
     </span>
    </p>
   </div>
   <div class='ocr_carea' id='block_1_80' title="bbox 2262 4020 3832 4112">
    <p class='ocr_par' dir='ltr' id='par_1_80' title="bbox 2262 4020 3832 4112">
     <span class='ocr_line' id='line_1_80' title="bbox 2262 4020 3832 4112; baseline -0.015 -15"><span class='ocrx_word' id='word_1_598' title='bbox 2262 4039 2680 4112; x_wconf 83' lang='grc' dir='ltr'><strong>(ἀνεῴχθησαν</strong></span> <span class='ocrx_word' id='word_1_599' title='bbox 2729 4039 2839 4110; x_wconf 84' lang='grc' dir='ltr'><strong>γὰρ</strong></span> <span class='ocrx_word' id='word_1_600' title='bbox 2904 4038 2953 4090; x_wconf 84' lang='grc' dir='ltr'><strong>οἱ</strong></span> <span class='ocrx_word' id='word_1_601' title='bbox 3014 4033 3360 4104; x_wconf 85' lang='grc' dir='ltr'><strong>καταράκται</strong></span> <span class='ocrx_word' id='word_1_602' title='bbox 3401 4028 3498 4082; x_wconf 76' lang='grc' dir='ltr'><strong>τοῦ</strong></span> <span class='ocrx_word' id='word_1_603' title='bbox 3554 4020 3832 4096; x_wconf 77' lang='grc' dir='ltr'><strong>ούρανοῦ),</strong></span> 
     </span>
    </p>
   </div>
   <div class='ocr_carea' id='block_1_81' title="bbox 2257 4115 3829 4199">
    <p class='ocr_par' dir='ltr' id='par_1_81' title="bbox 2257 4115 3829 4199">
     <span class='ocr_line' id='line_1_81' title="bbox 2257 4115 3829 4199; baseline -0.014 -12"><span class='ocrx_word' id='word_1_604' title='bbox 2257 4131 2431 4188; x_wconf 82' lang='grc' dir='ltr'><strong>ἔσται</strong></span> <span class='ocrx_word' id='word_1_605' title='bbox 2459 4145 2579 4186; x_wconf 86' lang='grc' dir='ltr'><strong>σου</strong></span> <span class='ocrx_word' id='word_1_606' title='bbox 2596 4128 2862 4199; x_wconf 68' lang='grc' dir='ltr'><strong>φανερὸν</strong></span> <span class='ocrx_word' id='word_1_607' title='bbox 2883 4125 2949 4182; x_wconf 86' lang='grc' dir='ltr'><strong>τὸ</strong></span> <span class='ocrx_word' id='word_1_608' title='bbox 2976 4125 3166 4196; x_wconf 83' lang='grc' dir='ltr'><strong>ὄνομα</strong></span> <span class='ocrx_word' id='word_1_609' title='bbox 3184 4125 3253 4179; x_wconf 83' lang='grc' dir='ltr'><strong>ἐν</strong></span> <span class='ocrx_word' id='word_1_610' title='bbox 3281 4121 3406 4190; x_wconf 84' lang='grc' dir='ltr'><strong>τοῖς</strong></span> <span class='ocrx_word' id='word_1_611' title='bbox 3438 4115 3829 4178; x_wconf 77' lang='grc' dir='ltr'><strong>ὑπεναντίοις,</strong></span> 
     </span>
    </p>
   </div>
   <div class='ocr_carea' id='block_1_82' title="bbox 2259 4201 3831 4290">
    <p class='ocr_par' dir='ltr' id='par_1_82' title="bbox 2259 4201 3831 4290">
     <span class='ocr_line' id='line_1_82' title="bbox 2259 4201 3831 4290; baseline -0.016 -14"><span class='ocrx_word' id='word_1_612' title='bbox 2259 4222 2336 4286; x_wconf 88' lang='grc' dir='ltr'><strong>ὡς</strong></span> <span class='ocrx_word' id='word_1_613' title='bbox 2356 4223 2444 4276; x_wconf 82' lang='grc' dir='ltr'><strong>ὅτε</strong></span> <span class='ocrx_word' id='word_1_614' title='bbox 2473 4219 2790 4290; x_wconf 78' lang='grc' dir='ltr'><strong>Σοδομίταις</strong></span> <span class='ocrx_word' id='word_1_615' title='bbox 2814 4216 2964 4287; x_wconf 74' lang='grc' dir='ltr'><strong>ἠφίει</strong></span> <span class='ocrx_word' id='word_1_616' title='bbox 2988 4214 3050 4269; x_wconf 81' lang='grc' dir='ltr'><strong>τὸ</strong></span> <span class='ocrx_word' id='word_1_617' title='bbox 3075 4213 3208 4286; x_wconf 72' lang='grc' dir='ltr'><strong>πῦρ,</strong></span> <span class='ocrx_word' id='word_1_618' title='bbox 3239 4211 3332 4266; x_wconf 82' lang='grc' dir='ltr'><strong>καὶ</strong></span> <span class='ocrx_word' id='word_1_619' title='bbox 3359 4211 3599 4282; x_wconf 81' lang='grc' dir='ltr'><strong>πληγαῖς</strong></span> <span class='ocrx_word' id='word_1_620' title='bbox 3628 4201 3831 4262; x_wconf 81' lang='grc' dir='ltr'><strong>πολλαῖς</strong></span> 
     </span>
    </p>
   </div>
   <div class='ocr_carea' id='block_1_83' title="bbox 2259 4291 3828 4388">
    <p class='ocr_par' dir='ltr' id='par_1_83' title="bbox 2259 4291 3828 4388">
     <span class='ocr_line' id='line_1_83' title="bbox 2259 4291 3828 4388; baseline -0.011 -19"><span class='ocrx_word' id='word_1_621' title='bbox 2259 4315 2490 4388; x_wconf 79' lang='grc' dir='ltr'><strong>ὴκίσατο</strong></span> <span class='ocrx_word' id='word_1_622' title='bbox 2517 4311 2739 4385; x_wconf 82' lang='grc' dir='ltr'><strong>Φαραὼ.</strong></span> <span class='ocrx_word' id='word_1_623' title='bbox 2771 4310 2869 4365; x_wconf 72' lang='grc' dir='ltr'><strong>Διὰ</strong></span> <span class='ocrx_word' id='word_1_624' title='bbox 2895 4309 2994 4380; x_wconf 77' lang='grc' dir='ltr'><strong>τῆς</strong></span> <span class='ocrx_word' id='word_1_625' title='bbox 3027 4303 3121 4361; x_wconf 78' lang='grc' dir='ltr'><strong>οὖν</strong></span> <span class='ocrx_word' id='word_1_626' title='bbox 3149 4303 3271 4360; x_wconf 74' lang='grc' dir='ltr'><strong>κατ’</strong></span> <span class='ocrx_word' id='word_1_627' title='bbox 3294 4303 3519 4357; x_wconf 79' lang='grc' dir='ltr'><strong>ἐκείνων</strong></span> <span class='ocrx_word' id='word_1_628' title='bbox 3549 4293 3742 4369; x_wconf 75' lang='grc' dir='ltr'><strong>ὀργῆς,</strong></span> <span class='ocrx_word' id='word_1_629' title='bbox 3763 4291 3828 4364; x_wconf 79' lang='grc' dir='ltr'><strong>μὴ</strong></span> 
     </span>
    </p>
   </div>
   <div class='ocr_carea' id='block_1_84' title="bbox 2262 4389 3826 4480">
    <p class='ocr_par' dir='ltr' id='par_1_84' title="bbox 2262 4389 3826 4480">
     <span class='ocr_line' id='line_1_84' title="bbox 2262 4389 3826 4480; baseline -0.014 -16"><span class='ocrx_word' id='word_1_630' title='bbox 2262 4410 2351 4464; x_wconf 75' lang='grc' dir='ltr'><strong>διὰ</strong></span> <span class='ocrx_word' id='word_1_631' title='bbox 2399 4409 2498 4480; x_wconf 85' lang='grc' dir='ltr'><strong>τῆς</strong></span> <span class='ocrx_word' id='word_1_632' title='bbox 2535 4407 2660 4461; x_wconf 80' lang='grc' dir='ltr'><strong>καθ’</strong></span> <span class='ocrx_word' id='word_1_633' title='bbox 2687 4405 2865 4477; x_wconf 78' lang='grc' dir='ltr'><strong>ἡμῶν,</strong></span> <span class='ocrx_word' id='word_1_634' title='bbox 2899 4399 3219 4474; x_wconf 75' lang='grc' dir='ltr'><strong>φανερώσῃς</strong></span> <span class='ocrx_word' id='word_1_635' title='bbox 3246 4397 3345 4470; x_wconf 79' lang='grc' dir='ltr'><strong>τὴν</strong></span> <span class='ocrx_word' id='word_1_636' title='bbox 3378 4393 3610 4450; x_wconf 79' lang='grc' dir='ltr'><strong>σεαυτοῦ</strong></span> <span class='ocrx_word' id='word_1_637' title='bbox 3638 4389 3826 4480; x_wconf 75' lang='grc' dir='ltr'><strong>δόξαν.</strong></span> 
     </span>
    </p>
   </div>
   <div class='ocr_carea' id='block_1_85' title="bbox 2264 4479 3828 4570">
    <p class='ocr_par' dir='ltr' id='par_1_85' title="bbox 2264 4479 3828 4570">
     <span class='ocr_line' id='line_1_85' title="bbox 2264 4479 3828 4570; baseline -0.015 -13"><span class='ocrx_word' id='word_1_638' title='bbox 2264 4501 2346 4557; x_wconf 83' lang='grc' dir='ltr'>Τὰ</span> <span class='ocrx_word' id='word_1_639' title='bbox 2373 4501 2430 4556; x_wconf 82' lang='grc' dir='ltr'><strong>δέ</strong></span> <span class='ocrx_word' id='word_1_640' title='bbox 2456 4479 2703 4570; x_wconf 59' lang='grc' dir='ltr'><strong>παρόντα</strong></span> <span class='ocrx_word' id='word_1_641' title='bbox 2725 4497 2918 4560; x_wconf 79' lang='grc' dir='ltr'><strong>ταῦτα,</strong></span> <span class='ocrx_word' id='word_1_642' title='bbox 2948 4491 3339 4565; x_wconf 70' lang='grc' dir='ltr'><strong>παραστατικὰ</strong></span> <span class='ocrx_word' id='word_1_643' title='bbox 3361 4488 3454 4542; x_wconf 81' lang='grc' dir='ltr'><strong>τοῦ</strong></span> <span class='ocrx_word' id='word_1_644' title='bbox 3485 4487 3563 4560; x_wconf 83' lang='grc' dir='ltr'><strong>μὴ</strong></span> <span class='ocrx_word' id='word_1_645' title='bbox 3590 4486 3662 4540; x_wconf 77' lang='grc' dir='ltr'><strong>δι’</strong></span> <span class='ocrx_word' id='word_1_646' title='bbox 3685 4479 3828 4538; x_wconf 81' lang='grc' dir='ltr'><strong>ἀσθέ-</strong></span> 
     </span>
    </p>
   </div>
   <div class='ocr_carea' id='block_1_86' title="bbox 573 4570 2150 4660">
    <p class='ocr_par' dir='ltr' id='par_1_86' title="bbox 573 4583 2150 4660">
     <span class='ocr_line' id='line_1_86' title="bbox 573 4583 2150 4660; baseline -0.004 -16"><span class='ocrx_word' id='word_1_647' title='bbox 573 4589 834 4660; x_wconf 88' lang='lat' dir='ltr'><strong>populum</strong></span> <span class='ocrx_word' id='word_1_648' title='bbox 866 4597 1080 4657; x_wconf 85' lang='lat' dir='ltr'><strong>propter</strong></span> <span class='ocrx_word' id='word_1_649' title='bbox 1117 4587 1211 4641; x_wconf 88' lang='lat' dir='ltr'><strong>Dei</strong></span> <span class='ocrx_word' id='word_1_650' title='bbox 1267 4585 1700 4641; x_wconf 87' lang='lat' dir='ltr'><strong>imbecillitatem</strong></span> <span class='ocrx_word' id='word_1_651' title='bbox 1748 4583 1896 4640; x_wconf 80' lang='lat' dir='ltr'><strong>ferre</strong></span> <span class='ocrx_word' id='word_1_652' title='bbox 1939 4584 2150 4654; x_wconf 76' lang='lat' dir='ltr'><strong>signiti-</strong></span> 
     </span>
    </p>
   </div>
   <div class='ocr_carea' id='block_1_87' title="bbox 2255 4570 3828 4660">
    <p class='ocr_par' dir='ltr' id='par_1_87' title="bbox 2256 4570 3828 4650">
     <span class='ocr_line' id='line_1_87' title="bbox 2256 4570 3828 4650; baseline -0.017 -1"><span class='ocrx_word' id='word_1_653' title='bbox 2256 4612 2405 4650; x_wconf 87' lang='grc' dir='ltr'><strong>νειαν</strong></span> <span class='ocrx_word' id='word_1_654' title='bbox 2437 4592 2532 4646; x_wconf 80' lang='grc' dir='ltr'><strong>τοῦ</strong></span> <span class='ocrx_word' id='word_1_655' title='bbox 2562 4590 2699 4645; x_wconf 85' lang='grc' dir='ltr'>Θεοῦ</span> <span class='ocrx_word' id='word_1_656' title='bbox 2732 4587 2961 4644; x_wconf 81' lang='grc' dir='ltr'><strong>τοιαῦτα</strong></span> <span class='ocrx_word' id='word_1_657' title='bbox 2988 4585 3184 4641; x_wconf 80' lang='grc' dir='ltr'><strong>παθεῖν</strong></span> <span class='ocrx_word' id='word_1_658' title='bbox 3215 4583 3308 4639; x_wconf 80' lang='grc' dir='ltr'><strong>τὸν</strong></span> <span class='ocrx_word' id='word_1_659' title='bbox 3337 4581 3468 4637; x_wconf 75' lang='grc' dir='ltr'><strong>λαὸν</strong></span> <span class='ocrx_word' id='word_1_660' title='bbox 3490 4623 3506 4645; x_wconf 92' lang='grc'><strong>,</strong></span> <span class='ocrx_word' id='word_1_661' title='bbox 3537 4578 3634 4634; x_wconf 78' lang='grc' dir='ltr'><strong>διὰ</strong></span> <span class='ocrx_word' id='word_1_662' title='bbox 3659 4576 3713 4628; x_wconf 83' lang='grc' dir='ltr'><strong>δὲ</strong></span> <span class='ocrx_word' id='word_1_663' title='bbox 3746 4570 3828 4643; x_wconf 84' lang='grc' dir='ltr'><strong>μό-</strong></span> 
     </span>
    </p>
   </div>
   <div class='ocr_carea' id='block_1_88' title="bbox 574 4677 2159 4750">
    <p class='ocr_par' dir='ltr' id='par_1_88' title="bbox 574 4677 2159 4750">
     <span class='ocr_line' id='line_1_88' title="bbox 574 4677 2159 4750; baseline -0.004 -13"><span class='ocrx_word' id='word_1_664' title='bbox 574 4691 739 4746; x_wconf 87' lang='lat' dir='ltr'><strong>cant;</strong></span> <span class='ocrx_word' id='word_1_665' title='bbox 774 4680 868 4736; x_wconf 88' lang='lat' dir='ltr'><strong>sed</strong></span> <span class='ocrx_word' id='word_1_666' title='bbox 889 4689 1102 4750; x_wconf 85' lang='lat' dir='ltr'><strong>propter</strong></span> <span class='ocrx_word' id='word_1_667' title='bbox 1127 4679 1434 4750; x_wconf 80' lang='lat' dir='ltr'><strong>iniquitates</strong></span> <span class='ocrx_word' id='word_1_668' title='bbox 1458 4688 1667 4732; x_wconf 82' lang='lat' dir='ltr'><strong>tantum</strong></span> <span class='ocrx_word' id='word_1_669' title='bbox 1699 4678 2028 4748; x_wconf 90' lang='lat' dir='ltr'><strong>derelinqni.</strong></span> <span class='ocrx_word' id='word_1_670' title='bbox 2064 4677 2159 4733; x_wconf 84' lang='lat' dir='ltr'><strong>Est</strong></span> 
     </span>
    </p>
   </div>
   <div class='ocr_carea' id='block_1_89' title="bbox 574 4769 2161 4843">
    <p class='ocr_par' dir='ltr' id='par_1_89' title="bbox 574 4769 2161 4843">
     <span class='ocr_line' id='line_1_89' title="bbox 574 4769 2161 4843; baseline -0.004 -15"><span class='ocrx_word' id='word_1_671' title='bbox 574 4773 721 4829; x_wconf 90' lang='lat' dir='ltr'><strong>enim</strong></span> <span class='ocrx_word' id='word_1_672' title='bbox 755 4782 905 4827; x_wconf 87' lang='lat' dir='ltr'><strong>tanta</strong></span> <span class='ocrx_word' id='word_1_673' title='bbox 929 4773 1024 4828; x_wconf 88' lang='lat' dir='ltr'><strong>Dei</strong></span> <span class='ocrx_word' id='word_1_674' title='bbox 1056 4773 1326 4843; x_wconf 87' lang='lat' dir='ltr'><strong>potentia,</strong></span> <span class='ocrx_word' id='word_1_675' title='bbox 1354 4780 1412 4824; x_wconf 85' lang='lat' dir='ltr'><strong>ut</strong></span> <span class='ocrx_word' id='word_1_676' title='bbox 1439 4771 1628 4826; x_wconf 70' lang='lat' dir='ltr'><strong>cretum</strong></span> <span class='ocrx_word' id='word_1_677' title='bbox 1677 4779 1732 4825; x_wconf 90' lang='lat' dir='ltr'><strong>ct</strong></span> <span class='ocrx_word' id='word_1_678' title='bbox 1757 4785 1878 4840; x_wconf 87' lang='lat' dir='ltr'><strong>quae</strong></span> <span class='ocrx_word' id='word_1_679' title='bbox 1909 4769 2011 4823; x_wconf 85' lang='lat' dir='ltr'><strong>sub</strong></span> <span class='ocrx_word' id='word_1_680' title='bbox 2040 4769 2161 4838; x_wconf 91' lang='lat' dir='ltr'><strong>ipso</strong></span> 
     </span>
    </p>
   </div>
   <div class='ocr_carea' id='block_1_90' title="bbox 576 4861 2159 4935">
    <p class='ocr_par' dir='ltr' id='par_1_90' title="bbox 576 4861 2159 4935">
     <span class='ocr_line' id='line_1_90' title="bbox 576 4861 2159 4935; baseline -0.005 -13"><span class='ocrx_word' id='word_1_681' title='bbox 576 4875 730 4934; x_wconf 87' lang='lat' dir='ltr'><strong>sunt,</strong></span> <span class='ocrx_word' id='word_1_682' title='bbox 768 4865 1168 4935; x_wconf 86' lang='lat' dir='ltr'><strong>complectatur</strong></span> <span class='ocrx_word' id='word_1_683' title='bbox 1203 4874 1257 4919; x_wconf 90' lang='lat' dir='ltr'><strong>et</strong></span> <span class='ocrx_word' id='word_1_684' title='bbox 1299 4873 1473 4934; x_wconf 81' lang='lat' dir='ltr'><strong>regat.</strong></span> <span class='ocrx_word' id='word_1_685' title='bbox 1494 4863 1615 4930; x_wconf 88' lang='lat' dir='ltr'><strong>Quo</strong></span> <span class='ocrx_word' id='word_1_686' title='bbox 1651 4862 1708 4917; x_wconf 81' lang='lat' dir='ltr'><strong>lit</strong></span> <span class='ocrx_word' id='word_1_687' title='bbox 1741 4871 1800 4916; x_wconf 86' lang='grc' dir='ltr'><strong>ιιι</strong></span> <span class='ocrx_word' id='word_1_688' title='bbox 1852 4879 1886 4914; x_wconf 88' lang='grc' dir='ltr'><strong>α</strong></span> <span class='ocrx_word' id='word_1_689' title='bbox 1941 4861 2159 4925; x_wconf 78' lang='lat' dir='ltr'><strong>strculo,</strong></span> 
     </span>
    </p>
   </div>
   <div class='ocr_carea' id='block_1_91' title="bbox 578 4957 2164 5025">
    <p class='ocr_par' dir='ltr' id='par_1_91' title="bbox 578 4957 2164 5025">
     <span class='ocr_line' id='line_1_91' title="bbox 578 4957 2164 5025; baseline -0.005 -13"><span class='ocrx_word' id='word_1_690' title='bbox 578 4975 670 5014; x_wconf 89' lang='lat' dir='ltr'><strong>nec</strong></span> <span class='ocrx_word' id='word_1_691' title='bbox 711 4959 876 5013; x_wconf 88' lang='lat' dir='ltr'><strong>talem</strong></span> <span class='ocrx_word' id='word_1_692' title='bbox 921 4957 1088 5011; x_wconf 89' lang='lat' dir='ltr'><strong>Deum</strong></span> <span class='ocrx_word' id='word_1_693' title='bbox 1133 4973 1259 5013; x_wconf 84' lang='lat' dir='ltr'><strong>esse</strong></span> <span class='ocrx_word' id='word_1_694' title='bbox 1303 4958 1700 5019; x_wconf 81' lang='lat' dir='ltr'><strong>audirerimus;</strong></span> <span class='ocrx_word' id='word_1_695' title='bbox 1749 4971 1928 5025; x_wconf 89' lang='lat' dir='ltr'><strong>neque</strong></span> <span class='ocrx_word' id='word_1_696' title='bbox 1972 4969 2164 5023; x_wconf 89' lang='lat' dir='ltr'><strong>quem-</strong></span> 
     </span>
    </p>
   </div>
   <div class='ocr_carea' id='block_1_92' title="bbox 577 5047 2164 5121">
    <p class='ocr_par' dir='ltr' id='par_1_92' title="bbox 577 5047 2164 5121">
     <span class='ocr_line' id='line_1_92' title="bbox 577 5047 2164 5121; baseline -0.003 -18"><span class='ocrx_word' id='word_1_697' title='bbox 577 5067 740 5121; x_wconf 89' lang='lat' dir='ltr'><strong>quam</strong></span> <span class='ocrx_word' id='word_1_698' title='bbox 773 5051 963 5106; x_wconf 79' lang='lat' dir='ltr'><strong>talium</strong></span> <span class='ocrx_word' id='word_1_699' title='bbox 994 5067 1209 5120; x_wconf 85' lang='lat' dir='ltr'><strong>operum</strong></span> <span class='ocrx_word' id='word_1_700' title='bbox 1237 5061 1568 5118; x_wconf 77' lang='lat' dir='ltr'><strong>patratorem</strong></span> <span class='ocrx_word' id='word_1_701' title='bbox 1591 5050 1899 5105; x_wconf 70' lang='lat' dir='ltr'><strong>viderimus.</strong></span> <span class='ocrx_word' id='word_1_702' title='bbox 1937 5047 2164 5103; x_wconf 88' lang='lat' dir='ltr'><strong>Constat</strong></span> 
     </span>
    </p>
   </div>
   <div class='ocr_carea' id='block_1_93' title="bbox 578 5141 2160 5211">
    <p class='ocr_par' dir='ltr' id='par_1_93' title="bbox 578 5141 2160 5211">
     <span class='ocr_line' id='line_1_93' title="bbox 578 5141 2160 5211; baseline -0.001 -15"><span class='ocrx_word' id='word_1_703' title='bbox 578 5146 723 5200; x_wconf 78' lang='lat' dir='ltr'><strong>enim</strong></span> <span class='ocrx_word' id='word_1_704' title='bbox 773 5146 942 5200; x_wconf 87' lang='lat' dir='ltr'><strong>Deum</strong></span> <span class='ocrx_word' id='word_1_705' title='bbox 996 5145 1199 5200; x_wconf 89' lang='lat' dir='ltr'><strong>vidisse</strong></span> <span class='ocrx_word' id='word_1_706' title='bbox 1250 5145 1559 5211; x_wconf 85' lang='lat' dir='ltr'><strong>neminem;</strong></span> <span class='ocrx_word' id='word_1_707' title='bbox 1625 5159 1726 5199; x_wconf 84' lang='lat' dir='ltr'><strong>nec</strong></span> <span class='ocrx_word' id='word_1_708' title='bbox 1784 5143 1977 5198; x_wconf 76' lang='lat' dir='ltr'><strong>faciem</strong></span> <span class='ocrx_word' id='word_1_709' title='bbox 2040 5141 2160 5209; x_wconf 87' lang='lat' dir='ltr'><strong>ejus</strong></span> 
     </span>
    </p>
   </div>
   <div class='ocr_carea' id='block_1_94' title="bbox 581 5236 2152 5310">
    <p class='ocr_par' dir='ltr' id='par_1_94' title="bbox 581 5236 2152 5310">
     <span class='ocr_line' id='line_1_94' title="bbox 581 5236 2152 5310; baseline -0.004 -17"><span class='ocrx_word' id='word_1_710' title='bbox 581 5255 914 5310; x_wconf 77' lang='lat' dir='ltr'><strong>queinquam</strong></span> <span class='ocrx_word' id='word_1_711' title='bbox 952 5241 1216 5298; x_wconf 76' lang='lat' dir='ltr'><strong>visarnm,</strong></span> <span class='ocrx_word' id='word_1_712' title='bbox 1252 5246 1304 5292; x_wconf 88' lang='lat' dir='ltr'><strong>et</strong></span> <span class='ocrx_word' id='word_1_713' title='bbox 1339 5238 1636 5302; x_wconf 83' lang='lat' dir='ltr'><strong>victurum,</strong></span> <span class='ocrx_word' id='word_1_714' title='bbox 1669 5237 1762 5292; x_wconf 87' lang='lat' dir='ltr'><strong>sed</strong></span> <span class='ocrx_word' id='word_1_715' title='bbox 1805 5236 1874 5290; x_wconf 88' lang='lat' dir='ltr'><strong>ah</strong></span> <span class='ocrx_word' id='word_1_716' title='bbox 1902 5236 1990 5290; x_wconf 86' lang='lat' dir='ltr'><strong>his</strong></span> <span class='ocrx_word' id='word_1_717' title='bbox 2021 5249 2152 5304; x_wconf 87' lang='lat' dir='ltr'><strong>cog-</strong></span> 
     </span>
    </p>
   </div>
   <div class='ocr_carea' id='block_1_95' title="bbox 581 5329 2161 5402">
    <p class='ocr_par' dir='ltr' id='par_1_95' title="bbox 581 5329 2161 5402">
     <span class='ocr_line' id='line_1_95' title="bbox 581 5329 2161 5402; baseline -0.003 -15"><span class='ocrx_word' id='word_1_718' title='bbox 581 5333 758 5396; x_wconf 82' lang='lat' dir='ltr'><strong>nosci,</strong></span> <span class='ocrx_word' id='word_1_719' title='bbox 788 5349 911 5402; x_wconf 72' lang='lat' dir='ltr'><strong>qna:</strong></span> <span class='ocrx_word' id='word_1_720' title='bbox 942 5342 1198 5402; x_wconf 80' lang='lat' dir='ltr'><strong>operatnr</strong></span> <span class='ocrx_word' id='word_1_721' title='bbox 1221 5340 1274 5385; x_wconf 74' lang='lat' dir='ltr'><strong>et</strong></span> <span class='ocrx_word' id='word_1_722' title='bbox 1309 5331 1438 5386; x_wconf 74' lang='lat' dir='ltr'><strong>facit</strong></span> <span class='ocrx_word' id='word_1_723' title='bbox 1473 5330 1538 5384; x_wconf 72' lang='grc'><strong>⁸⁸.</strong></span> <span class='ocrx_word' id='word_1_724' title='bbox 1610 5351 1628 5381; x_wconf 80' lang='grc' dir='ltr'><strong>ι</strong></span> <span class='ocrx_word' id='word_1_725' title='bbox 1669 5330 1968 5386; x_wconf 78' lang='lat' dir='ltr'><strong>Invisibilia</strong></span> <span class='ocrx_word' id='word_1_726' title='bbox 2016 5329 2161 5384; x_wconf 85' lang='lat' dir='ltr'><strong>enim</strong></span> 
     </span>
    </p>
   </div>
   <div class='ocr_carea' id='block_1_96' title="bbox 584 5421 2166 5494">
    <p class='ocr_par' dir='ltr' id='par_1_96' title="bbox 584 5421 2166 5494">
     <span class='ocr_line' id='line_1_96' title="bbox 584 5421 2166 5494; baseline -0.001 -15"><span class='ocrx_word' id='word_1_727' title='bbox 584 5425 776 5494; x_wconf 84' lang='lat' dir='ltr'><strong>ipsius,</strong></span> <span class='ocrx_word' id='word_1_728' title='bbox 810 5426 1004 5479; x_wconf 84' lang='lat' dir='ltr'><strong>scribit</strong></span> <span class='ocrx_word' id='word_1_729' title='bbox 1037 5425 1355 5494; x_wconf 83' lang='lat' dir='ltr'><strong>Apostolus,</strong></span> <span class='ocrx_word' id='word_1_730' title='bbox 1384 5439 1412 5476; x_wconf 88' lang='lat' dir='ltr'><strong>a</strong></span> <span class='ocrx_word' id='word_1_731' title='bbox 1445 5421 1764 5478; x_wconf 84' lang='lat' dir='ltr'><strong>conditione</strong></span> <span class='ocrx_word' id='word_1_732' title='bbox 1796 5424 1982 5477; x_wconf 86' lang='lat' dir='ltr'><strong>mnmli</strong></span> <span class='ocrx_word' id='word_1_733' title='bbox 2037 5439 2166 5492; x_wconf 88' lang='lat' dir='ltr'><strong>ope-</strong></span> 
     </span>
    </p>
   </div>
   <div class='ocr_carea' id='block_1_97' title="bbox 587 5519 2170 5591">
    <p class='ocr_par' dir='ltr' id='par_1_97' title="bbox 587 5519 2170 5591">
     <span class='ocr_line' id='line_1_97' title="bbox 587 5519 2170 5591; baseline -0.001 -19"><span class='ocrx_word' id='word_1_734' title='bbox 587 5522 740 5576; x_wconf 78' lang='lat' dir='ltr'><strong>tibus</strong></span> <span class='ocrx_word' id='word_1_735' title='bbox 779 5522 1049 5576; x_wconf 61' lang='lat' dir='ltr'><strong>intellecta</strong></span> <span class='ocrx_word' id='word_1_736' title='bbox 1081 5523 1504 5591; x_wconf 87' lang='lat' dir='ltr'><strong>conspicinntnr</strong></span> <span class='ocrx_word' id='word_1_737' title='bbox 1531 5521 1597 5572; x_wconf 74' lang='grc'><strong>³⁵⁷.</strong></span> <span class='ocrx_word' id='word_1_738' title='bbox 1637 5539 1655 5571; x_wconf 78' lang='grc' dir='ltr'><strong>ι</strong></span> <span class='ocrx_word' id='word_1_739' title='bbox 1725 5519 1986 5574; x_wconf 76' lang='lat' dir='ltr'><strong>Fortasse</strong></span> <span class='ocrx_word' id='word_1_740' title='bbox 2039 5533 2170 5573; x_wconf 89' lang='lat' dir='ltr'><strong>vero</strong></span> 
     </span>
    </p>
   </div>
   <div class='ocr_carea' id='block_1_98' title="bbox 586 5610 2172 5683">
    <p class='ocr_par' dir='ltr' id='par_1_98' title="bbox 586 5610 2172 5683">
     <span class='ocr_line' id='line_1_98' title="bbox 586 5610 2172 5683; baseline -0.002 -17"><span class='ocrx_word' id='word_1_741' title='bbox 586 5622 641 5666; x_wconf 82' lang='lat' dir='ltr'><strong>et</strong></span> <span class='ocrx_word' id='word_1_742' title='bbox 668 5614 947 5666; x_wconf 70' lang='lat' dir='ltr'><strong>Christum</strong></span> <span class='ocrx_word' id='word_1_743' title='bbox 984 5612 1185 5680; x_wconf 63' lang='lat' dir='ltr'><strong>ipnnn,</strong></span> <span class='ocrx_word' id='word_1_744' title='bbox 1223 5613 1315 5683; x_wconf 87' lang='lat' dir='ltr'><strong>qui</strong></span> <span class='ocrx_word' id='word_1_745' title='bbox 1348 5613 1404 5666; x_wconf 89' lang='lat' dir='ltr'><strong>in</strong></span> <span class='ocrx_word' id='word_1_746' title='bbox 1435 5611 1565 5664; x_wconf 75' lang='lat' dir='ltr'><strong>Sina</strong></span> <span class='ocrx_word' id='word_1_747' title='bbox 1613 5611 1776 5666; x_wconf 88' lang='lat' dir='ltr'><strong>ctiam</strong></span> <span class='ocrx_word' id='word_1_748' title='bbox 1833 5626 1929 5680; x_wconf 85' lang='lat' dir='ltr'><strong>per</strong></span> <span class='ocrx_word' id='word_1_749' title='bbox 1953 5610 2172 5680; x_wconf 83' lang='lat' dir='ltr'><strong>conSpi-</strong></span> 
     </span>
    </p>
   </div>
   <div class='ocr_carea' id='block_1_99' title="bbox 664 5791 2122 5857">
    <p class='ocr_par' dir='ltr' id='par_1_99' title="bbox 664 5791 2122 5857">
     <span class='ocr_line' id='line_1_99' title="bbox 664 5791 2122 5857; baseline -0.024 -3"><span class='ocrx_word' id='word_1_750' title='bbox 664 5795 708 5828; x_wconf 49' lang='lat'><strong>3‘</strong></span> <span class='ocrx_word' id='word_1_751' title='bbox 749 5793 937 5851; x_wconf 74' lang='lat' dir='ltr'><strong>Matth.</strong></span> <span class='ocrx_word' id='word_1_752' title='bbox 991 5807 1084 5857; x_wconf 69' lang='lat' dir='ltr'><strong>xu,</strong></span> <span class='ocrx_word' id='word_1_753' title='bbox 1132 5793 1306 5846; x_wconf 54' lang='lat'><strong>4546.</strong></span> <span class='ocrx_word' id='word_1_754' title='bbox 1387 5793 1430 5822; x_wconf 68' lang='grc'><strong>⁹⁵¹</strong></span> <span class='ocrx_word' id='word_1_755' title='bbox 1467 5791 1610 5847; x_wconf 76' lang='lat' dir='ltr'><strong>Psal.</strong></span> <span class='ocrx_word' id='word_1_756' title='bbox 1663 5805 1854 5846; x_wconf 72' lang='lat' dir='ltr'><strong>vam,</strong></span> <span class='ocrx_word' id='word_1_757' title='bbox 1913 5791 1998 5845; x_wconf 40' lang='grc' dir='ltr'><strong>εὶς),</strong></span> 
     </span>
    </p>
   </div>
   <div class='ocr_carea' id='block_1_100' title="bbox 2261 4661 3826 4755">
    <p class='ocr_par' dir='ltr' id='par_1_100' title="bbox 2261 4661 3826 4755">
     <span class='ocr_line' id='line_1_100' title="bbox 2261 4661 3826 4755; baseline -0.016 -13"><span class='ocrx_word' id='word_1_758' title='bbox 2261 4705 2359 4747; x_wconf 77' lang='grc' dir='ltr'><strong>νας</strong></span> <span class='ocrx_word' id='word_1_759' title='bbox 2396 4685 2684 4755; x_wconf 79' lang='grc' dir='ltr'><strong>ἁμαρτίας</strong></span> <span class='ocrx_word' id='word_1_760' title='bbox 2731 4678 3241 4752; x_wconf 81' lang='grc' dir='ltr'><strong>ἐγκαταλελεῖφθαι.</strong></span> <span class='ocrx_word' id='word_1_761' title='bbox 3274 4673 3523 4745; x_wconf 79' lang='grc' dir='ltr'><strong>Τοσαύτη</strong></span> <span class='ocrx_word' id='word_1_762' title='bbox 3554 4669 3714 4744; x_wconf 77' lang='grc' dir='ltr'><strong>γὰρὴ</strong></span> <span class='ocrx_word' id='word_1_763' title='bbox 3746 4661 3826 4718; x_wconf 79' lang='grc' dir='ltr'><strong>τοῦ</strong></span> 
     </span>
    </p>
   </div>
   <div class='ocr_carea' id='block_1_101' title="bbox 2262 4765 3826 4848">
    <p class='ocr_par' dir='ltr' id='par_1_101' title="bbox 2262 4765 3826 4848">
     <span class='ocr_line' id='line_1_101' title="bbox 2262 4765 3826 4848; baseline -0.015 -13"><span class='ocrx_word' id='word_1_764' title='bbox 2262 4778 2397 4835; x_wconf 84' lang='grc' dir='ltr'><strong>Θεοῦ</strong></span> <span class='ocrx_word' id='word_1_765' title='bbox 2428 4778 2678 4848; x_wconf 86' lang='grc' dir='ltr'><strong>δύναμις,</strong></span> <span class='ocrx_word' id='word_1_766' title='bbox 2698 4776 2773 4840; x_wconf 87' lang='grc' dir='ltr'><strong>ὡς</strong></span> <span class='ocrx_word' id='word_1_767' title='bbox 2796 4773 3056 4843; x_wconf 83' lang='grc' dir='ltr'><strong>οὐρανοῦ</strong></span> <span class='ocrx_word' id='word_1_768' title='bbox 3106 4771 3202 4826; x_wconf 74' lang='grc' dir='ltr'><strong>καὶ</strong></span> <span class='ocrx_word' id='word_1_769' title='bbox 3226 4769 3333 4826; x_wconf 86' lang='grc' dir='ltr'><strong>τῶν</strong></span> <span class='ocrx_word' id='word_1_770' title='bbox 3359 4769 3462 4825; x_wconf 80' lang='grc' dir='ltr'>ὑπὸ</span> <span class='ocrx_word' id='word_1_771' title='bbox 3494 4765 3679 4822; x_wconf 88' lang='grc' dir='ltr'><strong>τούτου</strong></span> <span class='ocrx_word' id='word_1_772' title='bbox 3717 4775 3826 4830; x_wconf 78' lang='grc' dir='ltr'><strong>κρα-</strong></span> 
     </span>
    </p>
   </div>
   <div class='ocr_carea' id='block_1_102' title="bbox 2263 4856 3827 4935">
    <p class='ocr_par' dir='ltr' id='par_1_102' title="bbox 2263 4856 3827 4935">
     <span class='ocr_line' id='line_1_102' title="bbox 2263 4856 3827 4935; baseline -0.011 -7"><span class='ocrx_word' id='word_1_773' title='bbox 2263 4872 2568 4928; x_wconf 79' lang='grc' dir='ltr'><strong>τεῖν.”Οθεν</strong></span> <span class='ocrx_word' id='word_1_774' title='bbox 2610 4870 2710 4924; x_wconf 83' lang='grc' dir='ltr'><strong>ἀπ’</strong></span> <span class='ocrx_word' id='word_1_775' title='bbox 2740 4868 2956 4935; x_wconf 75' lang='grc' dir='ltr'><strong>αἰῶνος</strong></span> <span class='ocrx_word' id='word_1_776' title='bbox 3001 4869 3112 4922; x_wconf 80' lang='grc' dir='ltr'><strong>οὐκ</strong></span> <span class='ocrx_word' id='word_1_777' title='bbox 3158 4865 3510 4934; x_wconf 79' lang='grc' dir='ltr'><strong>ἠκούσαμεν</strong></span> <span class='ocrx_word' id='word_1_778' title='bbox 3545 4859 3625 4922; x_wconf 83' lang='grc' dir='ltr'><strong>τίς</strong></span> <span class='ocrx_word' id='word_1_779' title='bbox 3663 4856 3827 4922; x_wconf 73' lang='grc' dir='ltr'><strong>ἕτερος</strong></span> 
     </span>
    </p>
   </div>
   <div class='ocr_carea' id='block_1_103' title="bbox 2264 4947 3824 5027">
    <p class='ocr_par' dir='ltr' id='par_1_103' title="bbox 2264 4947 3824 5027">
     <span class='ocr_line' id='line_1_103' title="bbox 2264 4947 3824 5027; baseline -0.01 -8"><span class='ocrx_word' id='word_1_780' title='bbox 2264 4963 2504 5026; x_wconf 80' lang='grc' dir='ltr'><strong>τοιοῦτος</strong></span> <span class='ocrx_word' id='word_1_781' title='bbox 2573 4962 2740 5027; x_wconf 78' lang='grc' dir='ltr'><strong>Θεὸς,</strong></span> <span class='ocrx_word' id='word_1_782' title='bbox 2778 4959 2899 5014; x_wconf 75' lang='grc' dir='ltr'><strong>οὐδὲ</strong></span> <span class='ocrx_word' id='word_1_783' title='bbox 2957 4957 3217 5012; x_wconf 82' lang='grc' dir='ltr'><strong>τοιούτων</strong></span> <span class='ocrx_word' id='word_1_784' title='bbox 3282 4955 3471 5027; x_wconf 76' lang='grc' dir='ltr'><strong>ἔργων</strong></span> <span class='ocrx_word' id='word_1_785' title='bbox 3537 4947 3824 5017; x_wconf 78' lang='grc' dir='ltr'><strong>τεθεάμεθα</strong></span> 
     </span>
    </p>
   </div>
   <div class='ocr_carea' id='block_1_104' title="bbox 2271 5036 3822 5126">
    <p class='ocr_par' dir='ltr' id='par_1_104' title="bbox 2271 5036 3822 5126">
     <span class='ocr_line' id='line_1_104' title="bbox 2271 5036 3822 5126; baseline -0.012 -13"><span class='ocrx_word' id='word_1_786' title='bbox 2271 5056 2548 5126; x_wconf 75' lang='grc' dir='ltr'><strong>ποιητήνο</strong></span> <span class='ocrx_word' id='word_1_787' title='bbox 2585 5055 2718 5108; x_wconf 76' lang='grc' dir='ltr'><strong>Θεὸν</strong></span> <span class='ocrx_word' id='word_1_788' title='bbox 2749 5054 2849 5124; x_wconf 74' lang='grc' dir='ltr'><strong>μὲν</strong></span> <span class='ocrx_word' id='word_1_789' title='bbox 2874 5052 2984 5124; x_wconf 84' lang='grc' dir='ltr'><strong>γὰρ</strong></span> <span class='ocrx_word' id='word_1_790' title='bbox 3010 5052 3184 5115; x_wconf 68' lang='grc' dir='ltr'><strong>οὐδεὶς</strong></span> <span class='ocrx_word' id='word_1_791' title='bbox 3213 5051 3422 5121; x_wconf 78' lang='grc' dir='ltr'><strong>ἑώρακε</strong></span> <span class='ocrx_word' id='word_1_792' title='bbox 3452 5046 3663 5101; x_wconf 78' lang='grc' dir='ltr'><strong>πώποτε</strong></span> <span class='ocrx_word' id='word_1_793' title='bbox 3683 5059 3697 5071; x_wconf 92' lang='grc'><strong>·</strong></span> <span class='ocrx_word' id='word_1_794' title='bbox 3725 5036 3822 5126; x_wconf 60' lang='lat' dir='ltr'><strong>xa‘.</strong></span> 
     </span>
    </p>
   </div>
   <div class='ocr_carea' id='block_1_105' title="bbox 2273 5119 3820 5216">
    <p class='ocr_par' dir='ltr' id='par_1_105' title="bbox 2273 5119 3820 5216">
     <span class='ocr_line' id='line_1_105' title="bbox 2273 5119 3820 5216; baseline -0.011 -13"><span class='ocrx_word' id='word_1_795' title='bbox 2273 5148 2463 5211; x_wconf 76' lang='grc' dir='ltr'><strong>Οὐδεὶς</strong></span> <span class='ocrx_word' id='word_1_796' title='bbox 2481 5145 2670 5216; x_wconf 53' lang='grc' dir='ltr'><strong>ὂψεταὶ</strong></span> <span class='ocrx_word' id='word_1_797' title='bbox 2707 5161 2808 5216; x_wconf 85' lang='grc' dir='ltr'><strong>μου</strong></span> <span class='ocrx_word' id='word_1_798' title='bbox 2839 5144 2900 5197; x_wconf 83' lang='grc' dir='ltr'><strong>τὸ</strong></span> <span class='ocrx_word' id='word_1_799' title='bbox 2929 5143 3223 5214; x_wconf 79' lang='grc' dir='ltr'><strong>πρόσωπον</strong></span> <span class='ocrx_word' id='word_1_800' title='bbox 3255 5142 3349 5197; x_wconf 76' lang='grc' dir='ltr'><strong>καὶ</strong></span> <span class='ocrx_word' id='word_1_801' title='bbox 3379 5141 3620 5210; x_wconf 77' lang='grc' dir='ltr'><strong>ζήσεται.</strong></span> <span class='ocrx_word' id='word_1_802' title='bbox 3636 5130 3742 5199; x_wconf 76' lang='grc' dir='ltr'><strong>Ἀφ’</strong></span> <span class='ocrx_word' id='word_1_803' title='bbox 3758 5119 3820 5179; x_wconf 75' lang='grc' dir='ltr'><strong>ὧν</strong></span> 
     </span>
    </p>
   </div>
   <div class='ocr_carea' id='block_1_106' title="bbox 2270 5223 3823 5319">
    <p class='ocr_par' dir='ltr' id='par_1_106' title="bbox 2270 5223 3823 5319">
     <span class='ocr_line' id='line_1_106' title="bbox 2270 5223 3823 5319; baseline -0.013 -25"><span class='ocrx_word' id='word_1_804' title='bbox 2270 5241 2326 5295; x_wconf 82' lang='grc' dir='ltr'>δὲ</span> <span class='ocrx_word' id='word_1_805' title='bbox 2357 5242 2502 5292; x_wconf 83' lang='grc' dir='ltr'><strong>ποιεῖ</strong></span> <span class='ocrx_word' id='word_1_806' title='bbox 2550 5238 2642 5291; x_wconf 76' lang='grc' dir='ltr'><strong>καὶ</strong></span> <span class='ocrx_word' id='word_1_807' title='bbox 2691 5235 2922 5306; x_wconf 80' lang='grc' dir='ltr'><strong>πράττει</strong></span> <span class='ocrx_word' id='word_1_808' title='bbox 2957 5233 3307 5306; x_wconf 81' lang='grc' dir='ltr'><strong>γνωρίζεται.</strong></span> <span class='ocrx_word' id='word_1_809' title='bbox 3343 5250 3362 5282; x_wconf 79' lang='grc' dir='ltr'><strong>ι</strong></span> <span class='ocrx_word' id='word_1_810' title='bbox 3396 5231 3478 5283; x_wconf 84' lang='grc' dir='ltr'><strong>Τὰ</strong></span> <span class='ocrx_word' id='word_1_811' title='bbox 3511 5229 3618 5297; x_wconf 79' lang='grc' dir='ltr'><strong>γὰρ</strong></span> <span class='ocrx_word' id='word_1_812' title='bbox 3643 5223 3823 5319; x_wconf 35' lang='lat' dir='ltr'><strong>iopas!</strong></span> 
     </span>
    </p>
   </div>
   <div class='ocr_carea' id='block_1_107' title="bbox 2272 5320 3820 5399">
    <p class='ocr_par' dir='ltr' id='par_1_107' title="bbox 2272 5320 3820 5399">
     <span class='ocr_line' id='line_1_107' title="bbox 2272 5320 3820 5399; baseline -0.017 -14"><span class='ocrx_word' id='word_1_813' title='bbox 2272 5330 2458 5394; x_wconf 73' lang='grc' dir='ltr'><strong>αὐτοῦ,</strong></span> <span class='ocrx_word' id='word_1_814' title='bbox 2479 5327 2664 5399; x_wconf 65' lang='grc' dir='ltr'><strong>φησιν,</strong></span> <span class='ocrx_word' id='word_1_815' title='bbox 2689 5326 2794 5380; x_wconf 80' lang='grc' dir='ltr'><strong>ἀπὸ</strong></span> <span class='ocrx_word' id='word_1_816' title='bbox 2815 5325 3044 5387; x_wconf 83' lang='grc' dir='ltr'><strong>κτίσεως</strong></span> <span class='ocrx_word' id='word_1_817' title='bbox 3067 5323 3271 5392; x_wconf 81' lang='grc' dir='ltr'><strong>κόσμου</strong></span> <span class='ocrx_word' id='word_1_818' title='bbox 3289 5323 3397 5384; x_wconf 84' lang='grc' dir='ltr'><strong>τοῖς</strong></span> <span class='ocrx_word' id='word_1_819' title='bbox 3420 5320 3543 5390; x_wconf 86' lang='grc' dir='ltr'><strong>ποιή</strong></span> <span class='ocrx_word' id='word_1_820' title='bbox 3553 5333 3672 5388; x_wconf 80' lang='grc' dir='ltr'><strong>μασι</strong></span> <span class='ocrx_word' id='word_1_821' title='bbox 3692 5325 3820 5363; x_wconf 79' lang='grc' dir='ltr'><strong>νοου-</strong></span> 
     </span>
    </p>
   </div>
   <div class='ocr_carea' id='block_1_108' title="bbox 2277 5402 3822 5495">
    <p class='ocr_par' dir='ltr' id='par_1_108' title="bbox 2277 5402 3822 5495">
     <span class='ocr_line' id='line_1_108' title="bbox 2277 5402 3822 5495; baseline -0.016 -19"><span class='ocrx_word' id='word_1_822' title='bbox 2277 5439 2416 5495; x_wconf 83' lang='grc' dir='ltr'><strong>μενα</strong></span> <span class='ocrx_word' id='word_1_823' title='bbox 2449 5421 2770 5492; x_wconf 80' lang='grc' dir='ltr'><strong>καθορᾶται.</strong></span> <span class='ocrx_word' id='word_1_824' title='bbox 2804 5435 2822 5468; x_wconf 77' lang='grc' dir='ltr'><strong>ι</strong></span> <span class='ocrx_word' id='word_1_825' title='bbox 2861 5415 2974 5469; x_wconf 70' lang='grc' dir='ltr'><strong>Καὶ</strong></span> <span class='ocrx_word' id='word_1_826' title='bbox 3001 5414 3094 5468; x_wconf 81' lang='grc' dir='ltr'><strong>τὸν</strong></span> <span class='ocrx_word' id='word_1_827' title='bbox 3124 5414 3359 5485; x_wconf 70' lang='grc' dir='ltr'><strong>Χριστὸν</strong></span> <span class='ocrx_word' id='word_1_828' title='bbox 3389 5412 3443 5465; x_wconf 81' lang='grc' dir='ltr'><strong>δὲ</strong></span> <span class='ocrx_word' id='word_1_829' title='bbox 3475 5412 3602 5472; x_wconf 76' lang='grc' dir='ltr'><strong>ἴσως</strong></span> <span class='ocrx_word' id='word_1_830' title='bbox 3625 5402 3822 5495; x_wconf 60' lang='grc' dir='ltr'><strong>αἰνίττε-</strong></span> 
     </span>
    </p>
   </div>
   <div class='ocr_carea' id='block_1_109' title="bbox 2274 5489 3816 5577">
    <p class='ocr_par' dir='ltr' id='par_1_109' title="bbox 2274 5489 3816 5577">
     <span class='ocr_line' id='line_1_109' title="bbox 2274 5489 3816 5577; baseline -0.018 -6"><span class='ocrx_word' id='word_1_831' title='bbox 2274 5535 2366 5571; x_wconf 81' lang='grc' dir='ltr'><strong>ται</strong></span> <span class='ocrx_word' id='word_1_832' title='bbox 2395 5518 2483 5569; x_wconf 73' lang='grc' dir='ltr'><strong>τὸν</strong></span> <span class='ocrx_word' id='word_1_833' title='bbox 2513 5515 2606 5568; x_wconf 72' lang='grc' dir='ltr'><strong>καὶ</strong></span> <span class='ocrx_word' id='word_1_834' title='bbox 2638 5515 2730 5567; x_wconf 78' lang='grc' dir='ltr'><strong>ἐπὶ</strong></span> <span class='ocrx_word' id='word_1_835' title='bbox 2758 5511 2850 5564; x_wconf 81' lang='grc' dir='ltr'><strong>τοῦ</strong></span> <span class='ocrx_word' id='word_1_836' title='bbox 2885 5511 3011 5564; x_wconf 79' lang='grc' dir='ltr'><strong>Σινᾶ</strong></span> <span class='ocrx_word' id='word_1_837' title='bbox 3038 5506 3274 5577; x_wconf 81' lang='grc' dir='ltr'><strong>φανέντα</strong></span> <span class='ocrx_word' id='word_1_838' title='bbox 3292 5506 3380 5558; x_wconf 64' lang='grc' dir='ltr'><strong>διὰ</strong></span> <span class='ocrx_word' id='word_1_839' title='bbox 3403 5503 3502 5573; x_wconf 77' lang='grc' dir='ltr'><strong>τῆς</strong></span> <span class='ocrx_word' id='word_1_840' title='bbox 3525 5489 3816 5572; x_wconf 83' lang='grc' dir='ltr'><strong>ἐμφαινομέ-</strong></span> 
     </span>
    </p>
   </div>
   <div class='ocr_carea' id='block_1_110' title="bbox 2280 5582 3818 5681">
    <p class='ocr_par' dir='ltr' id='par_1_110' title="bbox 2280 5582 3818 5681">
     <span class='ocr_line' id='line_1_110' title="bbox 2280 5582 3818 5681; baseline -0.007 -16"><span class='ocrx_word' id='word_1_841' title='bbox 2280 5627 2378 5681; x_wconf 84' lang='grc' dir='ltr'><strong>νης</strong></span> <span class='ocrx_word' id='word_1_842' title='bbox 2410 5610 2544 5662; x_wconf 71' lang='grc' dir='ltr'><strong>πᾶσι</strong></span> <span class='ocrx_word' id='word_1_843' title='bbox 2574 5607 2780 5673; x_wconf 79' lang='grc' dir='ltr'><strong>δόξης.</strong></span> <span class='ocrx_word' id='word_1_844' title='bbox 2815 5603 2953 5677; x_wconf 75' lang='grc' dir='ltr'><strong>Φησὶ</strong></span> <span class='ocrx_word' id='word_1_845' title='bbox 2986 5604 3114 5673; x_wconf 79' lang='grc' dir='ltr'><strong>γὰρ,</strong></span> <span class='ocrx_word' id='word_1_846' title='bbox 3136 5602 3222 5665; x_wconf 81' lang='grc' dir='ltr'><strong>Ὠς</strong></span> <span class='ocrx_word' id='word_1_847' title='bbox 3247 5598 3395 5671; x_wconf 85' lang='grc' dir='ltr'><strong>ἐώρα</strong></span> <span class='ocrx_word' id='word_1_848' title='bbox 3428 5599 3532 5662; x_wconf 79' lang='grc' dir='ltr'><strong>πᾶς</strong></span> <span class='ocrx_word' id='word_1_849' title='bbox 3556 5598 3584 5650; x_wconf 87' lang='grc' dir='ltr'><strong>ὁ</strong></span> <span class='ocrx_word' id='word_1_850' title='bbox 3611 5588 3721 5651; x_wconf 76' lang='grc' dir='ltr'><strong>λαὸς</strong></span> <span class='ocrx_word' id='word_1_851' title='bbox 3739 5582 3818 5654; x_wconf 67' lang='grc' dir='ltr'><strong>τὴν</strong></span> 
     </span>
    </p>
   </div>
   <div class='ocr_carea' id='block_1_111' title="bbox 2199 5779 3291 5853">
    <p class='ocr_par' dir='ltr' id='par_1_111' title="bbox 2199 5779 3291 5853">
     <span class='ocr_line' id='line_1_111' title="bbox 2199 5779 3291 5853; baseline -0.008 -11"><span class='ocrx_word' id='word_1_852' title='bbox 2199 5789 2370 5844; x_wconf 63' lang='lat' dir='ltr'><strong>Exod.</strong></span> <span class='ocrx_word' id='word_1_853' title='bbox 2428 5802 2621 5853; x_wconf 67' lang='lat' dir='ltr'><strong>xxxiii,</strong></span> <span class='ocrx_word' id='word_1_854' title='bbox 2686 5785 2773 5839; x_wconf 73' lang='lat'><strong>20.</strong></span> <span class='ocrx_word' id='word_1_855' title='bbox 2856 5785 2898 5816; x_wconf 69' lang='grc'><strong>⁸⁷</strong></span> <span class='ocrx_word' id='word_1_856' title='bbox 2943 5781 3097 5838; x_wconf 84' lang='lat' dir='ltr'><strong>Rom.</strong></span> <span class='ocrx_word' id='word_1_857' title='bbox 3135 5779 3291 5845; x_wconf 66' lang='lat'><strong>1,20.</strong></span> 
     </span>
    </p>
   </div>
  </div>
