4014 6554
131 413 298 480 2681

1301 418 1843 482 COMMENTARII
1885 418 1967 478 IN
2010 418 2300 481 ISAIAM.

3300 418 3448 483 268?

124 528 311 596 δόξαν
361 529 588 601 Κυρίου.
624 529 747 595 Τοῖς
795 531 855 585 δὲ
901 532 1277 602 ὑπομένουσί
1312 548 1409 594 σε,
1458 532 1605 586 τοῦτ’
1628 530 1743 584 ἔστι

1847 542 2007 584 cuam
2038 529 2298 583 omnibus
2331 528 2575 599 'gloriam
2626 531 2903 601 apparuit,
2944 530 3180 587 obscure
3224 530 3441 586 innuit:

123 624 271 685 τοῖς
321 621 637 685 ἐλπίζουσιν
690 623 786 676 ἐπὶ
832 624 923 688 σὲ,
968 621 1343 693 ἐπιδαψιλεύει
1399 624 1491 678 τὸν
1548 624 1747 678 ἔλεον.

136 714 396 785 Ἐψεται
430 715 538 786 γὰρ
563 718 780 781 πάντως
813 716 938 782 τοῖς
977 716 1089 785 τῆς
1136 717 1532 785 δικαιοσύνης
1579 716 1751 787 ἐργά-

128 824 307 873 ταις.
326 806 540 874 Ὀδοὺς
564 808 673 881 γὰρ
703 810 928 877 Κυρίου
968 809 1117 879 λέγει
1161 811 1261 874 τὰς
1294 810 1532 875 ἐντολὰς,
1561 810 1750 880 ὥσπερ

128 896 254 955 οὖν
305 902 337 955 ὁ
384 901 583 955 Δαδίδ·
626 902 715 957 Ἐν
742 906 811 973 τῇ
843 902 948 974 ὁδῷ
981 920 1076 957 σου
1108 902 1369 974 ζήσομαι,
1404 903 1501 957 καὶ
1542 902 1705 957 πάλιν
1730 916 1747 934 ο

142 993 323 1049 Ὀδὸν
366 994 598 1049 ἐντολῶν
642 1012 736 1049 σου
779 996 1015 1067 ἔδραμον
1034 1036 1049 1059 ,
1077 995 1157 1050 ὅτ’
1182 995 1249 1051 ἂν
1299 996 1607 1060 ἑπλάτυνας
1649 995 1749 1067 τὴν

128 1088 392 1159 καρδίαν
443 1106 567 1159 μου.
584 1089 784 1143 ’ἰστέον
831 1089 891 1143 δὲ
937 1090 1013 1154 ὡς
1061 1088 1156 1156 τὸ,
1202 1090 1328 1145 Οὐκ
1368 1089 1747 1159 ἠκούσαμεν,

128 1181 302 1237 οὐδὲ
344 1183 399 1236 οἱ
447 1180 741 1251 ὀφθαλμοί
787 1180 959 1250 ἡμῶν
990 1177 1175 1246 εἶδον,
1209 1182 1426 1252 εἴρηται
1456 1182 1556 1252 μὲν
1581 1183 1662 1245 είς
1687 1180 1751 1235 τδ

129 1269 254 1339 τῆς
297 1268 454 1334 Θείας
484 1269 767 1340 δυνάμεως
798 1271 1208 1344 ἀπαράϐλητον.
1228 1272 1288 1325 '0
1309 1273 1369 1325 δὲ
1400 1270 1612 1336 Παῦλος
1645 1288 1751 1343 μη-

131 1362 241 1416 δὲν
271 1360 454 1433 τούτῳ
497 1363 915 1433 λυμαινόμενος,
959 1366 1041 1426 si;
1088 1365 1159 1418 τά
1201 1363 1611 1432 ἐπαγγελθέντα
1636 1366 1751 1429 τοῖς

137 1459 419 1525 ἀγαπῶσι
449 1461 540 1513 τὸν
567 1460 701 1513 Θεὸν
728 1461 1011 1533 ὲξείληφεν
1048 1461 1248 1527 ἀγαθὰ,
1279 1459 1313 1514 ἃ
1338 1459 1616 1530 ὀφθαλμὸς
1648 1462 1748 1514 οὐκ

135 1545 317 1611 εἶδεν,
350 1549 446 1602 καὶ
489 1545 582 1613 οῦς
626 1549 727 1603 οὐκ
772 1550 1027 1622 ἤκουσεν.
1063 1548 1228 1603 Οὐδὲν
1260 1548 1371 1619 γὰρ
1399 1547 1638 1601 τοιοῦτον
1685 1548 1746 1601 οὐ

138 1638 368 1702 θεατὸν,
398 1638 523 1692 οὔτε
569 1640 675 1709 μὴν
723 1642 1006 1694 ἀκουστὸν.
1044 1639 1153 1692 Kal
1183 1637 1418 1708 ἀλλαχοῦ
1452 1638 1510 1691 δέ
1541 1654 1706 1708 φησιν
1731 1654 1747 1671 ο

1851 636 1978 676 cum
2010 622 2311 691 Scriptura:
2341 624 2660 679 testimonio
2689 625 2948 694 populum
2981 639 3197 677 omnem
3227 623 3441 679 Domini

1851 713 2081 785 gloriam
2128 713 2388 768 intuitum
2437 729 2566 770 esse
2608 714 3059 771 didicerimus".
3106 713 3265 781 Quod
3312 730 3446 770 vero

1849 805 2277 876 exspectantibus
2309 816 2358 861 te
2382 807 2685 871 addidit,ad
2709 815 2994 876 sperantes
3026 808 3077 861 in
3104 806 3274 862 Deum
3296 816 3448 862 retu-

1849 896 1914 950 lit
1938 915 1953 962 ;
1981 898 2183 968 quibus
2213 907 2299 953 est
2332 897 2552 953 abunde
2584 898 3015 952 misericordiam
3060 912 3216 952 suam
3258 898 3446 969 largiri

1851 989 2069 1047 solitus.
2110 989 2389 1061 Sequetur
2422 992 2570 1046 enim
2592 1007 2682 1046 eos
2712 991 2905 1062 procul
2938 991 3129 1053 dubio,
3160 991 3253 1061 qui
3279 990 3446 1060 justi-

1853 1084 1983 1137 tiam
2016 1085 2243 1157 laciunt.
2275 1083 2463 1155 Neque
2493 1098 2627 1140 sane
2663 1084 2872 1139 viarum
2901 1082 3002 1138 Dei
3036 1083 3261 1137 nomine
3290 1082 3445 1152 quid-

1850 1192 2018 1249 quam
2046 1177 2216 1243 aliud,
2246 1193 2412 1249 quam
2442 1178 2563 1249 ejus
2617 1184 2889 1248 praecepta
2942 1176 3234 1247 intelligit:
3279 1175 3446 1246 quale

1850 1276 1939 1325 est
1969 1269 2115 1340 apud
2152 1268 2435 1334 Davidem,
2464 1271 2557 1325 ubi
2599 1270 2742 1327 sein
2782 1270 2868 1325 via
2898 1270 3019 1340 ejus
3049 1269 3321 1325 victuram
3354 1267 3443 1323 di-

1850 1361 2025 1415 cit”:
2057 1361 2146 1415 ubi
2179 1362 2308 1417 item
2339 1363 2395 1416 in
2425 1362 2512 1416 via
2547 1362 2928 1416 mandatorum
2962 1361 3085 1430 ejus
3116 1360 3435 1417 cucurrisse

1851 1469 1932 1518 se,
1954 1468 2080 1508 cum
2101 1462 2249 1510 esset
2267 1455 2334 1510 ab
2357 1455 2547 1511 eodem
2581 1471 2676 1511 cor
2698 1456 2818 1524 ejus
2840 1455 3150 1509 dilatatum.
3184 1453 3281 1508 Est
3301 1466 3434 1509 vero

1852 1545 2280 1617 haudquaquam
2307 1546 2690 1615 ignorandum,
2741 1548 2887 1616 quod
2934 1562 2994 1601 se
3014 1563 3106 1600 nec
3150 1545 3440 1607 audivisse,

1852 1653 1944 1691 nec
1983 1638 2150 1693 oculis
2185 1639 2298 1693 suis
2343 1639 2537 1694 vidisse
2576 1639 2797 1709 adjecit,
2828 1655 2895 1694 eo
2935 1638 3040 1694 line
3082 1637 3329 1704 dixisse;
3382 1646 3443 1692 ut

152 1729 385 1798 Ἀρθεές
408 1730 514 1791 ἓως
541 1731 728 1800 τρίτου
754 1729 987 1800 οὐρανοῦ
1020 1730 1227 1801 ἥκουσα
1252 1729 1471 1800 ἄρρητα
1500 1731 1743 1799 ῥήματα,

1852 1727 1947 1784 Dei
1985 1730 2129 1785 vires
2147 1745 2270 1784 cum
2302 1731 2469 1785 nullis
2499 1746 2659 1800 posse
2687 1730 2995 1800 comparari
3014 1729 3439 1785 demonstraret.

136 1820 178 1874 ἆ
213 1823 322 1874 οῦκ
349 1822 474 1886 ἐξὸν
501 1821 774 1893 ἀνθρώπῳ
811 1822 1062 1892 λαλῆσαι·
1096 1823 1196 1892 οὐχ
1235 1822 1310 1884 ὡς
1356 1822 1634 1885 ἐνταλθεὶς
1670 1823 1743 1895 μὴ

1850 1820 2007 1887 Quod
2036 1822 2238 1878 Paulus
2272 1833 2476 1888 tamen,
2513 1827 2662 1879 nulla
2698 1826 2799 1879 loci
2832 1826 3156 1893 violatione,
3177 1824 3243 1880 ad
3268 1826 3439 1885 bona,

138 1914 355 1978 εἰπεῖν,
384 1914 501 1968 ἀλλ’
532 1914 609 1978 ὡς
642 1912 720 1984 μὴ
750 1915 959 1985 φρᾶσαι.
987 1912 1164 1968 ταῦτα
1198 1914 1337 1985 πρὸς
1380 1913 1537 1978 ἀξίαν
1585 1914 1743 1968 δυνά-

1850 1930 1971 1984 qua:
2006 1914 2176 1969 Deum
2212 1916 2571 1985 diligentibus
2613 1918 3032 1988 promittuntur,
3059 1932 3179 1989 qua:
3202 1930 3444 1972 necocu-

139 2022 341 2074 μενος-
1853 2006 1939 2060 lus
1975 2005 2133 2072 vidit,
2189 2024 2292 2064 nec
2333 2010 2483 2064 auris
2534 2010 2759 2076 audivit,
2813 2011 3075 2066 retulit‘:
3129 2023 3255 2065 cum
3303 2006 3437 2062 nihil

135 2097 425 2167 ejusmodi
463 2098 515 2151 in
565 2097 854 2151 oculorum
881 2096 964 2151 vel
1006 2095 1225 2151 aurium
1284 2110 1483 2152 sensus
1537 2098 1738 2151 cadere
1780 2098 2269 2155 animadverteret.
2302 2099 2367 2156 Et
2394 2116 2525 2156 vero
2557 2103 2711 2165 alibi,
2780 2120 2905 2158 cum
2947 2111 3096 2160 esset
3167 2100 3328 2172 733
3371 2101 3437 2155 ad

137 2193 380 2245 tertium
423 2206 597 2261 usque
623 2190 821 2246 crelum
874 2200 1123 2253 evectus,
1155 2204 1220 2245 ea
1268 2204 1328 2245 se
1393 2204 1595 2244 arcana
1662 2189 1827 2244 verba
1863 2191 2143 2246 audivisse
2167 2194 2367 2247 asserit
2413 2194 2456 2259 ',
2490 2208 2611 2263 qua:
2651 2195 2804 2249 eﬂ‘ari
2842 2195 3051 2249 homini
3098 2211 3211 2250 non
3254 2196 3440 2251 liccat.

135 2285 269 2341 Non
316 2285 466 2353 quod
508 2293 691 2338 tacere
735 2284 788 2335 in
837 2281 1113 2337 mandatis
1142 2282 1382 2351 ihaberet
1438 2282 1534 2337 sed
1590 2282 1735 2352 quod
1775 2282 1971 2339 eiferre
2001 2300 2098 2353 pro
2130 2283 2403 2356 dignitate
2426 2302 2533 2340 non
2564 2295 2767 2356 posset.

228 2380 398 2434 Ἰδοὺ
429 2380 510 2434 σὺ
538 2381 868 2450 ιῦρτίσθης,
904 2379 1003 2433 καί
1050 2378 1223 2448 ἡμεῖς
1266 2378 1640 2449 ἡμάρτομεν
1675 2380 1743 2445 ὡς

1928 2381 2197 2453 Sequitur
2218 2399 2390 2439 vero:
2425 2383 2562 2438 Ecce
2590 2395 2644 2439 tu
2671 2388 2842 2441 iratus
2881 2402 2957 2453 es,
2995 2396 3044 2441 et
3089 2404 3183 2442 nos
3202 2385 3443 2456 peccavi-

136 2476 191 2529 εἰ
224 2475 567 2546 σαφέστερον
595 2473 806 2542 ἔλεγεν,
840 2472 1062 2543 Ἐπειδὴ
1089 2473 1250 2543 ἡμεῖς
1278 2471 1642 2542 ἡμάρτομεν,
1669 2472 1743 2526 σὺ

1851 2490 2008 2528 mus:
2048 2483 2309 2542 tanquam
2345 2490 2410 2531 eo
2444 2478 2586 2546 ipso,
2623 2477 2767 2547 quod
2801 2480 3155 2547 peccaverint,
3188 2480 3350 2535 irasci
3381 2495 3443 2535 se

136 2568 474 2637 ὠργίσθης.
508 2568 617 2621 Kal
645 2568 821 2629 ἄλλως
851 2567 929 2628 δὲ,
951 2566 1087 2621 Θεοῦ
1120 2567 1269 2636 ἡμᾶς
1303 2566 1743 2635 ἀποστραφέντος

1850 2567 2094 2637 apertius
2138 2568 2436 2639 significet.
2491 2570 2645 2625 Alias
2688 2571 2851 2625 etiam
2902 2572 2947 2626 si
2990 2587 3019 2625 a
3056 2573 3217 2627 nobis
3268 2573 3435 2639 l'leus,

136 2662 220 2716 δι’
242 2663 560 2731 ἁμαρτίας,
586 2662 772 2731 μεῖζον
802 2663 859 2714 ὲν
882 2662 1014 2732 ἡμῖν
1042 2660 1103 2713 τὸ
1138 2659 1311 2712 κακὸν
1340 2656 1613 2728 ἐμφύεται
1636 2675 1649 2688 ·
1674 2657 1743 2722 ὡς

1847 2669 2063 2729 propter
2098 2660 2431 2730 iniquitates,
2466 2674 2779 2727 avertatur;
2836 2665 3013 2735 majus
3044 2666 3097 2721 in
3129 2666 3286 2721 nobis
3322 2682 3438 2721 ma-

137 2754 511 2822 παιδαγωγοῦ
556 2770 702 2815 τινος
738 2752 1136 2823 ἀπειλήσαντος
1183 2750 1283 2821 μὲν
1323 2750 1607 2818 πολλάκις,
1649 2751 1741 2804 καὶ

1849 2750 1959 2805 lum
1997 2753 2333 2809 innascitur:
2364 2769 2487 2809 cum
2512 2770 2655 2825 saepe
2672 2757 3088 2826 quidem.veluti
3111 2759 3439 2830 paedagogus

136 2848 450 2918 τύψαντος,
488 2846 640 2910 τέλος
683 2846 739 2900 δὲ
772 2846 1094 2921 παριδόντος
1125 2846 1246 2901 νὲον
1280 2845 1520 2915 συνεχῶς
1559 2845 1743 2917 ἀμαρ-

1847 2843 2070 2914 aliquis,
2093 2845 2289 2898 minari
2316 2846 2525 2901 soleat:
2548 2863 2693 2916 saepe
2721 2847 2887 2902 etiam
2922 2849 3121 2904 ferire:
3160 2859 3441 2921 postremo

140 2940 413 2994 τάνοντα.
431 2936 618 3001 Μείζω
640 2938 747 3009 γὰρ
766 2931 923 3000 οὗτος
945 2937 1053 2991 τῶν
1080 2937 1264 2992 κακῶν
1283 2937 1395 3003 ἔξει.
1415 2935 1513 3008 τὴν
1536 2936 1739 2991 ἄδειαν.

1851 2945 2034 2992 autem
2069 2953 2352 3007 spernere,
2385 2939 2431 2994 si
2456 2955 2595 2993 nova
2630 2939 2913 3011 prioribus
2947 2957 3167 3012 semper
3200 2943 3442 3013 adjicere

136 3032 210 3084 Εἰ
252 3030 363 3101 γὰρ
410 3028 544 3083 Θεοῦ
579 3029 969 3101 συνεργοῦντός
1001 3031 1170 3100 ἐσμεν
1199 3028 1396 3097 ἀγαθοί
1417 3043 1431 3057 ο
1458 3027 1639 3098 δῆλον,
1667 3028 1743 3090 ὡς

1852 3038 2172 3098 peccantem
2203 3016 2407 3088 videat.
2445 3029 2713 3086 Futurum
2754 3042 2838 3088 est
2867 3032 3039 3101 enim,
3082 3040 3143 3087 ut
3176 3035 3269 3104 qui
3313 3034 3441 3090 talis

136 3122 613 3193 ἀποστραφέντος,
632 3122 895 3192 μειζόνως
921 3123 1101 3175 κακοί.
1126 3121 1258 3185 Θεὸς
1281 3121 1387 3192 γάρ
1415 3121 1563 3173 ἐστιν
1587 3122 1616 3173 ὁ
1634 3119 1743 3171 τῶν

1850 3124 1943 3185 sit,
1979 3123 2247 3176 malorum
2301 3133 2449 3177 metu
2497 3125 2682 3180 minus
2735 3123 3023 3179 adiciatur.
3064 3125 3121 3179 Si
3154 3126 3300 3181 enim
3328 3126 3442 3182 Deo

135 3214 431 3282 δυνάμεων
458 3214 678 3284 Κύριος.
703 3214 814 3267 Kal
834 3213 943 3286 γὰρ
976 3215 1080 3284 ἔφη
1110 3213 1342 3285 Χριστός
1360 3229 1377 3246 θ
1406 3214 1588 3284 Χωρὶς
1608 3211 1742 3282 ἐμοῦ

1849 3214 2151 3267 accedente
2205 3212 2333 3266 boni
2389 3213 2702 3281 reddimur;
2759 3215 2954 3270 eodem
2999 3215 3166 3272 etiam
3207 3232 3239 3271 a
3280 3217 3443 3272 nobis

136 3309 203 3361 οὐ
241 3307 471 3361 δύνασθε
508 3309 682 3361 ποιεῖν
710 3307 883 3361 οὐδέν.
925 3308 1035 3360 Kal
1081 3306 1347 3377 περὶτῶν
1382 3307 1552 3374 ἁγίων
1582 3307 1743 3375 φησιν

1853 3306 2146 3361 recedi-nte
2200 3305 2493 3374 nequiores
2541 3308 2699 3379 longe
2746 3307 2863 3363 ﬁeri
2906 3307 3261 3364 manifestum
3309 3318 3437 3366 est:

137 3403 170 3452 ὁ
204 3399 373 3452 Δαὸίδ
397 3414 410 3429 '
447 3399 603 3451 ι”Οτι
633 3398 693 3451 τὸ
724 3398 990 3468 καύχημα
1021 3397 1127 3450 τῶν
1153 3397 1438 3466 δυνάμεων
1472 3396 1651 3451 αὐτῶν
1691 3393 1743 3449 εἷ

141 3492 233 3546 σύ.
271 3511 290 3544 ι
321 3491 433 3545 Kal
464 3490 697 3561 ἀλλαχοῦ
727 3490 784 3543 δέ
820 3507 984 3562 φησιν
1003 3510 1018 3522 ·
1053 3510 1071 3546 ι
1100 3492 1214 3546 Οὐκ
1244 3492 1335 3544 ἐπὶ
1365 3491 1441 3559 τῷ
1471 3490 1610 3559 τόξῳ
1638 3506 1739 3560 μου

138 3584 340 3651 ὲλπιω,
383 3585 530 3654 καὶὴ
565 3582 811 3654 ῥομφαία
842 3600 942 3654 μου
969 3583 1030 3635 οὐ
1064 3582 1225 3635 σώσει
1261 3583 1611 3652 με.¹Ἐσωσας
1632 3583 1741 3653 γὰρ

140 3679 296 3747 ἡμᾶς
348 3679 415 3730 ὲκ
463 3675 571 3729 τῶν
621 3675 913 3729 θλιϐόντων
959 3676 1127 3745 ἡμᾶς.
1162 3694 1181 3725 ι
1220 3676 1294 3728 Οὐ
1337 3674 1447 3745 γάρ
1493 3675 1578 3742 ἐφ’
1608 3675 1740 3744 ἡμῖν

139 3771 440 3835 τοσοῦτον,
476 3771 602 3824 ὅσον
648 3772 705 3823 ἐν
749 3769 888 3839 Θεῷ,
931 3769 1033 3838 τῆς
1082 3767 1357 3838 σωτηρίας
1406 3768 1439 3834 ἡ
1489 3766 1737 3836 δύναμις.

155 3863 324 3917 Ἀλλὰ
353 3864 448 3916 καὶ⁸
483 3861 933 3930 ἐπλανήθημεν.
962 3860 1116 3930 φησι,
1144 3858 1243 3912 καὶ
1271 3857 1640 3927 ἐγενήθημεν
1659 3857 1740 3923 ὡς

144 3958 493 4026 ἀκάθαρτοι.
528 3958 588 4009 Εἰ
618 3956 673 4010 δὲ
708 3956 803 4009 καὶ
828 3954 969 4021 δόξει
1000 3972 1083 4019 τις
1123 3954 1180 4008 ὲν
1211 3954 1341 4024 ἡμῖν
1370 3952 1570 4005 δικαία
1594 3952 1739 4022 πρᾶ-

143 4053 224 4116 ξις
259 4050 635 4122 εὑρίσκεσθαι,
672 4047 1064 4119 septimam-1;
1124 4048 1220 4101 καὶ
1254 4045 1393 4116 αὕτη
1421 4047 1515 4099 καὶ
1546 4047 1740 4115 ἄτιμος

143 4146 516 4215 ἐξελέγχεται.
549 4144 656 4197 Kal
684 4143 801 4205 πῶς
831 4143 939 4213 γὰρ
971 4141 1039 4195 ἂν
1084 4140 1170 4210 εἴη
1218 4139 1573 4205 δικαιοσύνη
1600 4141 1741 4210 παρ’

142 4236 335 4297 αὐτοῖς
364 4236 445 4296 εἰς
468 4233 703 4303 Χριστὸν
729 4232 1026 4302 ἠσεϐηκόσι
1049 4271 1063 4295 ,
1105 4231 1203 4302 τὴν
1231 4229 1398 4292 ὅντως
1428 4230 1735 4286 δικαιοσύ-

1843 3411 1969 3449 cum
2004 3396 2177 3450 Deum
2202 3411 2326 3452 esse
2350 3398 2620 3452 virtutum
2656 3397 2947 3453 Dominum
2979 3414 3140 3455 nemo
3175 3400 3437 3467 ambigat:

1842 3502 1968 3541 cum
2022 3488 2302 3543 Christum
2353 3489 2519 3545 etiam
2596 3490 2810 3559 absque
2880 3506 2940 3547 se
3010 3490 3145 3546 nihil
3191 3492 3439 3561 praestari

1841 3593 2027 3650 posse,
2056 3579 2357 3638 aﬂirmasse
2386 3591 2597 3637 certum
2623 3582 2697 3637 sit
2723 3582 2766 3636 ³.
2802 3580 3007 3639 Scribit
3037 3598 3201 3654 porro
3221 3583 3288 3637 de
3314 3599 3442 3639 san-

1841 3674 1947 3728 ctis
1970 3682 2023 3729 et
2048 3672 2216 3729 David
2236 3674 2383 3729 hunc
2400 3675 2453 3728 in
2475 3675 2732 3729 modum:
2757 3675 3029 3741 Quoniam
3055 3676 3308 3746 gloriatio
3329 3674 3443 3729 vir-

1842 3774 2020 3820 tutum
2050 3766 2166 3837 ipse
2199 3781 2259 3822 es
2277 3765 2322 3820 ⁵.
2359 3786 2378 3819 ›
2424 3765 2491 3820 Et
2524 3768 2652 3821 alibi
2685 3786 2697 3822 :
2736 3767 2882 3822 «Non
2919 3768 2972 3821 in
2995 3783 3125 3822 arcu
3165 3782 3286 3821 meo
3316 3782 3443 3836 spe-

1843 3860 2009 3927 rabo;
2049 3876 2227 3931 neque
2264 3860 2478 3930 gladius
2518 3876 2677 3916 meus
2740 3859 2980 3915 salvabit
3042 3874 3149 3914 me.
3202 3858 3435 3916 Salvasti

1842 3955 1988 4009 enim
2017 3969 2121 4009 nos
2155 3967 2185 4006 a
2214 3953 2669 4008 tribulationibus
2701 3955 2743 4007 '.
2782 3971 2801 4005 ι
2860 3951 3050 4023 Neque
3098 3953 3245 4007 enim
3285 3961 3439 4007 tanta

1841 4056 1927 4101 est
1970 4047 2023 4100 in
2070 4046 2232 4100 nobis
2288 4046 2464 4100 virtus
2506 4046 2573 4099 ad
2625 4045 2885 4112 salutem,
2953 4055 3159 4116 quanta
3210 4047 3265 4100 in
3302 4044 3438 4101 Deo.

1843 4138 2153 4205 Quinetiam
2185 4140 2503 4204 erravimus,
2554 4139 2741 4206 addit,
2777 4151 2825 4194 et
2879 4141 3011 4209 facti
3056 4157 3240 4194 sumus
3285 4140 3443 4208 quasi

1843 4229 2121 4285 immundi.
2172 4229 2286 4282 luto
2318 4244 2468 4293 vero,
2517 4228 2561 4283 si
2600 4228 2860 4283 nonnulla
2916 4230 2968 4282 in
3011 4229 3171 4284 nobis
3216 4239 3442 4298 apparet

142 4344 295 4393 my;
315 4326 660 4394 Ἀκάθαρτοι
690 4327 893 4387 τοίνυν,
926 4323 1031 4377 κᾶν
1060 4324 1269 4377 δοκοῖέν
1300 4340 1444 4386 τινες
1476 4324 1739 4387 ἐπιεικεῖς

1847 4318 1988 4386 iusta
2021 4321 2199 4384 actio;
2234 4322 2548 4389 reperietur
2575 4318 2851 4375 immunda
2880 4328 2933 4373 et
2969 4320 3111 4387 ipsa,
3151 4320 3441 4390 gloriaque

144 4419 205 4471 ἰν
239 4417 447 4478 αὐτοῖς.
487 4417 607 4469 Κᾶν
634 4415 743 4486 γὰρ
776 4416 1148 4486 παρατηροῖεν
1188 4412 1288 4478 τὰς
1333 4414 1575 4481 ἐντολὰς,
1604 4414 1741 4469 ἀλλὰ

142 4511 390 4565 διάθεσιν
413 4508 515 4561 οὐκ
548 4507 735 4577 ἔχουσι
778 4506 912 4576 πρὸς
942 4506 1095 4560 Θεόν.
1129 4504 1302 4560 Τοῦτο
1323 4506 1381 4559 δὲ
1413 4507 1507 4559 καὶ
1536 4507 1740 4575 Expav-

1843 4411 2129 4466 destituta.
2162 4411 2507 4479 Ecquaenim
2542 4411 2687 4479 apud
2714 4426 2809 4467 eos
2841 4412 3200 4481 essejustitia
3224 4411 3433 4478 valeat,

1844 4506 1936 4574 qui
1962 4506 2013 4558 in
2044 4502 2346 4566 Christum,
2378 4502 2471 4572 qui
2492 4504 2714 4571 justitia
2753 4517 2880 4557 vere
2925 4518 3007 4567 es,
3039 4503 3205 4573 impie
3247 4504 3441 4559 saevie-

142 4616 253 4655 σιν
282 4598 449 4668 ἡμῖν,
472 4598 552 4664 ὠς
597 4598 859 4667 φύλλοις
887 4597 955 4650 ἐκ
978 4594 1229 4664 δένδρου
1281 4596 1606 4666 πεποίηκεν,
1641 4597 1741 4665 τῆς

1847 4596 2181 4651 rnnt?Sunt
2232 4597 2402 4666 igitur
2442 4596 2721 4659 immundi,
2768 4598 3125 4665 quantumvis
3174 4597 3321 4651 inter
3341 4612 3439 4652 eos

145 4691 363 4747 ἑαυτῶν
412 4691 570 4761 ῥίζης
619 4687 1026 4743 ἐκπεπτωκόσι.
1060 4687 1170 4742 Kal
1216 4690 1244 4741 ὁ
1282 4688 1381 4757 μὲν
1415 4688 1740 4751 Ἀπόστολος

144 4786 241 4841 τοῦ
270 4785 457 4849 ἔθνους
488 4782 835 4855 κατηγορῶν,
862 4782 937 4845 ὡς
971 4781 1201 4844 κλάδους
1247 4781 1354 4834 ἀπὸ
1394 4781 1610 4851 δένδρου
1643 4799 1738 4834 κεν

147 4874 388 4932 κλᾶσοαί
440 4891 627 4946 φησιν.
663 4874 723 4929 Ὀ
773 4872 833 4928 δὲ
884 4874 984 4931 τὴν
1035 4872 1373 4943 κατηγορίαν
1428 4872 1738 4940 ἐπιτείνων,

146 4974 412 5043 φύλλοις
429 4969 737 5040 παρέϐαλεν
759 4969 818 5035 ἐξ
848 4968 1051 5039 ἀνέμου
1071 4968 1325 5037 ριφεῐσιν.
1351 4966 1743 5037 Εὑπαρακόμι-

151 5082 279 5118 στον
305 5064 416 5135 γὰρ
451 5063 722 5133 ἐσχήκασι
759 5059 859 5131 τὴν
889 5058 1116 5128 καρδίαν
1135 5097 1150 5121 ,
1186 5059 1282 5111 καὶ
1311 5052 1423 5111 οἷον
1450 5060 1612 5111 παντὶ
1643 5075 1742 5111 πε-

151 5156 526 5228 ριφερομένην
577 5153 875 5223 πνεύματι.
910 5152 1020 5205 Kal
1076 5152 1193 5214 πῶς
1241 5151 1350 5221 γὰρ
1386 5144 1455 5221 ἦν
1486 5151 1633 5221 ἡμᾶς
1678 5145 1738 5205 εὖ

148 5249 359 5320 πρᾶξαι
388 5249 487 5319 τὴν
510 5246 911 5315 ἀποστροφὴν
941 5246 1040 5317 τὴν
1065 5244 1216 5315 παρά
1242 5244 1361 5305 σοῦ,
1386 5244 1573 5313 φησιν,
1603 5244 1739 5297 ὐπο-

154 5343 480 5413 μείναντιιςς
516 5339 653 5394 Οὐδὲ
683 5339 792 5409 γὰρ
821 5339 1023 5410 εὑρέθη
1057 5355 1144 5400 τις
1171 5339 1230 5391 ὲν
1253 5339 1386 5407 ἡμῖν
1413 5337 1442 5389 ὁ
1481 5336 1741 5407 δυσωπῆυ

150 5453 243 5491 σαι
269 5434 569 5504 δυνάμενός
599 5449 658 5485 σε
688 5432 1049 5499 δικαιοσύνῃ
1083 5432 1178 5485 καλ⁵
1208 5431 1560 5501 προσευχαῖς.

1845 4704 1967 4745 esse
2000 4690 2301 4743 clementes
2338 4689 2588 4743 nonnulli
2628 4689 2941 4743 videantur.
2976 4687 3088 4742 Etsi
3117 4690 3264 4743 enim
3285 4702 3437 4743 man-

1844 4783 1971 4837 data
2000 4783 2329 4844 observent,
2374 4782 2625 4836 instituto
2653 4789 2835 4835 tamen
2877 4791 2932 4837 et
2979 4782 3261 4836 voluntate
3308 4791 3439 4836 sunt

1845 4888 1874 4926 a
1906 4872 2017 4928 Deo
2042 4873 2230 4927 alieni.
2275 4874 2456 4942 Atque
2479 4873 2609 4925 illud
2656 4872 2878 4942 quidem
2923 4883 3029 4938 est,
3074 4873 3219 4943 quod
3263 4873 3436 4942 deflu-

1846 4966 1987 5020 rinm
2024 4967 2232 5035 peperit
2264 4965 2436 5030 nobis,
2475 4966 2805 5036 velutifoliis
2846 4966 2909 5020 ab
2945 4966 3156 5034 arbore,
3188 4981 3311 5020 cum
3345 4967 3436 5020 illa

1848 5074 1879 5113 a
1920 5060 2105 5114 radice
2154 5076 2253 5114 sua
2293 5059 2582 5114 decidunt.
2638 5060 2783 5127 Quin
2828 5069 2883 5115 et
2933 5061 3235 5130 Apostolus
3298 5060 3434 5124 ipse,

1848 5167 1973 5207 cum
2006 5160 2219 5221 gentem
2245 5163 2556 5219 accusaret,
2582 5163 2841 5226 tanquam
2880 5170 3094 5209 ramum
3130 5154 3199 5207 ab
3217 5153 3436 5220 arbore,

1857 5246 2101 5301 avulsam
2134 5262 2256 5301 esse
2288 5246 2666 5315 pronuntiavit
2694 5248 2735 5301 ⁸.
2760 5246 2859 5302 llic
2888 5256 3093 5310 autem,
3129 5256 3437 5300 ntaccusa-

1853 5339 2058 5394 tionem
2098 5347 2346 5412 augeret,
2372 5339 2518 5409 [aliis
2557 5339 2938 5410 comparavit;
2982 5355 3104 5409 quae
3148 5346 3439 5393 ventorum

1853 5432 2060 5503 impetu
2111 5434 2423 5502 rapiuntur.
2461 5431 2601 5486 Sunt
2625 5431 2771 5487 enim
2806 5431 2974 5486 corde
3004 5430 3105 5485 levi
3141 5439 3196 5483 et
3224 5428 3436 5495 mobili;

150 5528 245 5601 qui
275 5528 426 5583 nullo
462 5544 572 5582 non
608 5526 772 5581 veluti
815 5533 978 5582 vento
995 5524 1467 5593 circumaguntur.
1493 5523 1614 5591 Qu‘o
1651 5533 1815 5596 pacto
1837 5525 1983 5580 enim
2018 5522 2249 5580 feliciter
2279 5538 2442 5595 agere
2469 5525 2771 5586 valeamus,
2840 5523 3037 5593 inquit,
3105 5522 3199 5591 qui
3272 5536 3433 5574 aver-

152 5627 351 5679 sionem
396 5638 426 5675 τι
462 5632 515 5678 te
561 5621 837 5693 patimur?
892 5618 1009 5675 Non
1049 5620 1213 5693 735
1257 5620 1403 5676 enim
1445 5622 1739 5691 quisquam
1779 5622 1925 5678 inter
1954 5637 2056 5678 nos
2088 5629 2339 5693 repertus
2364 5631 2474 5688 est,
2497 5621 2590 5692 qui
2615 5629 2801 5691 posset
2841 5626 2894 5674 te
2923 5620 3178 5690 precibus
3230 5625 3284 5673 et
3309 5616 3436 5686 jus-

158 5722 279 5775 titia
298 5720 536 5774 ﬂectere.

225 5841 271 5874 ’⁸
297 5839 469 5894 Exod.
501 5838 703 5900 xxix,l
746 5854 899 5907 seqq.

157 5928 306 5977 xcm,
349 5911 400 5965 4.
480 5914 500 5945 ⁸
556 5909 762 5974 ibid.7,
806 5906 874 5966 8.7
938 5908 957 5940 °
1012 5906 1169 5965 lion).
1215 5926 1276 5973 ll,
1318 5910 1405 5964 l7.

976 5837 1182 5892 9“Psal.
1220 5853 1412 5903 cxvtu,
1451 5839 1539 5894 42.
1620 5838 1835 5895 Ἶροι.
1870 5854 1932 5905 ιι,
1964 5837 2017 5893 9-

2126 5837 2146 5868 ²
2177 5833 2223 5890 ll
2249 5833 2377 5891 Cor.
2415 5848 2514 5899 xu,
2547 5832 2600 5887 4.
2678 5829 2699 5862 ⁸
2756 5828 2919 5886 Joan.
2974 5827 3142 5896 “,5.
3220 5825 3241 5859 ⁵
3272 5825 3419 5885 Psal.
