4046 6386
586 314 730 390 2683

1877 316 2231 378 PROCOPII
2256 315 2502 376 GAZAEI

3739 298 3873 362 εδει

660 430 793 496 Quae
813 437 994 485 tamen
1017 443 1142 485 cum
1188 429 1261 483 ita
1289 427 1420 489 sint.
1460 437 1510 483 et
1557 437 1760 497 patrem
1805 437 1855 482 te
1898 436 2193 486 nostrunt,.

2331 426 2479 496 Πλὴν
2525 423 2663 477 ἀλλὰ
2716 422 2806 476 καὶ
2850 421 3021 482 οὕτως
3065 419 3292 488 Πατέρα
3352 415 3747 486 γινώσκομεν,
3778 414 3872 470 καὶ

588 533 638 585 et
665 522 904 589 ﬁctorem
925 521 1310 592 agnoscimus;
1350 521 1707 590 quantumvis
1751 521 1912 575 fracti
1941 530 1989 575 et
2029 535 2168 574 con-

595 612 733 674 triti,
761 611 1010 666 ﬁctilium
1058 625 1321 667 vasorum
1377 626 1552 666 more.
1585 609 1708 675 Quo
1756 611 1834 675 iit,
1896 623 1957 665 ut
2008 619 2174 665 tanta:

592 704 963 760 imbecillitati
1014 704 1228 759 veniam
1300 704 1490 774 largiri
1534 713 1588 759 te
1632 719 1945 774 poscamus.
1997 701 2172 768 Quem

595 795 744 854 enim
771 796 1034 866 Operibus
1073 796 1293 864 placare
1331 811 1440 850 non
1470 804 1724 864 possunt,
1753 805 1809 848 nt
1833 793 2175 849 conditorem

596 886 771 942 lenire
800 887 1166 951 contendunt,
1190 887 1396 942 servari
1443 902 1538 942 eos
1569 888 1935 957 postulantes.
1965 886 2058 956 qui
2108 885 2178 940 ab

596 975 716 1046 ipso
743 978 922 1046 primo
949 979 1054 1032 hoc
1076 978 1254 1046 ipsum
1291 977 1435 1047 quod
1465 986 1618 1042 sunt,
1645 987 2001 1047 acceperunt.
2029 976 2176 1030 Tan-

595 1083 762 1138 quam
795 1076 976 1123 autem
1003 1085 1126 1139 quae
1161 1071 1234 1123 ita
1263 1071 1427 1141 digna
1455 1073 1586 1132 sint,
1621 1071 2026 1140 perpetrarint;
2056 1085 2177 1125 ser-

600 1154 1102 1212 monislibertatem
1127 1157 1230 1212 sibi
1261 1174 1368 1218 non
1399 1169 1644 1218 smnunt.
1676 1160 1815 1214 bene
1857 1174 2044 1214 secum
2087 1157 2176 1227 agi

599 1245 1004 1315 existimantes,
1041 1248 1090 1303 si
1129 1248 1210 1302 ira
1241 1264 1351 1302 non
1375 1259 1659 1318 augeatur.
1695 1249 1893 1305 Notum
1921 1260 2006 1306 est
2029 1252 2175 1306 enim

603 1337 740 1392 iram
779 1350 926 1392 tuam
957 1355 1066 1394 non
1089 1355 1278 1410 parum
1298 1343 1550 1398 utilitatis
1578 1342 1803 1410 afferre,
1835 1343 1931 1399 sed
1953 1345 2074 1414 ejus
2101 1345 2179 1398 in-

604 1429 912 1486 tensionem
955 1441 1159 1496 tamen,
1208 1445 1428 1504 propter
1472 1434 1666 1488 virium
1724 1436 2172 1502 imbecillitatem,

606 1521 754 1576 ferre
788 1537 896 1576 non
926 1539 1244 1593 possumus.
1302 1525 1492 1596 Itaque
1524 1537 1581 1582 et
1637 1527 1802 1582 David
1855 1529 1971 1598 ipse
2019 1529 2175 1599 argui

607 1613 831 1684 quidem
865 1630 924 1670 se
957 1617 1223 1685 postulat,
1251 1617 1344 1672 sed
1380 1632 1490 1671 non
1526 1619 1579 1671 in
1615 1617 1798 1673 furore
1823 1636 1838 1672 :
1867 1627 1920 1674 et
1948 1620 2172 1690 corripi,

607 1705 702 1760 sed
742 1721 854 1760 non
898 1707 953 1761 in
1004 1708 1084 1761 ira
1112 1709 1156 1763 ⁷.
1211 1708 1472 1778 Sequitur
1527 1726 1693 1766 vero:
1731 1709 1816 1765 Ne
1863 1712 1918 1765 in
1947 1720 2176 1782 tempore

2274 515 2560 581 πλάστην
2577 513 2883 582 ἡμέτερον,
2909 512 2958 564 εί
2992 513 3086 564 καὶ
3104 511 3310 563 σκευῶν
3327 505 3698 578 ὀστρακίνων
3725 505 3876 575 δίκην

2277 605 2593 678 ρηγνύμεθα
2622 603 3051 675 συντριϐόμενοι.
3078 603 3168 655 Διὸ
3215 602 3362 655 δίδου
3417 595 3774 667 συγγνώμην
3814 598 3876 666 τῇ

2275 696 2500 768 τοιαύτῃ
2549 695 2982 765 σαθρότητι.,¹“ον
3035 693 3145 764 γὰρ
3191 691 3251 756 ἐξ
3298 692 3492 764 ἔργων
3542 688 3650 741 οὐκ
3701 686 3879 756 ἔχουσι

2274 788 2566 852 δυσωπεῖν,
2593 786 2669 851 ὡς
2712 785 3041 856 δημιουργὸν
3089 782 3511 853 ερμενίζονται,
3553 777 3758 842 σώζειν
3800 779 3882 830 al-

2275 879 2514 942 τοῦντες,
2545 876 2638 942 οὒς
2662 878 2762 947 τὴν
2792 875 2966 948 ἀρχὴν
2998 877 3077 938 εἰς
3109 874 3170 927 τὸ
3216 869 3355 927 εἶναι
3412 867 3881 942 παρήγαγεν.Ὦς

2275 973 2332 1027 δὲ
2361 973 2458 1043 τῆς
2485 971 2657 1043 ὀργῆς
2687 971 2815 1035 ἄξια
2849 967 3155 1038 πράξαντες
3176 1007 3191 1030 ,
3221 965 3532 1035 ἐλευθέραν
3563 962 3671 1015 οὐκ
3703 961 3883 1031 ἔχουσι

2277 1065 2614 1138 παρρησίαν,
2649 1061 2928 1133 ἀγαπητὸν
2958 1061 3235 1133 κρίνοντες
3273 1059 3333 1112 τὸ
3384 1055 3470 1128 μὴ
3511 1055 3734 1125 ταύτην
3765 1055 3882 1108 ἐπι-

2276 1158 2526 1228 ταθῆναι.
2552 1159 2672 1209 ὐτι
2707 1155 2806 1225 μὲν
2835 1155 2944 1224 γάρ
2976 1170 3068 1206 σου
3118 1152 3237 1205 λίαν
3279 1148 3594 1219 ὲπωφελὴς
3641 1148 3679 1216 ἡ
3729 1145 3882 1217 ὀργὴ,

2276 1250 2462 1320 δῆλον·
2516 1247 2656 1317 πλὴν
2703 1247 2770 1300 δι’
2808 1245 3098 1299 ἀσθένειαν
3143 1246 3206 1298 οὐ
3257 1242 3512 1315 φέρομεν
3562 1239 3742 1310 αὐτῆς
3789 1239 3881 1308 τὴν

2276 1343 2548 1396 ἐπίτασιν.
2577 1341 2668 1393 Διὸ
2710 1341 2808 1394 καὶ
2855 1339 3017 1392 Δαϐὶδ
3065 1340 3207 1392 αἰτεῖ
3232 1337 3332 1408 μὲν
3359 1334 3734 1404 ἐλεγχθῆναι,
3762 1331 3884 1384 ἀλλ’

2277 1435 2336 1488 οὑ
2365 1431 2543 1504 θυμῷ,
2593 1433 2686 1484 καὶ
2715 1431 3106 1500 παιδευθῆναι,
3135 1431 3248 1482 ἀλλ’
3279 1428 3382 1481 οὐκ
3417 1427 3596 1497 ὀργῇ.
3625 1425 3764 1495 Φησὶ
3791 1424 3846 1477 δέ
3867 1440 3882 1458 ο

2279 1526 2376 1594 Μὴ
2419 1528 2488 1581 ἐν
2529 1524 2714 1593 καιρῷ
2754 1523 3036 1593 μνησθῇς
3058 1519 3360 1590 ἁμαρτιῶν
3388 1516 3597 1587 ἡμῶν.
3629 1515 3807 1568 Τοῦτο
3833 1515 3884 1567 δέ

2277 1636 2443 1690 φησιν
2467 1618 2495 1670 ὁ
2521 1618 2825 1686 προφήτης,
2858 1613 3015 1676 εἰδὼς
3043 1613 3243 1676 αὐτοὺς
3286 1613 3355 1682 τῇ
3403 1607 3512 1662 τοῦ
3552 1607 3728 1678 ῆοους
3767 1607 3884 1659 ἐπι-

2285 1713 2545 1784 μένοντας
2577 1707 2832 1778 πονηρίᾳ,
2863 1705 2948 1775 ἐφ’
2981 1698 3058 1758 ὧν
3103 1706 3185 1767 εἰς
3229 1703 3388 1774 δίκην
3440 1699 3546 1754 καὶ
3591 1699 3664 1752 τὰ
3695 1699 3888 1768 προλα*

610 1798 910 1852 memineris
935 1798 1279 1866 iniquitalum
1309 1809 1647 1856 nostrarum:
1687 1817 1809 1871 qua:
1838 1810 1970 1858 sunt
1994 1818 2025 1856 a
2053 1819 2178 1872 pro-

2296 1803 2450 1856 ὄόντα
2482 1800 2797 1866 συνάγεται.
2826 1799 2890 1851 El.
2943 1797 3001 1850 δὲ
3048 1795 3146 1849 καὶ
3187 1793 3476 1866 πατρικῆς
3521 1790 3769 1856 ἀδικίας
3796 1791 3883 1858 γέ-

611 1891 778 1960 pheta
814 1891 936 1947 ideo
966 1903 1254 1962 usurpata,
1285 1895 1430 1964 quod
1477 1909 1572 1950 eos
1603 1910 1814 1950 morum
1861 1896 2182 1966 pravitatem

613 1983 849 2045 retinere
879 2000 988 2040 non
1020 1985 1336 2054 ignoraret:
1370 1986 1574 2056 quibus
1601 1986 1859 2042 eﬂecmm
1885 1996 1989 2053 est,
2022 1996 2082 2042 ut
2130 1988 2185 2043 in

614 2074 880 2129 ultionem
923 2083 980 2129 et
1009 2076 1098 2130 illa
1151 2077 1342 2142 etiam,
1393 2094 1516 2148 qua:
1556 2088 1980 2148 praecesserunt,
2027 2080 2187 2134 colli-

613 2176 833 2236 gantur.
878 2166 1036 2233 Quod
1107 2168 1153 2224 si
1193 2181 1548 2239 paternarum
1621 2171 1785 2226 etiam
1847 2172 2188 2242 iniquitatum

617 2257 864 2313 haeredes
890 2256 1114 2324 fuerint,
1129 2267 1184 2313 et
1227 2260 1441 2315 illorum
1461 2276 1676 2331 quoque
1692 2276 1884 2332 pinnas
1903 2264 1954 2316 in
1976 2264 2190 2333 seipsos

617 2349 907 2403 attracturi
939 2358 1086 2405 sunt.
1120 2352 1304 2422 ltaqne
1325 2360 1379 2407 et
1396 2352 1608 2422 psalmo
1637 2353 1941 2409 centesimo
1993 2362 2190 2411 octavo

617 2455 743 2496 cum
787 2439 854 2496 de
887 2439 1025 2497 Iuda
1059 2443 1402 2513 loqueretur,
1453 2445 1506 2499 in
1566 2447 1890 2501 memoriam
1940 2449 2190 2503 revocari

621 2541 903 2603 peccatum
923 2534 1115 2590 matris
1132 2535 1249 2605 ejus
1269 2537 1571 2607 emptavit.
1599 2536 1788 2608 Neque
1805 2554 1934 2594 vero
1946 2549 2031 2596 est
2046 2540 2192 2610 quod

623 2625 868 2690 mireris,
902 2626 949 2681 si
997 2641 1105 2682 non
1152 2629 1336 2682 omnia
1372 2645 1494 2698 quae
1537 2630 1607 2684 ab
1653 2631 1774 2702 ipso
1804 2631 2194 2688 maledictionis

623 2717 798 2772 forma
849 2719 996 2776 dicta
1041 2729 1192 2788 sunt,
1234 2723 1536 2792 contigisse
1601 2725 1874 2794 reperias,
1939 2725 2197 2782 Praedicit

620 2811 765 2872 enim
801 2811 963 2880 Dens,
990 2813 1269 2879 timorem,
1301 2829 1409 2868 non
1435 2830 1649 2883 poenas,
1671 2815 1918 2886 infligere
1945 2818 2195 2888 cupiens.

621 2903 778 2958 Alias
797 2905 961 2958 etiam
983 2919 1046 2958 ea
1075 2915 1472 2976 recenset,qna:
1501 2915 1631 2962 sunt
1663 2909 1934 2978 iniquitati
1953 2909 2196 2973 debita,a

623 3009 857 3063 quorum
890 2995 1074 3064 aliquo
1107 3010 1232 3050 cum
1269 2996 1533 3063 abstinet,
1561 3006 1646 3053 est
1683 2998 1734 3053 id
1760 2998 1879 3068 ejus
1895 2999 2200 3056 clementiae

2286 1909 2461 1947 νοιντο
2489 1891 2839 1964 κληρονόμοι,
2871 1889 2965 1942 καὶ
3013 1887 3110 1951 τὰς
3159 1886 3390 1940 ἐκείνοιν
3419 1885 3513 1953 ἐφ’
3541 1882 3777 1943 ἑαυτοὺς
3805 1882 3885 1934 ἐλ-

2287 2004 2443 2041 κουσι
2489 1985 2664 2046 δίκας.
2697 1981 3000 2052 Τοιγαροῦν
3039 1983 3097 2035 ἐν
3141 1977 3428 2050 ἑκατοστῷ
3463 1975 3651 2046 ὀγδόῳ
3693 1973 3886 2044 ψαλμῷ

2287 2079 2376 2131 διὰ
2402 2077 2493 2131 τὸν
2523 2076 2725 2130 Ἰούδαν
2753 2074 2946 2142 λέγων,
2966 2071 3390 2143 Ἀναμνησθεῐη,
3422 2069 3628 2138 φησὶν,
3651 2069 3686 2137 ἡ
3719 2067 3886 2136 ἅμαρ-

2288 2171 2381 2224 τία
2411 2170 2512 2239 τῆς
2545 2169 2752 2240 μητρὸς
2779 2166 2969 2221 αὑτοῦ.
3002 2166 3064 2219 Εἰ
3091 2165 3149 2218 δὲ
3196 2163 3271 2235 μὴ
3309 2163 3503 2216 πάντα
3535 2161 3766 2229 γέγονεν
3797 2159 3886 2210 ἐπ’

2290 2262 2455 2317 αὑτοῦ
2485 2262 2554 2314 τὰ
2585 2263 2642 2314 ἐν
2673 2259 2936 2328 κατάρας
2962 2257 3236 2328 λεγόμενα
3263 2257 3541 2326 σχήματι,
3573 2252 3652 2323 μὴ
3684 2252 3881 2320 θαυμάο

2294 2372 2396 2429 σῃς
2417 2373 2432 2386 ·
2467 2352 2727 2426 προλέγει
2774 2353 2885 2422 γὰρ
2929 2350 3082 2414 Θεὸς,
3115 2349 3323 2419 φοϐεῖν,
3349 2349 3457 2402 οὐκ
3493 2347 3737 2414 ἐπάγειν
3767 2345 3881 2414 βου-

2291 2444 2758 2516 λόμενος.Ἀλλως
2779 2461 2839 2496 τε
2860 2442 3012 2510 λέγει
3040 2443 3108 2495 τὰ
3133 2439 3614 2513 κεχρεωστημὲνα
3637 2441 3704 2508 τῇ
3731 2455 3880 2508 πονη-

2299 2539 2488 2610 ρίᾳ.¹⁹0
2520 2536 2578 2589 δὲ
2611 2535 2684 2606 μὴ
2717 2535 2927 2588 τούτων
2960 2535 3248 2603 ἐπάγεται,
3280 2536 3344 2603 τῇ
3376 2528 3775 2600 φιλανθρωπίᾳ
3805 2529 3884 2586 λο·

2294 2632 2474 2702 γίζου.
2504 2631 2673 2684 Πάλιν
2705 2629 2762 2682 δὲ
2787 2629 2869 2693 είς
2897 2623 3078 2682 οἶκτον
3105 2628 3134 2680 ὁ
3163 2628 3456 2697 προφήτης
3487 2625 3586 2678 τὸν
3617 2624 3752 2679 Θεὸν
3774 2624 3881 2676 tim.-

2299 2724 2608 2796 σπώμενος,
2639 2723 2708 2777 τὰ
2749 2723 2808 2788 ἐξ
2837 2723 3014 2794 ἀρχῆς
3048 2720 3372 2792 ὑπάρξαντα
3405 2719 3491 2790 τῷ
3520 2716 3642 2785 λαῷ
3685 2733 3883 2786 μνημο-

2296 2817 2443 2872 νεύει
2482 2815 2824 2887 συνθήματα,
2854 2814 3019 2868 Λαόν
3040 2829 3185 2876 σου,
3221 2812 3418 2880 λέγων,
3457 2812 3559 2865 καὶ
3589 2811 3772 2863 πόλιν
3799 2807 3878 2876 μὴ

2298 2910 2578 2980 παρίδῃς,
2602 2911 2660 2961 ὲν
2749 2907 2820 2960 τὰ
2843 2906 3001 2974 ἅγια,
3027 2905 3122 2959 καὶ
3151 2907 3184 2976 ἡ
3215 2903 3412 2976 σκηνὴ,
3439 2903 3542 2956 καὶ
3573 2903 3609 2972 ἡ
3639 2899 3878 2962 κιϐωτὸς,

2299 3005 2328 3059 ὃ
2348 3021 2408 3056 τε
2439 3000 2656 3063 σταθείς
2687 3015 2768 3051 σοι
2785 2998 2942 3062 νεὼς,
2976 2995 3013 3050 ἃ
3046 2996 3141 3049 καὶ
3174 2994 3519 3065 περίϐλεπτα
3553 2994 3720 3045 πᾶσιν
3740 2989 3882 3056 ἐτύγ·

624 3086 1065 3157 humanitatique
1138 3089 1521 3152 tribuendum.
1609 3089 1693 3144 Ad
1759 3091 2193 3148 misericordiam

2301 3113 2491 3170 χανεν·
2520 3094 2681 3149 τοῦτο
2725 3091 2839 3145 τῶν
2869 3089 3127 3160 πατέριον
3173 3085 3597 3156 προειρηκότων
3641 3085 3766 3153 περὶ
3793 3079 3878 3133 τοῦ

627 3176 823 3230 deinde
870 3177 1138 3247 propheta
1191 3177 1360 3232 Deum
1399 3180 1744 3248 pertrahens,
1777 3196 1898 3250 qua:
1926 3182 1994 3236 ab
2043 3182 2193 3238 initio

2298 3189 2428 3247 ναοῦ
2447 3231 2462 3256 ,
2491 3188 2566 3250 ὡς
2594 3186 2689 3240 καὶ
2718 3183 3095 3255 πυρίκαυστος
3117 3180 3365 3250 γέγονεν,
3392 3179 3473 3242 ὡς
3526 3179 3588 3230 ἐν
3633 3173 3880 3243 κατάρας

627 3269 781 3338 signa
821 3268 1046 3336 hederis
1077 3271 1313 3340 populus
1349 3271 1563 3335 habuit,
1593 3272 1644 3325 in
1677 3275 1997 3329 memoriam
2045 3291 2202 3332 revo-

629 3373 717 3417 cat
742 3379 866 3418 cum
898 3367 1148 3434 pupulum
1171 3383 1352 3432 suum,
1391 3382 1514 3421 cum
1535 3368 1800 3422 civitatem
1837 3369 2034 3424 intueri
2077 3386 2204 3441 pos-

633 3456 806 3523 tnlat;
837 3455 888 3509 in
910 3471 1017 3528 qua
1046 3469 1176 3513 sunt
1202 3467 1256 3512 el.
1295 3467 1482 3512 sancta
1507 3459 1648 3529 ipsa,
1691 3469 1747 3515 et
1789 3461 2200 3518 tabernaculum

632 3557 687 3602 et
710 3563 860 3614 arca,
901 3557 956 3602 et
989 3547 1250 3616 templum
1278 3548 1442 3603 etiam
1478 3549 1586 3604 Dco
1614 3560 2026 3620 constructum;
2083 3569 2206 3625 qua:

633 3642 777 3710 apud
812 3657 1003 3697 omnes
1061 3643 1358 3710 conspicua
1407 3641 1646 3707 fuerant,
1709 3654 1764 3698 et
1805 3647 2206 3703 commendata.

634 3736 770 3790 Cum
802 3741 988 3805 patres
1021 3736 1088 3790 de
1137 3735 1344 3805 templo
1371 3734 1490 3790 fore
1544 3735 1950 3805 praedixissent,
1985 3747 2045 3798 ut
2086 3738 2211 3810 igne

636 3826 1040 3898 conﬂagraret:
1073 3827 1303 3898 ideoque
1354 3826 1745 3892 maledictioni;
1786 3829 1911 3887 vice
1977 3846 2209 3903 usurpa-

2303 3285 2458 3356 μέρει
2505 3277 2741 3340 κεῖσθαι,
2770 3275 2845 3341 ὡς
2886 3275 2963 3328 ὅτ’
2997 3275 3064 3329 ἄν
3095 3290 3178 3338 τις
3211 3273 3393 3342 λέγον
3433 3270 3698 3339 Πάθοιμι,
3727 3268 3759 3338 ἢ
3791 3283 3880 3319 κατ

2299 3371 2706 3445 ταστραφείην,
2739 3369 2815 3430 ὡς
2867 3367 3244 3438 Ἰερουσαλὴμ,
3293 3365 3322 3418 ὃ
3371 3381 3433 3419 τε
3486 3363 3699 3432 ταύτης
3745 3359 3873 3422 ναός.

2303 3443 2490 3522 Ταῦτα
2530 3463 2588 3516 δὲ
2621 3461 2844 3530 γέγονεν
2880 3461 2940 3512 οὺ
2981 3458 3068 3513 διὰ
3104 3459 3205 3530 σὴν
3248 3457 3560 3518 ἀσθένειαν,
3593 3454 3708 3508 ἀλλ’
3739 3443 3901 3523 ἡμῶν⁶

2311 3555 2664 3630 ἠσεϐηκότων
2721 3553 2803 3615 εἰς
2852 3551 2944 3604 τὸν
2994 3550 3252 3621 Χριστόν.
3305 3549 3464 3612 Τινὲς
3518 3548 3582 3601 δὲ
3632 3543 3878 3613 κατάραν

2314 3650 2524 3719 ἔφασαν
2557 3645 2656 3715 τὴν
2687 3643 3050 3713 κατάῥρησιν.
3084 3642 3147 3694 Ol
3187 3639 3295 3710 γὰρ
3323 3639 3541 3700 ἑλόντες
3571 3636 3671 3708 τὴν
3703 3633 3878 3704 Ἱερον-

2319 3739 2500 3812 σαλημ
2529 3737 2684 3797 θεοὺς
2714 3735 2812 3804 μὲν
2839 3735 2964 3795 τοὺς
2999 3731 3164 3796 ἰδίους
3191 3730 3498 3798 ἐδόξαζον,
3535 3723 3878 3789 ἀσθενείαςᾶ

2313 3834 2406 3887 τὸν
2429 3829 2634 3900 ταύτης
2657 3827 2888 3899 ᾐτιῶντο
2914 3825 3067 3883 Θεόν.

635 3918 824 3983 batur.
869 3933 996 3973 cum
1044 3933 1105 3974 88
1145 3919 1346 3991 aliquis
1387 3920 1463 3974 ila
1497 3920 1584 3974 vel
1623 3921 1758 3991 pati,
1797 3921 1881 3977 vel
1935 3937 2122 3990 ruere,
2184 3933 2246 3982 ut
2285 3923 2795 3994 Hierosolymorum
2825 3917 3040 3981 urbem,
3061 3914 3221 3988 735
3246 3923 3340 3970 aut
3406 3913 3673 3985 templum
3703 3908 3876 3980 ipsius.

635 4012 1057 4082 imprecari-tur.
1085 4015 1264 4084 Atque
1297 4015 1415 4069 haec
1442 4015 1662 4084 quidem
1704 4016 2077 4088 contigerunt,
2107 4036 2216 4075 non
2255 4021 2324 4075 ob
2363 4027 2534 4082 tuam,
2567 4015 2662 4072 sed
2691 4014 2764 4068 ob
2788 4020 3036 4067 nostram
3105 4009 3577 4072 imbecillitatem;
3633 4004 3724 4075 qui
3786 4002 3876 4062 im.

636 4105 894 4173 pietatem
937 4104 990 4158 in
1018 4103 1300 4159 Christum
1369 4105 1743 4168 exercuimus.
1803 4106 1920 4162 Non
1954 4111 2158 4168 desunt
2202 4119 2406 4174 tamen,
2477 4109 2571 4179 qui
2629 4104 3021 4160 maledictionis
3081 4103 3301 4163 nomine
3379 4096 3876 4158 condemnationem

638 4197 968 4267 intelligant.
1000 4195 1103 4269 Qui
1130 4197 1274 4251 enim
1305 4197 1608 4259 Jerusalem
1641 4210 2041 4272 expugnarant,
2078 4203 2213 4260 deos
2252 4203 2470 4276 quidem
2503 4215 2635 4261 suos
2675 4199 2851 4270 gloria
2902 4196 3233 4259 adiciebant,
3313 4193 3653 4264 impotentia:
3711 4197 3874 4244 autem

641 4294 1146 4365 imbecillitatisque
1167 4294 1335 4349 Deum
1357 4295 1476 4363 ejus
1504 4297 1860 4352 accusabant.

1267 4387 1418 4442 CAP.
1443 4387 1602 4446 LXV.

712 4477 877 4549 736
893 4476 1054 4534 Vens.
1075 4479 1229 4533 1-12.
1246 4481 1483 4549 Apparui
1507 4497 1608 4534 non
1629 4480 1982 4550 quazrentibus
2006 4500 2114 4550 me;
2137 4487 2206 4540 in-

644 4582 828 4634 ventus
849 4589 963 4624 sum
981 4577 1046 4624 ab
1067 4571 1172 4638 Itis,
1191 4572 1282 4642 qui
1311 4589 1390 4627 me
1415 4590 1515 4630 non
1533 4574 1884 4644 interrogant.
1910 4576 2037 4631 Dixi
2053 4593 2071 4630 .·
2087 4576 2219 4631 Ecce

2900 4386 3154 4442 ΚΕΦΛΛ.
3190 4382 3313 4438 EE’.

2386 4481 2543 4552 α-ιβ¹.
2599 4477 2907 4549 Ἔμφανὴς
2947 4477 3244 4548 ἐγενήθην
3270 4475 3395 4542 τοῖς
3428 4472 3537 4544 ἐμὲ
3573 4471 3658 4542 μὴ
3701 4462 3876 4534 ζητοῦ-

2315 4589 2440 4630 σιν.
2471 4571 2740 4638 Εὑρέθην
2767 4571 2891 4636 τοῖς
2919 4568 3023 4637 ἐμὲ
3068 4567 3156 4637 μὴ
3205 4565 3603 4634 ἐπερωτῶσιν.
3637 4556 3782 4616 Εἷπα
3803 4555 3872 4618 τῷ

645 4677 738 4730 ego
767 4659 954 4724 adsum
981 4661 1146 4731 genti,
1179 4662 1268 4730 qui
1295 4677 1396 4715 non
1425 4662 1739 4716 invocarunt
1778 4679 1965 4716 nomen
2021 4680 2191 4718 meum

2320 4667 2497 4726 ἔθνει,
2514 4663 2571 4718 ot
2598 4665 2708 4716 οὐκ
2738 4659 3046 4716 ἐκάλεσάν
3067 4677 3185 4729 μου
3210 4658 3277 4712 τὸ
3303 4657 3514 4726 ὄνομα.
3534 4649 3873 4756 Ἑξεπέταιζα

645 4750 876 4816 είιραηάὶ
905 4766 1092 4804 manus
1119 4767 1262 4806 meas
1294 4759 1404 4804 tota
1425 4753 1509 4806 die
1565 4755 1632 4805 ad
1665 4753 1917 4821 populum
1970 4752 2216 4807 incredu-

649 4844 781 4909 lum,
811 4854 858 4897 et
893 4843 1356 4909 contradicentem,
1383 4845 1472 4914 qui
1501 4860 1603 4902 non
1628 4844 2028 4899 ambulaverunt
2057 4846 2110 4898 in
2135 4845 2219 4902 via

647 4950 791 4997 vera,
824 4933 913 4987 sed
940 4943 1055 4999 post
1101 4945 1318 5002 peccata
1376 4951 1499 4990 sua.
1534 4936 1770 5005 Populus
1795 4936 1902 5000 hic,
1949 4937 2038 5004 qui
2084 4951 2214 4989 exa-

650 5026 829 5092 cerbat
867 5043 944 5081 me
974 5027 1026 5080 in
1048 5037 1324 5098 conspectu
1349 5045 1460 5082 meo
1497 5044 1719 5098 semper,
1779 5029 1883 5098 ipsi
1937 5029 2214 5086 immolant

651 5123 707 5175 in
730 5121 921 5184 hortis,
953 5129 1004 5174 et
1053 5120 1264 5174 adolent
1300 5121 1566 5178 incensum
1605 5139 1760 5187 super
1808 5122 2002 5178 lateres
2025 5122 2225 5183 dromo-

652 5210 778 5276 niis,
810 5225 922 5281 qua:
953 5227 1055 5264 non
1078 5223 1221 5278 sunt,
1257 5221 1363 5267 etc.

723 5384 1176 5456 Quandoquidem
1203 5368 1512 5458 pcr'prcccs
1539 5389 1627 5444 alii
1661 5391 2064 5446 conﬁtebantur
2083 5435 2097 5458 ,
2132 5391 2226 5448 alii

658 5485 836 5532 autem
867 5478 1072 5532 erroris
1107 5479 1190 5532 sui
1241 5489 1519 5535 auctorem
1568 5481 1735 5536 Deum
1776 5498 1899 5538 esse
1928 5483 2227 5553 exprobra-

660 5568 820 5625 bant:
853 5570 1145 5640 respondet
1171 5572 1272 5628 hoc
1301 5588 1502 5629 sensu:
1533 5575 1752 5647 Quiego
1784 5586 2070 5647 precantes
2099 5591 2226 5638 con-

730 5749 750 5788 ⁷
784 5748 930 5815 Psal.
957 5765 1034 5816 Vl,
1073 5751 1134 5818 l;
1169 5766 1374 5813 xxxv”,
1416 5751 1467 5804 ἓ.

2321 4756 2429 4822 τὰς
2467 4753 2668 4825 χεῖράς
2691 4771 2812 4822 μου
2867 4752 3023 4820 ὅλην
3049 4751 3165 4818 τὴν
3201 4749 3428 4818 ἡμέραν
3461 4746 3610 4816 πρὸς
3646 4743 3788 4796 λαὸν
3816 4735 3870 4788 ἀ·

2319 4848 2636 4906 πειθοῦντα
2659 4847 2757 4901 καὶ
2790 4843 3202 4913 ἀντιλέγοντα,
3233 4841 3290 4896 οἳ
3331 4843 3442 4895 οὐκ
3488 4836 3871 4905 ἐπορεύθησαν

2319 4940 2438 5006 6δῷ
2480 4937 2744 5007 ἀληθινῇ
2765 4979 2780 5002 ,
2810 4936 2947 4992 ἀλλ’
2970 4935 3161 4988 ὀπίσω
3195 4933 3313 4988 τῶν
3344 4928 3638 5001 ἁμαρτιῶν
3676 4918 3866 4978 αὑτῶνρ

2329 5033 2383 5086 '0
2412 5031 2561 5098 λαὸς
2589 5026 2768 5096 οὗτος
2822 5032 2855 5084 ό
2900 5027 3258 5097 παροξύνων
3298 5042 3376 5095 με
3396 5063 3411 5087 ,
3435 5019 3704 5078 ἐναντίον
3744 5007 3868 5081 ἐμοῦ

2321 5125 2672 5190 διαπαντὸς,
2700 5121 2871 5178 αὐτοὶ
2925 5117 3319 5179 θυσιάζουσιν
3369 5116 3441 5169 ἐν
3488 5113 3608 5178 τοῖς
3659 5105 3864 5170 κήποις,

2322 5217 2422 5274 καὶ
2471 5214 2765 5287 θυμιῶσιν
2802 5212 2901 5268 ἐπὶ
2941 5210 3071 5277 ταῖς
3099 5210 3374 5273 πλίνθοις
3403 5205 3526 5271 τοῖς
3555 5196 3863 5269 δαιμονίοις.

2331 5309 2369 5364 ἂ
2393 5311 2504 5363 οὐκ
2535 5307 2724 5373 ἔστιν,
2749 5324 2805 5361 κ.
2833 5323 2883 5359 τ.
2916 5305 2947 5356 λ

2398 5402 2521 5454 Τῶν
2552 5399 2651 5471 μὲν
2681 5395 3234 5468 ἐξομολογησαμένων
3261 5391 3328 5445 δι’
3352 5388 3535 5459 εὐχῆς,
3558 5383 3660 5438 τῶν
3682 5374 3862 5476 oé-évet-

2329 5467 2591 5548 διο-ἀντῶν
2615 5491 2691 5554 ὡς
2721 5489 3054 5558 πλανήσαντι
3074 5485 3153 5556 τῷ
3181 5483 3328 5553 Θεῷ,
3361 5478 3703 5549 ἀποκρίνεται
3727 5467 3861 5558 61nd-

2338 5603 2426 5658 μει
2468 5584 2669 5655 λέγων’
2701 5580 2824 5644 Πῶς
2873 5578 2938 5634 ἂν
2987 5575 3240 5648 παρεῖδον
3270 5571 3611 5644 εὐχομένους,
3641 5564 3666 5617 ὁ
3694 5559 3760 5630 μὴ
3784 5551 3856 5604 τδν
