4046 6386
174 288 305 355 3655

1345 292 1885 356 COMMENTARII
1928 292 2013 354 IN
2051 293 2318 355 ISAIAM

3297 284 3440 352 9686

171 408 389 462 θάνατον
428 401 526 459 τοῦ
565 405 893 478 ἀμαρτωλοῦ
938 407 1136 479 ζητῶν,
1171 408 1247 474 ὡς
1276 410 1376 480 τὴν
1412 412 1740 480 μετάνοιαν;

1856 412 2081 482 tempsi,
2104 411 2195 479 qui
2230 424 2338 463 non
2380 404 2690 476 peccaturis
2721 411 2919 469 morte,
2963 402 3056 458 sed
3117 403 3433 472 poenitentia

169 498 281 561 Πῶς
310 497 356 551 δ’
384 496 454 550 ἂν
497 498 796 567 ἐπλάνησα,
843 500 1197 571 ἐπιστρέφειν
1239 502 1449 566 πάντας
1501 519 1756 573 παρακα-

168 591 284 650 λῶν.
301 591 394 645 καὶ
422 591 747 647 ἀνίστασθαι
771 593 1071 657 πίπτοντας
1092 610 1107 658 ;
1125 594 1243 658 πῶς
1269 594 1313 647 δ’
1336 595 1401 648 ἂν
1426 595 1590 666 tam
1602 612 1756 666 ρυνον

170 683 325 752 ὑμᾶς,
350 684 379 737 ὁ
414 685 649 748 καὶτοῖς
680 685 898 756 μακρὰν
930 685 1240 755 ἀφεστῶσιν
1276 686 1412 756 ἐμοῦ
1441 687 1528 740 διὰ
1560 689 1755 755 φιλανο

171 774 411 844 θρωπίαν
443 778 755 848 ἐπιτρέχων
780 779 1112 849 αὐτόματος,
1140 778 1215 842 ὠς
1251 780 1346 833 καὶ
1371 781 1498 843 τοὺς
1522 779 1755 849 ἀλλοφύ-

168 866 282 930 λους
333 867 625 932 γινώσκειν
662 870 783 937 ἐμὲ,
818 871 984 939 μηδὲν
1031 872 1113 934 είς
1153 869 1311 924 τοῦτο
1345 873 1751 943 μοχθήσαντας,

169 959 392 1026 ἐμαυτὸν
427 960 611 1022 αὐτοῖς
646 961 1051 1028 ἐπιδείξαντοςς
1099 962 1156 1016 Ὁ
1186 963 1243 1015 δὲ
1276 981 1341 1016 πε
1353 967 1405 1033 ρὶ
1438 967 1564 1029 τοὺς
1596 966 1753 1020 ἀλλο-

166 1049 337 1120 τρίους
364 1050 628 1117 τοιοῦτος,
659 1054 777 1117 πῶς
803 1056 932 1124 περὶ
959 1055 1103 1125 ὑμᾶς
1130 1056 1380 1127 ἀπηνής;
1412 1058 1522 1111 Καὶ
1555 1058 1662 1127 μὴν
1693 1058 1752 1125 ἐξ

168 1143 308 1213 ὑμῶν
337 1145 676 1217 ἀπηρξάμην
710 1147 807 1216 τῆς
840 1148 1098 1219 χάριτος,
1133 1148 1314 1201 καλῶν
1361 1150 1623 1219 εὐμενῶς,
1657 1152 1752 1205 καὶ

168 1227 246 1293 οἶα
289 1236 506 1301 χερσὶν
547 1237 967 1307 ἐκτεταμέναις
993 1239 1254 1306 γνησίους
1286 1242 1479 1305 παῖδας
1524 1242 1751 1313 περιλα-

170 1326 270 1378 ϐεῖν
298 1327 683 1400 ἐπειγόμενος,
712 1331 807 1384 καὶ
840 1330 1139 1402 μισοῦντας
1170 1333 1317 1404 ὑμᾶς
1350 1335 1604 1403 ἀγαπῶν.

230 1504 383 1571 Τινὲς
406 1507 464 1560 δὲ
493 1507 767 1576 λέγουσιν,
815 1509 891 1576 ὡς
932 1510 1133 1577 αὐτούς
1163 1529 1297 1583 φησι
1337 1513 1412 1585 μὴ
1453 1513 1749 1585 ἐπερωτή-

170 1616 403 1665 σοντας.
429 1601 553 1670 Ἀφ’
584 1602 780 1656 ἐαυτοῦ
803 1604 909 1677 γὰρ
929 1607 1013 1669 εἰς
1031 1606 1133 1669 τὰς
1160 1608 1491 1676 συναγωγὰς
1515 1608 1749 1680 εἰσέτρεξ

171 1710 271 1761 χεν,
321 1693 617 1765 κηρύσσων
650 1696 746 1750 καὶ
784 1697 1124 1766 θεραπεύων,
1172 1699 1359 1769 ἔλεγέν
1408 1717 1467 1753 τε
1517 1702 1743 1766 αὐτοῖς’

169 1783 296 1853 ’ίίγώ
328 1787 448 1856 είμι
481 1787 548 1840 τὸ
577 1787 692 1857 φῶς
721 1788 815 1849 τοῦ
846 1789 1074 1859 κόσμου.
1116 1791 1249 1857 Καὶ,
1282 1792 1432 1855 Εῖτις
1464 1792 1613 1865 διψᾷ,
1645 1794 1740 1866 ἐρ-

170 1879 332 1948 χέσθω
359 1881 499 1949 πρός
529 1898 618 1951 με.
651 1881 793 1947 Ἀλλ’
818 1882 1148 1953 ἠκολούθουν
1164 1886 1283 1948 ταῖς
1313 1886 1524 1938 ἐαυτῶν
1554 1888 1739 1957 ἀμαρ-

168 1971 315 2031 τῖαις.
341 1970 450 2023 Καί
474 1989 557 2024 τοι
583 1972 886 2040 γεγωνότος
915 1972 1049 2044 ἐμοῦ
1076 1990 1089 2004 ·
1134 1974 1259 2028 Ἒὰν
1285 1976 1359 2046 μὴ
1386 1976 1740 2046 πιστεύσητε,

169 2061 240 2117 ὅτι
263 2062 372 2131 ἐγώ
409 2064 551 2132 είμι,
584 2065 643 2115 ἐν
673 2068 792 2128 ταῖς
826 2066 1130 2136 ἁμαρτίαις
1158 2067 1313 2139 ὑμῶν
1351 2068 1735 2125 ἀποθανεῖσθε.

170 2154 311 2218 Τινὲς
335 2155 394 2209 δὲ
427 2155 570 2227 πρὸς
599 2157 670 2210 τὰ
691 2159 749 2211 ἐν
772 2157 1057 2231 Αἰγύπτῳ,
1090 2160 1183 2213 καὶ
1220 2162 1363 2215 κατὰ
1391 2163 1615 2233 καιροὺς
1646 2163 1741 2216 λυ-

171 2248 325 2318 πηρὰ,
356 2249 448 2303 τὸν
499 2250 660 2319 λόγον
706 2252 974 2318 ἐδέξαντο,
1023 2254 1107 2307 ὅτι
1159 2256 1233 2325 μὴ
1282 2254 1505 2327 κληθεὶς
1546 2257 1740 2321 αὐτοῖς

170 2344 387 2412 ἐϐοήθει.
420 2344 568 2414 Ἐγὼ
594 2344 725 2418 γὰρ,
743 2350 776 2402 ό
801 2347 901 2401 καὶ
927 2348 1025 2403 διὰ
1048 2348 1308 2415 Μωσέως
1336 2349 1539 2419 χεῖρας
1567 2351 1742 2405 ἐκπε-

170 2437 397 2507 τηννὺς,
434 2438 575 2508 πρὸς
609 2437 671 2492 τὸ
704 2440 832 2503 τοὺς
879 2440 978 2509 μὲν
1010 2438 1402 2497 οἰκειώσασθαι
1433 2441 1521 2494 διὰ
1560 2441 1738 2511 νίκης,

171 2527 320 2582 «ait:
347 2528 601 2600 Ἀμαλὴκ
631 2529 927 2594 ἀπολέσαι,
971 2529 1063 2589 καί
1102 2547 1185 2583 τοι
1236 2531 1549 2601 κεχηνότων
1599 2531 1742 2602 πρὸς

172 2620 365 2687 alicula,
403 2621 503 2675 καὶ
535 2623 656 2685 ταῖς
690 2622 898 2675 ἑαυτῶν
938 2623 1258 2693 ἐπιθυμίαις
1278 2622 1739 2690 ἀκολουθούντων,

172 2715 346 2768 ἀλλὀὐ
374 2713 472 2767 νῦν
503 2713 739 2785 πρῶτον.
772 2714 963 2785 Ὑμεῖς
993 2714 1102 2785 γὰρ
1132 2714 1181 2767 οί
1213 2715 1277 2767 ἐκ
1323 2714 1524 2777 παντὸς
1544 2716 1741 2780 αέῶνός

176 2823 232 2875 με
272 2806 726 2876 παροξύναντες
752 2848 767 2871 ,
837 2807 1088 2872 θύοντες
1135 2805 1393 2867 ἐνώπιον
1435 2806 1582 2875 ἐμοῦ
1644 2808 1741 2861 τοῦ

177 2896 334 2951 πάντα
376 2896 686 2967 ἐῳορῶντος
718 2896 876 2961 Θεοῦ,
909 2900 1003 2951 καὶ
1032 2898 1307 2961 εἰπόντος·
1349 2899 1442 2965 Μὴ
1483 2898 1579 2951 ἀπ’
1607 2899 1740 2970 ἐμοῦ

176 2986 496 3056 κρυϐήσεταί
548 3004 602 3040 τι
680 2985 701 3060 [
748 2987 1028 3041 ἐναντίον
1086 2987 1233 3056 ἐμοῦ
1257 2989 1276 3058 j
1325 2986 1493 3057 ἤγουν
1552 2987 1612 3039 ἐν
1666 2986 1743 3057 τῷ

1859 504 2183 560 delector“?
2221 502 2322 569 Qui
2359 503 2413 556 in
2446 515 2687 556 errorem
2719 498 2944 561 induxi,
2999 497 3115 568 qui.
3156 507 3214 551 ut
3261 495 3330 552 ad
3378 511 3441 552 se

1859 598 2103 654 redirent
2134 612 2350 658 omnes.
2376 603 2544 664 utque
2570 595 2818 663 iacentes
2860 590 3259 653 excitarentur,
3308 588 3440 642 bor-

1859 698 2007 747 tatus
2028 689 2196 746 sum?
2226 688 2328 755 Qui
2362 703 2457 743 vos
2480 701 2677 741 rursus
2709 682 2959 739 induravi
2983 726 2999 749 ,
3032 682 3125 752 qui
3160 680 3227 735 ad
3279 680 3439 749 longe

1857 792 2121 845 remotos,
2154 797 2261 852 qua
2294 796 2414 835 sum
2443 780 2496 832 in
2528 777 2780 833 homines
2814 772 3218 836 benevolentia,
3243 777 3439 841 sponte

1863 875 2141 938 advolavi,
2173 884 2228 926 ut
2265 871 2418 925 nullo
2452 884 2539 923 me
2566 868 2789 939 negotio
2817 865 2982 919 etiam
3015 861 3440 933 alienigenisin-

1826 967 2116 1021 .tuendnm
2145 975 2198 1019 et
2227 962 2670 1031 cognoscendum
2705 958 3043 1029 praeberem?
3068 957 3171 1021 Qui
3202 955 3439 1024 denique

1856 1060 1910 1112 in
1937 1075 2032 1113 vos
2066 1074 2174 1112 non
2206 1059 2446 1111 clemens
2468 1070 2591 1110 esse
2623 1054 2773 1124 potui
2801 1070 2815 1119 ;
2845 1052 2937 1121 qui
2969 1051 3022 1105 in
3071 1050 3282 1104 alienos
3312 1047 3438 1101 talis

1853 1150 2079 1207 exstiti?
2124 1150 2238 1203 lmo
2274 1166 2303 1203 a
2339 1148 2494 1203 vobis
2545 1162 2648 1216 ego
2701 1146 2893 1216 gratiae
2932 1142 3205 1214 principia
3261 1139 3434 1205 duxi,

1853 1243 1945 1309 qui
1984 1242 2214 1308 benigne
2244 1239 2467 1304 vocavi;
2495 1239 2723 1306 quique,
2755 1235 2925 1291 veluti
2957 1234 3201 1288 manibus
3235 1247 3436 1300 expan-

1851 1336 1945 1398 sis,
1972 1335 2038 1389 ad
2081 1334 2241 1404 737
2272 1346 2565 1403 germanos
2592 1331 2734 1385 ﬁlios
2766 1344 3089 1400 preperans,
3119 1342 3215 1383 vos
3242 1327 3432 1390 etiam,

1855 1430 1949 1501 qui
2001 1445 2086 1484 me
2121 1428 2341 1491 odistis,
2374 1427 2694 1496 complexus
2722 1440 2868 1479 sum.

1924 1519 2127 1573 Volunt
2175 1527 2357 1573 tamen
2416 1517 2688 1581 nonnulli,
2719 1531 2816 1571 eos
2876 1515 3264 1583 interrogantes
3323 1527 3433 1567 non

1849 1610 2057 1665 induci.
2095 1608 2173 1663 Ex
2214 1624 2273 1663 se
2302 1608 2446 1662 enim
2494 1606 2559 1659 ad
2601 1620 2907 1677 synagogas
2930 1604 3316 1671 concionandi,
3342 1619 3436 1661 sa-

1849 1703 2129 1772 nandique
2158 1701 2354 1772 gratia,
2380 1700 2715 1762 cucurrisse,
2742 1706 2797 1752 et
2826 1698 3108 1753 monuisse
3146 1697 3324 1752 lucem
3373 1712 3434 1753 se

1848 1812 1973 1852 esse
2002 1795 2191 1850 mundi
2223 1795 2263 1849 θ.
2299 1793 2384 1857 Et,
2417 1794 2462 1847 si
2494 1793 2619 1861 quis
2652 1792 2854 1857 sitiret,
2891 1793 2956 1847 ad
2983 1808 3041 1847 se
3059 1806 3183 1848 esse
3211 1789 3434 1846 venien-

1847 1892 1976 1948 dum
2013 1894 2080 1948 υ.
2108 1891 2211 1947 Sed
2250 1906 2349 1945 sua
2402 1904 2525 1944 esse
2579 1895 2799 1959 peccata
2851 1895 3068 1943 secutos
3100 1903 3115 1952 ;
3142 1894 3436 1955 quantum-

1848 1988 1931 2042 vis
1962 1985 2068 2040 nisi
2106 1984 2395 2039 crederent
2427 1983 2554 2052 quia
2616 1981 2732 2050 ipse
2788 1988 2891 2044 est,
2927 1980 2979 2033 in
3029 1978 3269 2049 peccatis
3315 1975 3433 2030 suis

1847 2096 1972 2137 esse
2029 2080 2331 2134 moriturus
2374 2077 2697 2131 inclamaret
2738 2073 2804 2128 ¹¹.
2840 2073 2978 2127 Sunt
3012 2072 3200 2136 etiam,
3232 2070 3327 2137 qui
3365 2069 3432 2123 ad

1848 2172 2229 2245 [Egyptiacam
2247 2169 2592 2231 servitutem,
2612 2174 2667 2221 et
2703 2164 2769 2218 ad
2810 2162 3111 2223 molestias,
3138 2174 3280 2231 quas
3312 2173 3435 2213 cer-

1848 2268 1919 2322 tis
1951 2264 2290 2333 temporibus
2334 2261 2661 2322 tolerarunt,
2690 2258 2813 2312 ideo
2840 2254 3123 2319 referant;
3172 2250 3318 2323 quod
3364 2251 3434 2304 ab

1847 2372 1935 2423 eo,
1954 2372 2115 2427 quem
2130 2354 2352 2408 minime
2372 2352 2722 2417 invocabant,
2742 2349 3007 2404 auxilium
3026 2347 3312 2404 sentirent.
3337 2343 3434 2399 Ille

1847 2450 2019 2511 enim,
2040 2446 2153 2518 Ego
2183 2462 2328 2510 sum,
2356 2444 2555 2515 inquit,
2588 2443 2680 2514 qui
2712 2458 2900 2497 manus
2924 2457 3067 2496 meas
3094 2443 3148 2494 in
3170 2436 3320 2494 Mose
3334 2453 3433 2492 exe

1846 2540 2060 2613 pandi;
2101 2547 2160 2593 ut
2235 2554 2332 2609 per
2375 2538 2660 2592 victoriam
2711 2551 2812 2592 vos
2869 2534 3000 2589 mihi
3056 2532 3432 2596 conciliarem,

1848 2612 2184 2689 Amalecitas
2215 2641 2396 2684 autem
2451 2628 2738 2699 perderem
2769 2645 2784 2681 :
2816 2625 3223 2696 quantumlibet
3270 2612 3434 2678 idolis

1848 2727 2125 2783 inhiantes
2146 2723 2343 2779 vestris
2361 2720 2763 2791 cupiditatibus
2787 2718 3132 2773 inserviretis
3155 2734 3171 2782 ;
3192 2730 3262 2771 ne
3286 2730 3434 2771 nunc

1850 2819 1902 2873 id
1937 2817 2172 2889 primum
2205 2814 2320 2869 lieri
2354 2812 2619 2866 aﬂeratis.
2653 2808 2764 2864 Vos
2794 2809 2939 2864 enim
2996 2807 3065 2863 ab
3118 2807 3268 2861 omni
3315 2820 3433 2861 sevo

1852 2926 1937 2965 me
1971 2907 2368 2969 exacerbaslis;
2404 2906 2495 2974 qui
2530 2905 2585 2957 in
2613 2913 2892 2970 conspectu
2918 2917 3030 2954 meo
3054 2898 3429 2967 sacriﬁcastis,

1852 3003 1945 3074 qui
1979 3004 2121 3057 Deus
2147 3015 2271 3053 sum
2303 2997 2516 3061 videns,
2543 2996 2749 3065 quique
2778 3009 2864 3050 me
2894 2992 3031 3047 nihil
3056 2992 3238 3046 celare
3269 3005 3432 3062 posse

172 3095 250 3146 μοι
286 3078 644 3148 ἀφιερωθέντι
690 3078 841 3149 ναῷ;
885 3080 993 3131 Καὶ
1034 3078 1121 3131 διὰ
1161 3078 1426 3149 Ἱερεμίου
1464 3076 1573 3147 γὰρ
1613 3076 1736 3149 ἔφη’

1853 3090 2061 3143 monui.
2090 3088 2231 3154 Quid
2260 3087 2427 3157 igitur
2465 3100 2559 3154 per
2593 3091 2932 3153 conspectum
2963 3098 3139 3144 situm.
3165 3083 3269 3136 nisi
3297 3091 3436 3139 tem:

177 3170 274 3223 «Τί
307 3173 339 3243 ὴ
372 3171 711 3242 ἠγαπημένη
742 3173 799 3225 ἐν
841 3170 917 3241 τῷ
942 3173 1076 3241 οἴκῳ
1115 3188 1215 3241 μου
1259 3171 1482 3241 ἐποίησε
1509 3170 1739 3242 βδέλυγο

174 3280 272 3330 μας
327 3284 344 3316 ι
389 3263 538 3317 οὔτω
582 3264 682 3334 τῆς
715 3264 935 3335 Γραφῆς
976 3264 1246 3334 καλούσης
1277 3264 1340 3316 τὸ
1368 3263 1609 3317 εἴδωλον.
1664 3265 1738 3317 Τὸ

168 3355 215 3407 δὲ
246 3357 333 3408 καὶ
367 3359 484 3411 οὐκ
509 3355 652 3420 εισι,
685 3357 813 3428 περὶ
840 3356 946 3410 τῶν
966 3355 1264 3424 δαιμόνων
1286 3356 1475 3426 φησιν,
1514 3357 1590 3421 ὡς
1626 3358 1737 3413 οὐκ

172 3447 338 3501 ὄντων
384 3450 541 3512 θεῶν
566 3487 581 3512 ,
617 3444 699 3513 οἷς
738 3448 893 3501 ἔθυον
940 3450 999 3503 ἐν
1032 3451 1146 3511 τοῖς
1192 3449 1260 3501 ἐκ
1297 3448 1568 3504 πλίνθων
1604 3467 1738 3503 κατα

169 3543 574 3611 εσκευασμένοις
603 3540 826 3612 βωμοῖς.
853 3543 1058 3609 Ἢγουν
1094 3540 1349 3611 ἐπείπερ,
1415 3541 1577 3611 ἡνίκα
1623 3544 1737 3601 τοῖς

171 3630 476 3701 δαιμονίοις
554 3632 810 3704 εῦχοντο,
883 3634 1084 3695 τόπους
1143 3636 1423 3700 πλίνθοις
1488 3636 1736 3700 ἐοικότας

173 3723 465 3796 διέγραφον,
506 3725 591 3794 ἐφ’
634 3719 709 3780 ὧν
758 3726 997 3780 ἵσταντο.
1030 3725 1123 3779 Ἔν
1158 3727 1406 3796 μνήμασι
1452 3727 1509 3779 δὲ
1562 3726 1732 3795 λέγει,

170 3814 244 3870 διὰ
276 3817 370 3882 τὰς
414 3818 907 3887 νεκυομαντείας,
959 3819 1019 3878 ἐν
1071 3818 1129 3872 δὲ
1193 3819 1544 3885 σπηλαίοις,
1602 3818 1732 3871 ἔνθα

171 3910 313 3964 ἴστων
376 3912 469 3975 ἐπ’
520 3911 697 3980 ὄρους
726 3910 1040 3981 ἀγάλματα,
1082 3910 1115 3982 ἢ
1162 3911 1259 3965 καὶ
1294 3911 1516 3975 τελετὰς
1542 3911 1732 3964 ἐπετέ-

172 4000 280 4059 λουν
298 4005 467 4071 τινὰς,
504 4003 611 4059 ὑπὸ
639 4002 880 4075 ὅένδρέσι
918 4002 1182 4075 μεγάλοις
1209 4003 1401 4068 θυσίας
1428 4003 1731 4074 προσάγον-

170 4112 263 4158 τες.
296 4098 402 4152 Καὶ
434 4099 550 4160 τοῖς
582 4096 791 4149 ἔθνεσιν
836 4093 1056 4168 [φησιν]
1090 4095 1438 4166 ὁμοιούμενοι
1461 4094 1732 4164 χοιρείων

171 4188 486 4260 ἐνεφορεῖσθε
518 4188 725 4258 κρεῶν,
756 4191 851 4241 καὶ
877 4188 947 4241 ἐκ
985 4186 1105 4241 τῶν
1144 4186 1396 4248 θυσιῶν,
1439 4180 1514 4239 ὧν
1560 4202 1728 4257 προσ-

170 4283 367 4351 εφέρετε
408 4282 682 4353 δαίμοσιν,
729 4280 950 4351 ἕψοντες
983 4280 1053 4334 τὰ
1077 4279 1324 4350 περιττὰ,
1358 4278 1481 4332 πᾶν
1503 4279 1730 4345 σκεῦος

171 4376 454 4444 ἐμολύνετε.
512 4378 621 4430 Καὶ
671 4374 898 4429 τοιαῦτα
947 4373 1185 4443 δρῶντες
1242 4373 1385 4440 πυρὶ
1426 4372 1521 4426 καὶ
1573 4371 1728 4426 ὕδατι

1846 3182 2018 3253 plum,
2051 3180 2194 3249 quod
2220 3179 2322 3234 sibi
2361 3184 2747 3233 consecratum
2779 3184 2886 3238 est,
2921 3175 3186 3230 intellexit
3210 3175 3233 3228 ’ἒ
3254 3173 3431 3229 Etiam

1839 3276 1985 3329 enim
2018 3289 2113 3343 per
2142 3271 2459 3332 Jercmiam,
2503 3287 2522 3324 ι
2560 3269 2734 3335 Quam
2792 3268 2993 3323 dilecta
3029 3267 3082 3321 in
3136 3266 3301 3321 domo
3331 3279 3432 3327 sua

1840 3367 1970 3422 fecit
2005 3365 2472 3419 abominatinnem
2512 3381 2531 3416 ι
2571 3360 2847 3431 postulare
2881 3359 3069 3415 videas
3121 3358 3163 3401 ι’
3190 3377 3205 3423 ;
3230 3357 3433 3426 quibus

1839 3460 2025 3514 verbis
2058 3458 2263 3512 idolum
2294 3456 2579 3525 Scriptura
2620 3452 2915 3524 signiﬁcat.
2956 3450 3111 3518 Quod
3140 3459 3323 3505 autem
3374 3462 3429 3505 et

1838 3571 1940 3607 non
1964 3567 2086 3606 sum
2124 3550 2346 3619 adjecit,
2371 3548 2437 3604 de
2467 3548 2794 3603 dwmonibus
2830 3546 3097 3601 intellexit
3130 3553 3430 3614 ;tanquatn

1834 3646 1959 3700 deos
2020 3662 2120 3699 non
2149 3660 2261 3697 esse
2291 3652 2523 3705 asserat,
2556 3641 2758 3709 quibus
2806 3654 2971 3709 super
3020 3638 3213 3692 altaria
3246 3638 3434 3692 lateri-

1837 3739 1931 3792 bus
1955 3748 2273 3791 constructa
2294 3734 2702 3790 sacriﬁcabant.
2720 3731 2817 3786 Vel
2838 3733 3128 3801 quia,cum
3152 3730 3424 3786 daemonia

1834 3833 2223 3899 precab-intnr,
2278 3829 2399 3883 loca
2467 3826 2720 3897 quaedam
2756 3827 2810 3879 in
2872 3824 3098 3878 laterum
3165 3822 3433 3879 similitu-

1833 3923 2114 3989 dincm,in
2139 3922 2341 3992 quibus
2381 3936 2446 3976 ea
2481 3918 2790 3990 erigebant,
2823 3916 3197 3983 delineabant,
3253 3914 3435 3982 sepul-

1833 4030 2048 4068 crorum
2068 4012 2268 4068 deinde
2298 4011 2546 4066 meminit
2576 4026 2591 4076 ;
2627 4017 2685 4064 ut
2721 4008 3119 4063 divinationem
3152 4022 3253 4077 per
3283 4021 3433 4063 mor-.-

1833 4117 1959 4164 tuos
2017 4109 2296 4163 innueret.
2330 4104 2575 4159 Meminit
2606 4114 2659 4159 et
2688 4102 3087 4172 speluncarum,
3131 4100 3223 4155 ubi
3259 4100 3434 4155 simu—

1832 4204 1979 4258 lacra
1999 4203 2053 4255 in
2068 4210 2242 4254 monte
2262 4198 2608 4253 collocabant
2626 4213 2640 4262 ι
2659 4204 2752 4248 aut
2769 4196 2933 4250 etiam
2976 4208 3132 4248 sacra
3156 4191 3429 4261 quaedam,

1833 4295 2092 4349 mactatis
2123 4292 2226 4346 sub
2258 4290 2504 4359 proceris
2537 4287 2831 4341 arboribus
2863 4283 3087 4347 hostiis,
3124 4282 3428 4343 faciebant.

1832 4380 1977 4447 Quin
2010 4387 2065 4434 et
2119 4385 2333 4448 gentes,
2370 4376 2468 4439 ait,
2504 4374 2727 4439 imitati,
2760 4373 2991 4431 anilibus
3037 4371 3285 4425 carnibus
3326 4370 3432 4424 im-

172 4467 625 4537 περιαγνιζόμενοι
666 4463 965 4532 καθαροὺς
995 4462 1252 4529 ἑαυτοὺς
1290 4462 1626 4533 ὠνομάζετε.
1661 4464 1724 4521 Ἃ

1845 4471 2139 4543 plebamini
2169 4487 2184 4538 ;
2223 4485 2451 4539 rasaque
2474 4467 2654 4523 omnia
2696 4465 2992 4521 elixatione
3022 4463 3428 4533 superﬂuorum

170 4554 218 4607 δὲ
254 4559 418 4612 πάντα
466 4559 699 4624 καπνός
746 4559 865 4611 εἱσι
900 4556 1007 4610 τοῦ
1041 4554 1234 4627 θυμοῦ
1281 4572 1423 4625 μου.
1464 4555 1577 4625 Πρὸ
1619 4555 1729 4626 γὰρ

171 4647 253 4716 τῆς
283 4651 577 4723 ἐπιδημίας
626 4650 767 4720 ἀρχή
804 4666 920 4712 πως
959 4645 1028 4719 ἦν
1056 4650 1153 4718 τῆς
1195 4645 1347 4710 θείας
1385 4646 1580 4716 ὀργῆς.
1626 4646 1730 4711 Τὸν

172 4741 219 4794 δὲ
234 4746 407 4813 θυμὸν
429 4747 636 4817 ἐξῆψαν
665 4746 733 4798 τὰ
753 4744 899 4799 κατά
927 4744 1021 4798 τοῦ
1050 4744 1303 4813 Σωτῆρος
1328 4743 1727 4814 τολμήσαντες.

181 4833 235 4886 ὐ
289 4837 342 4893 δὲ
393 4841 628 4905 καπνὸς
675 4840 764 4905 εὶς
808 4838 929 4906 πῦρ
990 4836 1373 4908 μετεϐάλλετο.
1412 4834 1635 4905 Ἐπειδὴ
1675 4834 1733 4889 δὲ

173 4936 268 4996 τοῖς
294 4936 595 5006 ἀνθρώποις
640 4936 863 5008 βοήθεια
909 4937 1046 5007 πρὸς
1085 4934 1259 5005 λήθην
1292 4934 1364 4988 τὰ
1398 4928 1731 5004 γράμματα,

174 5030 420 5095 τροπικῶς
468 5032 532 5084 ἐκ
583 5031 790 5084 τούτων
835 5030 1079 5083 δείκνυσι
1122 5031 1182 5082 τὸ
1217 5029 1579 5098 ἁνεπίληστον
1632 5028 1728 5081 τοῦ

174 5116 288 5171 Θεοῦ
311 5135 325 5152 '
354 5125 535 5178 ὁποῖον
574 5126 669 5178 κα)⁸
699 5125 849 5196 παρὰ
874 5122 1072 5192 Δανιὴλ
1114 5122 1195 5189 τὸ,
1231 5121 1419 5175 Βίϐλοι
1449 5120 1726 5191 ἀνεῴχθη-

178 5222 276 5270 σαν,
308 5217 565 5282 σημαῖνον
619 5215 718 5286 τὴν
744 5216 921 5268 πάντα
961 5212 1163 5282 γνῶσιν
1212 5211 1732 5283 περιλαμϐάνουσαν

174 5298 252 5350 τοῦ
289 5301 439 5359 θεοῦ.

1839 4564 1903 4618 de
1942 4564 2154 4627 hostiis,
2188 4577 2329 4633 quas
2395 4561 2497 4631 ipsi
2556 4559 2836 4624 feceratis,
2887 4555 3423 4626 coinquinaveratis.

1836 4658 1968 4725 Quae
2024 4667 2205 4711 tamen
2254 4671 2379 4709 cum
2443 4653 2697 4725 ageretis,
2727 4661 3016 4723 postquam
3058 4652 3176 4721 igne
3221 4664 3319 4704 vos
3375 4658 3431 4704 et

1841 4765 1984 4821 aqua
2042 4749 2406 4810 lustrassetis,
2455 4747 2678 4800 mumlos
2726 4763 2814 4800 vos
2872 4744 3252 4814 appellabatis.
3299 4743 3433 4809 Quae

1842 4852 1993 4899 certe
2010 4844 2197 4897 omnia
2227 4841 2427 4911 furoris
2448 4840 2551 4893 mei
2582 4839 2761 4907 fumus
2794 4848 2939 4893 sunt.
2969 4836 3099 4892 Erat
3122 4836 3268 4891 cutim
3305 4843 3434 4889 ante

1842 4937 2139 4989 adventum
2186 4934 2353 4988 veluti
2385 4932 2662 5004 quoddam
2687 4930 2889 4985 divina:
2915 4930 3010 4984 irae
3047 4928 3381 5000 principium
3413 4942 3429 4992 ;

1838 5026 1934 5083 sed
1967 5026 2130 5096 738
2164 5026 2399 5094 furerent
2440 5023 2691 5079 accendit
2730 5030 3006 5091 patratum
3054 5022 3108 5075 in
3168 5020 3429 5074 Salvato-

1837 5134 1954 5173 rem
1988 5119 2203 5172 facinus
2232 5136 2246 5172 :
2280 5118 2507 5187 ipseque
2559 5116 2735 5185 fumus
2770 5116 2822 5169 in
2854 5115 2972 5184 igne
3027 5122 3268 5167 mutatus
3325 5120 3431 5167 est.

1844 5210 2118 5277 Quoniam
2156 5220 2340 5264 autem
2404 5209 2658 5264 homines
2693 5208 2757 5260 ad
2795 5206 3073 5261 memoriae
3119 5203 3430 5260 subsidium

1840 5304 2052 5372 scriptis
2079 5302 2154 5355 uti
2188 5304 2437 5363 videmus
2472 5319 2487 5368 ;
2530 5302 2598 5354 ab
2632 5300 2739 5355 illis
2793 5300 3001 5369 tropice
3061 5299 3214 5352 nulla
3260 5298 3431 5351 Deum

176 5386 700 5451 olilivionelaborare
723 5393 1435 5466 ocmonstrat.Cujusmodi
1468 5394 1600 5449 illud
1621 5403 1727 5457 est,
1761 5396 1909 5464 quod
1960 5395 2104 5465 apud
2178 5395 2452 5450 Danielem
2513 5402 2735 5462 apertos
2811 5405 2934 5446 esse
3006 5390 3177 5446 libros
3225 5388 3434 5459 reperi-

176 5494 281 5540 mus
312 5488 384 5556 ";
426 5498 485 5545 ut
512 5496 699 5545 omnia
742 5491 836 5546 Dei
881 5492 1250 5562 cognitionem
1299 5491 1588 5561 complecti
1650 5490 1943 5559 signiﬁcet.

244 5580 365 5639 Ἐπὶ
403 5588 457 5642 δὲ
502 5588 621 5643 τῶν
645 5588 894 5655 ,Βουνῶν
933 5589 1258 5644 ὠνείδισάι·
1306 5606 1406 5661 με,
1454 5588 1609 5659 φησί.
1645 5587 1720 5641 05

236 5698 452 5785 “Ezecb:
478 5725 630 5776 xvut,
656 5708 747 5764 ‘25.
802 5709 822 5741 ’
858 5706 1020 5763 Joan.
1041 5724 1161 5773 vui,
1191 5708 1272 5763 12.
1321 5708 1363 5740 ¹⁰
1398 5705 1530 5763 ibid.
1556 5723 1654 5773 vn,

179 5765 320 5849 Apoc.
344 5793 391 5831 ς.
418 5779 467 5833 5.

1909 5584 2174 5657 Sequitur
2192 5582 2389 5641 deinde
2420 5600 2433 5637 :
2464 5579 2534 5636 Et
2569 5598 2725 5653 super
2776 5580 2935 5635 colles
2982 5578 3431 5655 exprobrauerunt

1856 5706 1895 5739 ¹¹
1935 5706 2070 5763 ibid.
2094 5721 2217 5773 vm,
2256 5704 2350 5761 24.
2431 5704 2473 5737 ι’
2503 5699 2800 5770 Jerem.x1,
2839 5701 2923 5769 15.
3000 5698 3043 5732 "
3065 5699 3202 5767 Dan.
3234 5714 3331 5773 xu,
3363 5697 3426 5771 l;
