4046 6386
606 295 746 360 2687

1920 302 2274 370 ΠΗΟΟΟΡΙΙ
2307 306 2551 367 ῦΑΖιΕΙ

3722 309 3840 375 2688

606 403 759 459 mihi.
792 403 976 476 Neque
1007 405 1153 462 enim
1185 404 1306 460 aliis
1340 419 1583 476 unquam
1629 406 1907 474 litassent,
1945 410 2050 466 nisi
2096 424 2185 466 me

2306 412 2396 482 γὰρ
2425 414 2491 466 ἂν
2532 412 2689 467 ἔθυον
2728 413 2955 486 ἑτέροις,
2991 413 3067 487 μὴ
3110 429 3578 484 καταφρονοῦντες
3612 416 3682 479 ὡς
3712 419 3841 473 εὖτε-

607 497 1096 566 contempsissent,
1150 504 1404 565 tanquam
1458 496 1599 554 Deus
1649 498 1768 568 ipse
1827 515 1935 555 non
1977 516 2183 558 essem.

609 587 765 653 Quod
799 597 981 643 autem
1040 605 1142 641 non
1188 588 1476 641 taciturum
1507 604 1567 644 se
1605 590 1848 660 adjecit;
1881 592 1950 647 ad
1989 608 2191 663 exspe-

608 688 824 734 ctantes
863 695 923 736 se
979 680 1191 737 retulit.
1225 679 1414 750 Itaque
1450 683 1494 736 si
1532 684 1845 738 inveniatur
1887 685 2088 756 aliquis
2121 702 2190 742 ex

607 789 671 825 ea
713 774 1082 841 multitudine,
1111 773 1205 844 qui
1243 775 1440 830 salutis
1507 790 1658 846 spem
1723 778 1943 844 habeat,
1991 780 2190 834 horum

608 866 703 920 ille
736 865 789 918 in
824 881 1054 920 numero
1101 881 1210 921 non
1265 867 1576 923 habebitur.
1621 868 1680 923 Si
1713 872 1860 925 enim
1927 875 2008 926 vel
2063 875 2192 930 vitis

609 957 727 1026 ipsa
765 956 1006 1021 Domini,
1036 973 1136 1029 pro
1166 959 1311 1024 uvis,
1348 960 1537 1030 spinas
1563 962 1854 1032 producat,
1883 963 2194 1019 eradicabi-

608 1058 726 1104 tur.
763 1051 860 1106 Sin
913 1063 1096 1108 autem
1148 1055 1233 1109 vel
1281 1067 1513 1124 pauens,
1543 1054 1704 1109 veluti
1767 1055 1822 1108 in
1862 1058 2001 1110 sicco
2043 1055 2194 1113 botro

611 1145 797 1200 acinus
830 1146 1118 1202 incolumis
1149 1147 1482 1213 inveniatur;
1510 1159 1772 1218 tanquam
1806 1149 2191 1204 benedictionis

612 1236 911 1307 particeps,
941 1239 1276 1295 servabitur.
1327 1237 1448 1294 Non
1493 1239 1654 1294 aliter
1687 1254 1751 1294 ac
1785 1239 1829 1296 si
1859 1240 1976 1310 agri
2006 1239 2194 1296 Domi-

613 1343 720 1384 nus
751 1344 1018 1384 racemum
1063 1330 1334 1400 amputari
1387 1329 1695 1400 prohibeat,
1731 1330 1785 1384 in
1819 1347 1928 1401 quo
1950 1335 2193 1402 supersit

614 1418 823 1483 acinus,
853 1435 1016 1490 quem
1047 1419 1251 1474 habere
1291 1419 1706 1474 benedictionem
1739 1428 1981 1474 moneat.
2007 1417 2099 1474 Sic
2139 1427 2195 1475 et

614 1508 854 1565 Sodoma
899 1520 1252 1565 servaturum
1292 1525 1352 1566 se
1409 1510 1768 1580 pollicebatur
1826 1509 2112 1574 Dominus,
2144 1510 2192 1566 si

612 1603 699 1659 vel
732 1602 1174 1674 quinquejustos
1207 1601 1491 1657 habuisset
1509 1603 1573 1655 ιδ.
1603 1604 1704 1658 Hie
1735 1612 1918 1657 autem
1949 1602 2016 1656 ad
2037 1603 2196 1656 boni-

611 1695 744 1750 tatis
792 1695 1171 1750 extensionem
1218 1703 1442 1764 propter
1484 1696 1695 1748 acinum
1746 1709 1938 1761 Illlllm,
1984 1695 2189 1749 botrum

2294 503 2438 570 λοῦς,
2471 505 2566 558 καὶ
2603 505 2734 576 μηδὲ
2766 508 2916 570 ὄντος
2943 506 3100 562 Θεοῦ.
3131 507 3208 561 Τὸ
3237 507 3315 571 δὲ,
3335 510 3420 563 Οὐ
3447 507 3537 577 μὴ
3562 513 3843 578 σιωπήσω,

2295 598 2663 665 ἐπιμενόντων
2696 599 2876 652 αὐτῶν
2914 599 3176 670 δηλονότι.
3205 598 3508 670 Τοιγαροῦν
3539 602 3589 654 εί
3621 603 3844 678 εὑρεθείη

2293 703 2378 749 τις
2405 689 2464 740 ἐν
2495 686 2573 757 τῷ
2610 686 2804 759 πλήθει
2837 689 3112 761 σωτηρίας
3131 690 3271 760 ἔχων
3291 689 3507 753 ἐλπίδα,
3535 692 3736 747 τούτων
3760 696 3847 762 ἔξω

2293 779 2606 846 γενήσεται.
2648 780 2707 831 Ei
2742 779 2852 853 γὰρ
2879 781 2977 834 καὶ
3009 783 3037 835 ὁ
3063 782 3323 852 ἀμπελὼν
3355 783 3566 854 Κυρίου
3601 787 3718 838 ἀντὶ
3748 805 3851 842 στα-

2296 867 2468 939 φυλῆς
2490 869 2734 933 ἀκάνθας
2761 872 2993 941 ποιήσας
3015 881 3066 934 1,
3087 872 3554 944 ἀφανισθήσεταιο
3576 875 3691 928 ἀλλ’
3714 879 3849 934 εἷπον

2293 975 2379 1021 τις
2407 957 2762 1030 εὑρεθήσεται
2792 960 3018 1024 σπάνιος
3055 962 3136 1028 ὡς
3166 963 3236 1016 ἐν
3278 962 3441 1032 ξηρῷ
3482 964 3706 1033 βότρυι·
3744 967 3851 1035 pars

2293 1049 2491 1118 ὑγιὴς,
2513 1049 2589 1114 ὡς
2616 1052 2903 1120 εὐλογίας
2922 1053 3189 1124 μετέχων,
3222 1053 3537 1125 σωθήσεται
3556 1071 3573 1086 ο
3599 1055 3675 1121 ὡς
3704 1061 3752 1112 εί
3773 1064 3853 1114 καὶ

2295 1138 2570 1212 δεσπότης
2607 1141 2780 1213 ἀγροῦ
2824 1143 3025 1198 κωλύοι
3084 1145 3362 1218 τμηθῆναι
3408 1148 3650 1216 ,Βότρυν
3685 1151 3853 1221 ἔχοντα

2293 1232 2384 1287 τὸν
2429 1233 2524 1286 ἕνα
2565 1233 2748 1305 ρῶγα,
2804 1237 3090 1306 εὐλογίαν
3119 1238 3263 1309 ἔχειν
3301 1239 3496 1305 εἰπὼν,
3533 1239 3676 1296 οὕτω
3715 1244 3850 1317 μέχρι

2295 1323 2456 1377 πέντε
2484 1325 2711 1378 δικαίων
2736 1327 2766 1378 δ
2793 1321 2925 1389 Θεὸς
2956 1327 3226 1398 ὐπέσχετο
3272 1327 3472 1394 σώζειν
3527 1331 3598 1384 τὰ
3644 1333 3848 1404 Σόδομα.

2294 1415 2408 1468 Νῦν
2429 1414 2486 1468 δὲ
2517 1416 2640 1469 κατ’
2667 1417 2920 1472 ἐπίτασιν
2943 1419 3298 1491 ἀγαθότητος,
3329 1421 3400 1474 δι’
3432 1423 3533 1475 Eva
3562 1422 3752 1498 [ῥῶγα]
3778 1427 3852 1481 λέ-

2294 1523 2381 1574 γει
2403 1506 2494 1561 τθιν
2513 1505 2748 1575 βότρυν
2780 1508 3147 1580 σωθήσεσθαι,
3167 1510 3370 1584 δηλαδὴ
3393 1512 3576 1579 πόλιν,
3603 1515 3637 1586 ἦ
3663 1515 3854 1588 κώμην.

2296 1599 2406 1652 Καὶ
2455 1599 2556 1670 τὴν
2614 1599 2874 1654 ὲπὰνοδον
2934 1602 3042 1674 γὰρ
3105 1605 3375 1676 πεποίηκε
3414 1605 3507 1660 διὰ
3554 1606 3851 1678 Ζοροεάδελ,

2308 1691 2516 1763 Ἰησοῦν
2559 1707 2618 1747 τε
2658 1693 2754 1747 καὶ
2819 1695 3078 1766 Ἔσδραν,
3127 1697 3222 1750 καὶ
3260 1698 3313 1750 si
3342 1715 3429 1762 τις
3459 1699 3718 1764 τοιοῦτος.
3763 1705 3854 1756 Καὶ

611 1787 791 1856 ipsum
828 1802 842 1851 ;
872 1787 1035 1841 idest
1069 1785 1372 1849 civitatem,
1405 1785 1489 1840 vel
1520 1800 1740 1856 pagum,
1770 1793 2115 1841 servaturum
2134 1803 2194 1842 se

2306 1783 2396 1836 νῦν
2443 1782 2501 1837 δὲ
2549 1785 2893 1856 ἐξελοῦμαι,
2937 1763 3107 1857 ήγουν
3166 1789 3368 1860 ὑψηλὸν
3417 1763 3691 1858 ἀποδείξω
3715 1793 3768 1847 τὸ
3807 1797 3855 1861 ἐξ

613 1878 905 1947 signiﬁcat.
935 1875 1077 1932 Olim
1111 1877 1255 1934 enim
1274 1879 1438 1932 etiam
1459 1878 1764 1932 revertendi
1793 1879 2011 1948 copiam
2042 1877 2192 1944 fecit,

607 1979 835 2042 propter
895 1970 1314 2036 Zorobahelem,
1338 1981 1392 2025 et
1443 1970 1655 2032 Jesum,
1686 1981 1740 2026 et
1771 1971 2028 2034 Esdram,
2061 1981 2117 2027 et
2147 1971 2190 2027 si

609 2064 737 2134 quis
766 2065 1059 2134 ejusmodi.
1090 2065 1153 2120 Et
1179 2081 1325 2121 nunc
1342 2082 1563 2137 quoque
1585 2065 1900 2120 educturum
1924 2083 2000 2128 se,
2033 2067 2082 2120 id
2107 2073 2192 2121 est

609 2157 891 2211 excelsum
931 2157 1377 2214 facturumludw
1399 2175 1572 2212 semen
1599 2168 1648 2213 et
1674 2157 1869 2212 Jacobi
1897 2158 2192 2228 signiﬁcat.

609 2244 874 2316 lntelligit
923 2262 1050 2303 vero
1111 2251 1327 2304 seminis
1379 2249 1745 2319 appellatioae
1805 2248 1936 2302 illud
1993 2249 2192 2317 ipsum,

2313 1876 2508 1930 Ἰούδα
2531 1876 2769 1948 σπέρμα
2803 1877 2902 1932 καί
2940 1879 3163 1935 Ἰακώϐ.
3201 1881 3275 1933 Τὸ
3294 1881 3352 1935 δὲ
3379 1881 3626 1951 σπέρμα
3652 1883 3789 1954 δηλοῖ
3805 1888 3855 1940 τὸ

2299 1969 2378 2032 εἰς
2455 1967 2660 2038 ἑτέρων
2725 1967 3100 2039 καρποφορίαν
3175 1969 3496 2022 συντελέσαι
3566 1969 3853 2041 δυνάμενον·

2296 2062 2480 2115 ὁποῖον
2539 2058 2632 2122 τὸ,
2686 2077 2705 2111 ι
2747 2059 2808 2112 Ei
2847 2059 2922 2131 μὴ
2970 2059 3176 2132 Κύριος
3220 2061 3453 2116 Σαϐαὼθ
3525 2065 3855 2130 ἐγκατέλιπεν

2303 2153 2438 2222 ἡμῖν
2470 2152 2710 2222 σπέρμα,
2751 2169 2770 2202 ι
2829 2151 2856 2205 δ
2903 2151 2995 2205 τὸν
3025 2152 3382 2207 ἀποστολικδν
3407 2155 3667 2225 σημαίνει
3693 2159 3851 2229 χορόν·

2301 2245 2350 2312 ὃ,
2387 2244 2496 2298 τῶν
2541 2243 2719 2298 ἄλλων
2768 2244 3231 2314 ἀπολλυμένων,
3264 2247 3334 2300 τὸ
3357 2247 3537 2314 ἅγιον
3564 2250 3854 2317 smnpm.

609 2341 759 2410 quod
807 2342 1022 2396 cteteris
1061 2341 1127 2396 ad
1161 2343 1436 2397 fructuum
1492 2341 1788 2397 editionem
1820 2341 2071 2396 conferre
2102 2357 2196 2395 va-

2306 2353 2498 2407 μησεν
2541 2337 2680 2406 ὄρος
2723 2354 2737 2367 ·
2794 2339 3117 2407 φάσκοντες,
3185 2338 3688 2411 Προσεληλύθαμεν
3741 2341 3850 2392 Σιὼν

611 2433 924 2504 leatzquale
955 2443 1042 2490 est
1075 2434 1242 2488 illud:
1279 2456 1296 2486 ι
1327 2434 1450 2490 Nisi
1484 2435 1750 2490 Dominus
1785 2435 2027 2489 Sabaoth
2062 2435 2184 2490 reli-

611 2524 822 2594 quisset
839 2525 996 2581 nobis
1030 2541 1215 2582 semen
1238 2528 1314 2593 ¹⁸;
1342 2545 1361 2579 ι
1388 2527 1592 2597 quibus
1608 2528 1793 2581 verbis
1812 2527 2191 2595 apostolorum

612 2615 820 2673 chorus
853 2617 1238 2687 siguilieatur;
1267 2620 1383 2689 qui,
1412 2620 1625 2675 caeteris
1652 2620 2012 2687 pereuntibus,
2037 2633 2192 2670 mon-

614 2719 717 2764 tem
739 2721 982 2764 sanctum
1011 2713 1308 2779 possidens,
1341 2712 1405 2765 ad
1440 2721 1680 2766 montem
1723 2709 1877 2777 Sion,
1899 2721 1954 2766 et
2007 2709 2072 2764 ad
2109 2709 2192 2764 cio

2301 2430 2440 2499 ὄρει,
2490 2431 2588 2484 καὶ
2621 2432 2775 2485 πόλει
2806 2431 2942 2484 Θεοῦ
2979 2431 3182 2496 ζῶντος
3233 2433 3600 2504 Ἰερουσαλὴμ
3651 2437 3854 2505 ἐπουρα-

2301 2522 2419 2592 νίῳ,
2456 2522 2623 2592 ἤγουν
2653 2521 2751 2593 τὴν
2792 2523 3118 2592 Ἐκκλησίαν
3147 2522 3288 2577 κατὰ
3316 2523 3398 2588 τὸ,
3435 2524 3660 2578 Πίονται
3690 2526 3855 2594 εὐφρο·

2303 2616 2491 2686 σύνην,
2540 2617 2754 2671 πίονται
2793 2611 2958 2684 οἶνον,
2998 2617 3280 2688 χρίσονται
3327 2616 3503 2689 μῦρον
3539 2617 3610 2670 ἐν
3646 2615 3721 2682 τῷ
3755 2617 3854 2685 ὄρει

2300 2709 2495 2780 τούτῳ,
2534 2709 2602 2762 δι’
2639 2705 2715 2763 ὧν
2753 2709 3056 2780 ἐπληροῦτο
3104 2710 3198 2763 καὶ
3242 2708 3324 2777 τὸ,
3361 2709 3654 2764 Ἔσονται
3695 2708 3759 2761 ὲν
3790 2703 3858 2774 τῷ

613 2802 842 2856 vitalem
878 2800 970 2858 Dei
996 2803 1252 2866 viventis,
1272 2805 1554 2859 cmlestetu
1579 2801 1886 2857 Jerusalem
1919 2802 1984 2866 ιθ,
2015 2801 2067 2855 id
2103 2809 2189 2856 est

2306 2801 2501 2870 δρυμῷ
2551 2803 2860 2868 ἐπαύλεις.

614 2895 938 2960 Ecclesiam,
961 2895 1262 2952 accessisse
1293 2912 1353 2952 se
1383 2896 1573 2951 dicunt
1601 2896 1790 2967 :juxta
1822 2896 1969 2968 quod
1995 2895 2266 2950 bibitur-os
2291 2894 2558 2958 laetitiam,
2606 2893 2877 2950 hibituros
2911 2895 3098 2949 vinum
3123 2902 3439 2965 ;ungueuto
3462 2895 3693 2964 denique
3715 2909 3798 2949 eos
3811 2895 3857 2948 in

613 2996 790 3041 monte
821 2997 1046 3043 unctum
1071 2989 1138 3044 iri
1173 2989 1446 3060 legimus;
1479 2989 1683 3060 quibus
1715 2988 1964 3044 elfeetum
1989 2996 2093 3053 est,
2133 2999 2193 3042 ut
2231 2987 2378 3059 quod
2414 2988 2629 3057 futuras
2655 2989 2711 3042 in
2737 2989 2884 3042 saltu
2923 2987 3112 3044 caulas
3147 2987 3312 3062 739
3389 2987 3617 3057 adjecit,
3681 2985 3852 3041 factum

615 3083 942 3150 reperiatur.

689 3174 786 3230 Est
822 3191 953 3232 vero
984 3184 1272 3242 usutatum,
1306 3183 1367 3230 ut
1389 3176 1560 3229 saltus
1585 3175 1829 3242 nomine,
1878 3181 2190 3230 exterarum

2367 3172 2602 3243 Δρυμὸν
2636 3171 2881 3243 συνήθως
2935 3170 3113 3240 λέγων
3145 3169 3256 3224 τῶν
3287 3169 3609 3240 ἀλλοφύλων
3653 3170 3708 3221 τὸ
3742 3169 3855 3236 πλῆ-

617 3267 867 3339 gentiuin
901 3267 1202 3322 multitudo
1229 3267 1611 3336 signiﬁcetur;
1636 3267 1777 3336 apud
1802 3281 1942 3336 quas
1976 3268 2200 3321 institu-

619 3365 706 3412 tas
735 3371 860 3413 esse
924 3366 1143 3413 constat
1206 3357 1672 3425 Ecclesias;qua:
1718 3357 1907 3420 cautaz,
1940 3367 1995 3411 et
2041 3357 2200 3410 vallis

617 3454 797 3506 Achar
827 3453 1190 3523 appellantur.
1217 3454 1293 3507 Ae
1326 3453 1371 3508 si
1417 3452 1629 3507 diceret
1656 3471 1671 3507 :
1700 3451 1816 3506 Non
1850 3454 2011 3507 aliter
2035 3468 2200 3523 quam

617 3543 816 3598 vallem
870 3544 1060 3598 Achor
1126 3553 1292 3599 totam
1357 3545 1792 3599 exsecrationem
1857 3546 1967 3613 pati
2023 3545 2203 3599 couti-

620 3634 700 3703 git
729 3637 811 3699 '7;
844 3650 967 3690 cum
998 3651 1064 3691 eo
1104 3637 1384 3706 coniectus
1413 3637 1595 3691 Aehor
1649 3643 1754 3701 est,
1795 3639 1888 3707 qui
1929 3652 2051 3707 quae
2091 3636 2204 3692 Deo

621 3726 842 3782 fuerant
890 3739 1212 3782 consecrata
1254 3728 1472 3783 furatus
1528 3730 1868 3784 essetztalis
1913 3727 2092 3784 fuerat
2149 3736 2206 3784 et

623 3820 741 3888 ipsa
770 3820 1014 3888 gentium
1059 3820 1377 3890 impiarum,
1423 3821 1647 3892 Deoque
1670 3822 1976 3877 carentium
2009 3823 2200 3892 regio;

623 3925 746 3981 qua:
766 3911 820 3964 in
845 3921 1205 3966 armentorum
1241 3913 1496 3982 requiem,
1527 3914 1741 3982 populo,
1765 3914 1856 3984 qui
1882 3931 1963 3968 me
2009 3917 2208 3985 quwsi-

624 4010 832 4067 verunt,
877 3999 1060 4054 futura
1088 4010 1172 4057 est
1204 4019 1218 4055 :
1255 4017 1418 4072 quem
1439 4010 1492 4058 et
1517 4005 1738 4069 racemi,
1759 4012 1812 4058 et
1843 4005 2209 4071 seminis,ele-

623 4104 841 4149 ctorum
875 4093 1121 4162 insuper,
1147 4101 1202 4148 et
1250 4108 1534 4150 servorum
1572 4096 1889 4150 nominibus
1921 4095 2206 4152 indicavit.

622 4188 838 4259 Cogent
862 4188 1008 4243 enim
1051 4195 1294 4242 armenta
1331 4197 1386 4244 et
1407 4203 1608 4260 greges,
1643 4203 1752 4244 non
1786 4189 1840 4244 in
1874 4188 2079 4257 lsrael;
2111 4190 2209 4246 sed

625 4279 680 4335 in
703 4277 847 4332 saltu
897 4276 1182 4348 praedicto,
1213 4286 1268 4334 et
1326 4280 1463 4335 valle
1510 4279 1732 4334 Achoris
1757 4298 1777 4347 ;
1807 4281 1861 4336 id
1891 4290 1996 4349 est,
2033 4282 2087 4336 in
2123 4298 2210 4337 re-

628 4370 806 4440 gionis
851 4371 1238 4439 amplitudine,
1289 4370 1337 4426 si
1385 4371 1627 4427 nominis
1687 4371 2202 4443 interpretationem

628 4462 898 4530 postulas.
921 4463 1105 4534 Atque
1153 4463 1268 4518 haec
1313 4463 1535 4533 quidem
1582 4465 1707 4521 istis
1758 4473 2022 4521 eventura
2057 4473 2207 4520 sunt.

2308 3265 2420 3330 θος,
2465 3264 2598 3335 παρ’
2647 3257 2731 3324 οἷς
2797 3263 3118 3334 Ἐκκλησίαι
3180 3261 3551 3332 κατέστησαν,
3606 3261 3856 3325 ἐπαύλεις

2307 3358 2662 3428 καλούμεναι,
2698 3355 2794 3409 καὶ
2812 3354 3049 3425 φάραγξ
3091 3353 3287 3423 Ἀχώρ.
3311 3353 3471 3408 Τοῦτ’
3504 3353 3670 3417 ἔστιν,
3699 3351 3854 3420 ὥσπερ

2308 3450 2448 3520 αὑτὴ
2481 3449 2705 3518 γέγονεν
2755 3445 3306 3518 ἁνατεθηματισμένη
3353 3443 3642 3513 παγγενεὶ,
3673 3442 3810 3494 τοῦτο
3834 3450 3850 3476 ι

2308 3541 2566 3611 ἀνάθημα
2598 3539 2901 3609 κλέψαντος
2941 3537 3307 3607 ἐμϐληθέντος
3340 3536 3477 3606 αὐτῇ
3506 3551 3520 3566 ⁸
3554 3533 3760 3602 τοιαύτη
3789 3547 3855 3591 τις

2309 3632 2379 3708 ἦν
2419 3637 2452 3706 ὴ
2483 3633 2637 3705 χώρα
2678 3631 2788 3686 τῶν
2827 3631 3003 3684 ἀθέων
3029 3630 3221 3694 ἐθνῶν,
3271 3630 3394 3700 ἣτις
3426 3631 3521 3695 εἰς
3547 3628 3855 3683 ἀνάπαυσιν

2312 3729 2466 3783 ἐσται
2510 3727 2861 3792 βουκολέων
2890 3725 2970 3790 τῷ
3001 3722 3403 3792 ἐκζητήσαντί
3441 3741 3524 3793 με
3550 3721 3693 3788 λαῷ,
3721 3720 3772 3783 ὃς
3800 3715 3856 3789 ἦν

2311 3825 2341 3876 ὁ
2375 3821 2505 3892 pos
2547 3820 2730 3874 καὶτὸ
2767 3818 3008 3887 σπέρμα
3032 3817 3094 3871 τὸ
3130 3818 3442 3888 εἰρημένον,
3471 3817 3526 3869 oi
3559 3815 3782 3870 ἐκλεκτοί
3807 3828 3855 3864 τι

2313 3915 2512 3968 δοῦλοι.
2571 3912 2938 3981 Συστήσονται
2989 3909 3100 3979 γὰρ
3151 3903 3299 3963 οῦτοι
3341 3907 3639 3972 ,βουκόλιὰ
3682 3923 3736 3959 τε
3782 3905 3856 3957 καὶ

2316 4008 2584 4076 ποίμνια,
2613 4005 2712 4059 οῦκ
2745 4006 2802 4057 ὲν
2833 4005 2912 4074 τῷ
2944 4003 3184 4074 Ἰσραὴλ,
3227 4001 3344 4054 ἀλλ’
3385 4004 3443 4054 ὲν
3473 4001 3554 4072 τῷ
3598 3998 3853 4069 δηλωθέντι

2315 4099 2651 4170 δρυμῷ,καὶ
2666 4097 2740 4167 τῇ
2767 4095 3023 4167 φάραγγι
3051 4095 3158 4150 τοῦ
3194 4094 3477 4165 Ἀχὼρ,ὃς
3513 4090 3852 4165 ἑρμηνεύεται.

2318 4193 2514 4263 φασὶν,
2547 4189 2879 4262 εὐρυχωρία.
2915 4187 3104 4242 Ταῦτα
3155 4188 3254 4258 μὲν
3297 4187 3510 4250 τούτοις
3533 4202 3547 4216 ·
3585 4187 3690 4248 τοῖς
3737 4180 3855 4235 δὲτὸ

2317 4283 2489 4352 ἅγιον
2530 4277 3042 4351 ὲγκαταλιποῦσιν
3078 4278 3236 4345 ὄρος,
3292 4278 3386 4330 καὶ
3441 4275 3743 4345 συναφθείσι
3764 4272 3854 4331 τοῖς

2319 4375 2572 4437 ὲθνικοῖς,
2605 4373 2680 4436 ὡς
2737 4367 3214 4440 παρασκευάζειν
3243 4367 3322 4434 τῷ
3336 4370 3454 4438 μὲν
3472 4366 3749 4437 ἀγάλματι
3766 4360 3851 4425 τῆς

2319 4467 2507 4535 τύχης
2535 4461 2848 4531 τράπεζαν,
2900 4461 2982 4526 τῷ
3019 4459 3088 4513 δὲ
3117 4461 3355 4528 δαίμονι
3382 4458 3651 4526 κέρασμα
3692 4453 3763 4523 τῷ
3805 4452 3852 4502 ὲν

628 4552 686 4607 la
727 4559 959 4608 caeteros
996 4561 1205 4619 autem,
1237 4552 1331 4622 qui
1365 4563 1593 4608 montem
1623 4569 1868 4609 sanctum
1918 4556 2200 4626 derelique-

2318 4556 2486 4626 αὐτῷ,
2533 4553 2902 4624 ὲπαχθήσεται
2930 4550 3212 4622 μάχαιρα.
3247 4551 3363 4605 Κᾶν
3388 4551 3693 4622 ἐρωτήσῃς,
3727 4540 3847 4598 Ἀνθ’

630 4653 774 4708 runt,
811 4660 981 4716 seque
1019 4647 1278 4716 gentibus
1307 4648 1382 4701 ita
1411 4647 1812 4718 adiunxerunt,
1851 4657 1908 4702 ut
1940 4665 2062 4703 mox
2097 4649 2210 4719 for-

630 4747 774 4790 tuna:
834 4737 1124 4791 simulacro
1182 4753 1419 4792 mensam
1471 4747 1744 4806 pararent,
1803 4755 1928 4794 mox
1982 4739 2214 4793 dwmoni

627 4831 911 4903 potionem,
936 4840 985 4886 et
1019 4832 1232 4904 gladius
1282 4835 1448 4889 etiam
1495 4835 1809 4890 inducetur.
1842 4833 1998 4900 Quod
2047 4835 2094 4890 si
2131 4836 2218 4888 in-

629 4931 899 4994 terroges,
932 4937 1033 4977 cur
1067 4938 1098 4976 a
1152 4937 1239 4978 me
1299 4932 1498 4978 caetera
1556 4924 2050 4994 praetermittantur
2083 4937 2098 4987 ;
2131 4936 2220 4976 me

629 5031 733 5071 vos
763 5024 986 5086 propter
1019 5016 1290 5087 meipsum
1319 5033 1533 5072 vocasse
1587 5015 1958 5087 respondebo,
1989 5030 2088 5071 vos
2115 5030 2216 5069 au-

631 5114 738 5162 tem
769 5123 871 5160 non
901 5106 1166 5162 audivisse
1194 5122 1212 5172 ;
1246 5109 1408 5178 quale
1436 5108 1570 5163 illud
1598 5107 1721 5173 iuit,
1754 5107 1901 5177 quod
1933 5115 2220 5171 antea,me

630 5199 851 5254 venisse
883 5201 1247 5270 quidem,sed
1287 5202 1564 5256 hominem
1613 5217 1725 5256 non
1781 5200 1995 5266 fuisse;
2034 5212 2090 5255 et
2123 5214 2219 5254 vo-

632 5309 792 5350 casse
825 5295 1014 5362 etiam,
1055 5295 1150 5352 sed
1193 5296 1404 5351 nullum
1455 5296 1793 5364 obedivisse,
1835 5299 2046 5352 monui.
2090 5293 2210 5350 Non

631 5385 836 5443 desunt
885 5403 1072 5458 porro,
1102 5388 1194 5459 qui
1256 5397 1532 5459 postrema
1565 5390 1696 5454 ista,
1727 5391 1792 5444 ad
1843 5399 2057 5460 gentes,
2087 5403 2210 5458 quae

2315 4650 2438 4703 ὂτου
2503 4646 2672 4700 τᾶλλα
2733 4646 2958 4714 παρεῖς;
3015 4644 3127 4714 ἐρῶ
3177 4645 3260 4698 ὅτι
3290 4643 3358 4697 δι’
3401 4640 3636 4713 ἐμαυτοῦ
3683 4635 3854 4690 καλῶν

2317 4738 2704 4811 παρεγενόμην
2719 4739 2885 4808 ὑμᾶς,
2913 4739 3073 4806 ὑμεῖς
3097 4737 3152 4790 δὲ
3173 4739 3285 4791 οὐκ
3303 4736 3703 4804 ὑπηκούσατε.
3724 4725 3851 4782 Καοὰ

2318 4835 2598 4906 προεῖπεν,
2624 4829 2852 4896 Ἶιλθον,
2885 4833 2980 4884 καὶ
3015 4832 3116 4886 οὐκ
3168 4825 3238 4900 ἦν
3295 4829 3603 4899 ἄνθρωπος’
3632 4820 3848 4876 ἐκάλεσα.

2319 4927 2414 4981 καὶ
2447 4926 2547 4980 οὐκ
2568 4921 2636 4995 ἦν
2656 4926 2684 4977 ὁ
2707 4924 3024 4977 ’ῦπακούων.
3053 4923 3212 4986 Τινὲς
3236 4922 3292 4975 δὲ
3313 4923 3383 4976 τὰ
3412 4920 3687 4974 τελευταῖα
3711 4910 3848 4967 ταῦτα

2323 5018 2459 5088 πρὸς
2478 5018 2604 5075 τοὺς
2623 5016 2684 5080 ἐξ
2700 5016 2868 5069 ὲονῶν
2886 5015 3298 5086 ἀπειθήσαντας
3321 5013 3572 5085 εἰρῆσθαί
3587 5026 3749 5080 φασιν.
3777 5002 3848 5062 Ὧς

2319 5111 2428 5182 γὰρ
2457 5110 2517 5163 οῦ
2553 5109 2778 5178 γέγονεν
2819 5107 3054 5177 ἀζήμιον
3083 5109 3196 5171 τοῖς
3223 5107 3284 5171 ἐξ
3326 5104 3541 5176 Ἰσραὴλ
3574 5103 3630 5155 τὸ
3653 5093 3846 5161 ἀπειθῆ-

2322 5221 2410 5257 σαι
2441 5201 2665 5273 Χριστῷ
2687 5201 2914 5272 (δέδοται
2943 5200 3054 5272 γὰρ
3081 5200 3161 5263 είς
3195 5197 3431 5269 σφαγὴν,
3462 5197 3594 5265 ἐλέῳ
3618 5187 3736 5244 Θεοῦ
3764 5200 3846 5236 σω·

2321 5297 2504 5358 θέντος
2541 5296 2634 5348 τοῦ
2679 5293 3164 5363 καταλείμματος),
3197 5291 3370 5354 οὕτως
3403 5291 3460 5343 ὲν
3490 5291 3554 5359 τῇ
3579 5284 3678 5338 τῶν
3701 5274 3842 5363 ὲθνῷν

2315 5385 2576 5458 κλήσειοὶ
2600 5383 2674 5455 μὴ
2694 5361 3009 5447 πεισθέντες
3031 5361 3499 5453 παραδοθήσονται
3521 5375 3646 5445 πρὸς
3668 5361 3843 5436 σφαγὴν

715 5541 760 5576 ⁸⁵
789 5540 930 5599 Gen.
973 5560 1129 5610 xvut,
1162 5543 1255 5599 52.
1333 5545 1502 5602 u’lsa.
1539 5562 1578 5612 ι,
1609 5545 1664 5604 9.
1747 5547 1976 5604 “Hebr.
2004 5563 2101 5612 xu,
2137 5547 2200 5601 29

2309 5547 2362 5602 5.
2441 5544 2672 5602 "Josue
2711 5541 2921 5612 vn,2li.

822 5639 828 5644 '
1952 5661 2187 5720 mam:
2225 5659 2630 5720 LEtiTlONES.

716 5765 745 5808 ι
768 5774 855 5831 γρ.
884 5758 1101 5831 ποιήσῃ.
1182 5767 1298 5828 τγρ.
1333 5757 1423 5812 τοῦ
1459 5762 1542 5812 τό.
