4046 6386
151 388 288 455 2689

1279 389 1811 451 COMMENTARII
1856 391 1935 453 IN
1966 393 2253 456 ISAIAM.

3269 397 3410 461 2690
3470 418 3473 421 '

152 504 432 568 κατιόντες
479 504 559 568 είς
592 504 744 576 ᾅδου,
776 503 873 557 καὶ
920 502 1018 574 τὴν
1056 502 1145 556 διὰ
1177 502 1350 573 πυρὸς
1374 503 1737 574 ὑπομένοντες

1855 506 1997 561 idem
2052 519 2401 577 respuerant,
2465 507 2657 566 referri
2703 508 2911 565 dicant.
2950 504 3021 564 Ut
3086 509 3233 563 enim
3300 525 3407 563 non

150 596 397 662 κόλασιν,
443 598 535 661 οὒς
592 598 687 650 καὶ
737 597 903 667 τιμᾷν
942 611 1074 667 φησι
1116 594 1215 665 τὴν
1252 596 1477 664 τύχην,
1521 595 1617 649 καὶ
1670 595 1731 648 τὸ

147 691 481 762 δαιμόνιον.

1840 600 2064 668 impune
2094 600 2263 655 cessit
2317 601 2605 667 lsraelitis,
2634 602 2781 671 quod
2814 601 3036 659 Christo
3066 618 3174 656 non
3209 617 3408 671 parue-

1841 698 1973 745 runt
1998 692 2256 761 (servatis
2287 694 2431 747 enim
2454 693 2547 748 Dei
2573 694 2931 749 miseratione
2960 692 3213 763 reliquiis
3237 694 3413 746 inter-

147 788 369 843 necioni
404 787 517 841 dati
538 786 689 857 sunt)
709 808 721 843 :
743 788 823 845 sic
845 794 899 843 et
928 789 981 842 in
1002 788 1119 858 ipsa
1150 788 1393 857 gentium
1425 787 1732 843 vocatione.
1774 787 2040 857 quilidem
2061 801 2167 840 non
2190 787 2607 857 amplectentur,
2633 787 2689 840 in
2718 787 2920 842 caedem
2983 786 3209 843 demissi
3267 790 3413 860 apud

150 883 364 940 inferos
432 884 747 949 tradentur,
805 885 1043 955 igneque
1094 884 1526 942 crut'iabuntur;
1581 899 1722 951 quos
1759 883 1924 937 etiam
1960 882 2227 951 fortunam
2254 881 2646 936 etdwmonium
2668 883 2847 937 colere
2876 883 3171 952 signiticat.

219 985 400 1045 ιγ-κε’.
451 980 553 1032 Διά
596 977 772 1031 τοῦτο
810 976 953 1031 τάδε
986 976 1147 1046 λέγει
1182 976 1396 1043 Κύριος
1421 993 1435 1007 ·
1483 975 1640 1030 Ἰδοὺ
1678 977 1734 1029 οἱ

147 1070 550 1137 δουλεύοντές
580 1088 683 1140 μοι
719 1069 1050 1140 φάγωνται·
1081 1067 1248 1138 ὑμεῖς
1288 1067 1355 1120 δὲ
1394 1068 1730 1121 πεινάσετε.

162 1160 321 1215 Ἰδοὺ
347 1163 401 1213 οἱ
422 1158 823 1225 δουλεύοντές
841 1176 944 1228 μοι
970 1158 1219 1211 πίωνται
1236 1174 1248 1187 ο
1271 1157 1440 1225 ὑμεῖς
1465 1156 1531 1209 δὲ
1554 1157 1733 1226 διψή-

149 1269 311 1305 σετε.
366 1251 513 1305 Ἰδοὺ
547 1254 602 1304 oi
632 1248 1029 1315 δουλεύοντές
1044 1267 1145 1318 μοι
1171 1248 1695 1317 εὐφρανθήσονται
1718 1265 1731 1278 ⁸

149 1344 323 1412 ὑμεῖς
357 1342 427 1395 δὲ
466 1341 982 1411 αἱσχυνθήσεσθε.
1034 1340 1192 1395 Ἰδοὺ
1232 1343 1286 1394 οἱ
1334 1340 1728 1408 δου.1εὐοντές

146 1452 244 1503 μοι
278 1435 756 1502 ἁγαλλιάσονται
782 1434 851 1488 ἐν
879 1435 1255 1503 εὐφροσύνῃ,
1299 1453 1351 1489 κ.
1383 1451 1433 1485 τ.
1467 1434 1515 1486 λ.

224 1526 411 1579 Εἰπὼν
460 1525 521 1578 τὸ
547 1526 671 1580 κατ’
706 1526 935 1596 ἐκλογὴν
968 1526 1190 1597 σπέρμα
1223 1525 1318 1580 τοῦ
1364 1524 1601 1597 Ἰσραὴλ,
1637 1524 1734 1577 καὶ

151 1616 249 1674 τὰς
270 1616 339 1667 δι’
368 1615 548 1667 αὐτῶν
589 1616 864 1678 συστάσας
903 1615 1230 1685 Ἐκκλησίας
1251 1626 1277 1655 α
1296 1630 1310 1645 ·
1346 1617 1458 1678 τοῖς
1487 1614 1542 1665 δὲ
1569 1612 1737 1668 ἀπολ-

153 1707 438 1777 λυμένοις,
487 1707 631 1761 κατά
685 1708 784 1778 μέν
827 1724 981 1770 τινας
1013 1707 1399 1779 Ἰσραηλίταις,
1457 1706 1578 1759 καθ’
1618 1706 1736 1758 ὲτέο

1912 974 2288 1046 Ἰήοο74ι
2361 972 2526 1029 Vens.
2564 974 2760 1030 13οὲ5.
2802 974 3090 1044 Propterea
3131 978 3242 1031 lucc
3280 978 3414 1031 dicit

1838 1064 2137 1121 Dominus:
2170 1066 2302 1120 Ecce
2336 1068 2473 1121 serui
2498 1071 2600 1122 mei
2628 1069 2922 1132 comedent,
2951 1086 3038 1122 vos
3074 1080 3248 1123 autent
3286 1088 3411 1125 esu-

1837 1158 2005 1211 rietis.
2059 1156 2194 1211 Ecce
2241 1158 2378 1214 servi
2424 1159 2524 1212 mei
2573 1158 2777 1223 bibent,
2822 1177 2910 1214 vos
2969 1170 3145 1213 autem
3189 1162 3403 1216 uitiatis.

1840 1250 1974 1304 Ecce
1998 1253 2132 1305 serui
2160 1254 2260 1305 mei
2287 1250 2613 1322 gaudebunt,
2645 1269 2731 1307 vos
2773 1264 2946 1307 autem
2982 1254 3409 1312 confundemini.

1838 1342 1973 1397 Ecce
2009 1345 2144 1398 servi
2177 1346 2277 1398 mei
2314 1345 2656 1400 exsultabant
2686 1347 2738 1399 in
2769 1346 2983 1415 gaudio,
3012 1358 3120 1401 etc.

1910 1523 2073 1595 742
2105 1522 2470 1591 Posteaquam
2503 1521 2724 1578 lsraelis
2758 1539 2941 1578 semen
2977 1526 3205 1580 electum
3227 1536 3279 1581 ct
3308 1526 3410 1581 Ec-

1840 1620 2059 1680 clesias,
2086 1631 2207 1685 qua:
2232 1632 2297 1669 ex
2334 1616 2455 1684 ipso
2485 1614 2732 1669 conﬂatm
2762 1625 2912 1677 sunt,
2973 1618 3150 1671 sancti
3205 1620 3412 1674 montis

1844 1709 2220 1763 hmreditatem
2252 1723 2374 1763 esse
2409 1706 2732 1773 audituras;
2798 1709 3155 1779 pereuntibus
3208 1721 3412 1773 autem,

156 1810 279 1863 ρους
307 1793 363 1845 δὲ
386 1794 639 1859 ἐθνικοῖς,
662 1793 760 1855 τὰς
792 1793 1163 1864 καταλλήλους
1189 1794 1217 1833 ι)
1241 1794 1409 1846 εἰπὼν
1439 1792 1731 1862 τιμωρίαςο

1852 1803 1955 1854 sive
1985 1798 2276 1861 Israelitis,
2328 1799 2445 1854 sive
2479 1799 2759 1868 gentibus,
2808 1808 2866 1852 ut
2912 1800 3036 1855 aliis
3080 1810 3242 1870 atque
3289 1802 3416 1856 aliis

155 1886 295 1956 πρὸς
328 1886 453 1949 τοὺς
479 1886 677 1948 αὐτοὺς
701 1886 850 1953 λέγει
874 1888 967 1939 καὶ
989 1888 1057 1939 τὰ
1087 1885 1445 1956 προκείμενα,
1470 1884 1734 1938 διδάσκων

153 1977 230 2039 ὼς
267 1977 479 2040 δίκαιος
509 1976 585 2029 ὢν
621 1977 649 2029 ὁ
673 1976 829 2041 Θεὸς,
877 1978 1004 2040 τοὺς
1043 1976 1382 2047 πανταχόθεν
1408 1976 1558 2046 αὐτῷ
1595 1975 1737 2030 60v-

156 2071 477 2136 λεύοντιις,
512 2070 626 2122 ἀλλ’
656 2070 715 2122 οὺ
763 2071 981 2131 πάντως
1030 2071 1088 2136 ἐξ
1124 2069 1343 2141 Ἰσραὴλ
1399 2067 1739 2139 ὑποδεξαμέ-

1841 1890 2040 1959 placet,
2076 1904 2270 1959 pinnas
2297 1906 2357 1943 se
2389 1903 2673 1958 congruas
2707 1890 3085 1945 immissurum
3112 1892 3323 1957 docuit,
3355 1892 3409 1946 in

1838 1982 2058 2037 eosdem
2089 1992 2143 2035 et
2174 1996 2296 2050 quae
2343 1982 2436 2036 hic
2484 1982 2777 2047 habentur,
2823 1985 3096 2047 assumit;
3144 1984 3416 2055 docetque

1845 2076 2033 2140 Deum,
2063 2076 2155 2144 qui
2188 2074 2375 2143 justus
2412 2074 2504 2139 sit,
2535 2091 2677 2144 quos
2709 2076 2910 2146 ubique
2933 2093 3107 2130 seruos
3133 2078 3413 2141 habuerit,

158 2180 283 2227 νους
310 2174 331 2201 ε
364 2162 525 2216 δώσει
557 2163 746 2225 αὐτοῖς
786 2164 865 2226 εἰς
902 2162 1109 2235 τροφὴν
1158 2164 1247 2216 τὶν
1282 2164 1529 2228 εἰπόντα,
1600 2161 1741 2228 Ἐγώ

1852 2182 1950 2221 non
1987 2168 2270 2222 lsraelitas
2302 2182 2497 2222 omnes
2557 2182 2686 2222 esse
2730 2168 3132 2238 amplexurum,
3179 2184 3417 2240 eumque

157 2258 277 2325 εἰμι
306 2259 334 2310 ό
360 2256 523 2327 ἄρτος
554 2259 581 2308 ό
615 2257 680 2308 ὲκ
701 2255 794 2308 τοῦ
822 2255 1051 2325 οὐρανοῦ
1078 2254 1344 2317 καταϐὰς,
1372 2247 1542 2323 οὗπερ
1577 2254 1623 2305 οἱ
1666 2252 1740 2322 μὴ

158 2348 563 2414 δουλεύοντες
608 2347 1033 2419 στερηθήσονται
1061 2363 1077 2377 ο
1119 2347 1215 2400 καὶ
1262 2347 1309 2399 οἱ
1358 2345 1455 2416 μὲν
1495 2344 1583 2397 τὸν
1638 2361 1741 2411 μυ-

164 2443 353 2495 στικὸν
383 2443 619 2496 πίονται
653 2438 817 2503 οἶνον,
838 2441 1005 2510 ἠγουν
1032 2439 1092 2491 τὸ
1118 2438 1285 2509 ὕδωρ,
1315 2439 1443 2509 περὶ
1468 2429 1528 2489 οὗ
1554 2454 1739 2507 φησιν·

168 2538 266 2600 Ὃς
302 2535 366 2588 ἂν
400 2533 498 2605 πίῃ
522 2536 585 2587 ἐκ
615 2534 707 2586 τοῦ
739 2532 950 2596 ὓδατος,
986 2526 1047 2585 οὗ
1076 2530 1187 2598 ἐγὼ
1206 2529 1361 2582 δώσω
1395 2527 1565 2599 αὐτῷ,
1600 2548 1615 2579 ι
1649 2530 1745 2581 καὶ

168 2628 239 2678 τὰ
269 2625 421 2694 ἑξῆς,
465 2626 513 2676 σί
552 2622 609 2676 δὲ
641 2622 815 2692 τούτῳ
875 2620 1271 2689 διψήσουσιν.
1321 2619 1430 2671 Καὶ
1466 2618 1746 2686 ἀναλόγως

163 2724 215 2775 oi
265 2722 366 2791 μὲν
414 2718 876 2788 εὐφρανοῦνται.
921 2714 1194 2784 Καθαιρεϊ
1226 2713 1335 2783 γὰρ
1374 2710 1650 2782 ἁμαρτίας
1678 2710 1748 2763 τὰ

170 2814 450 2884 μυστικὰ,
499 2811 595 2866 καὶ⁸
640 2810 729 2864 τὸν
765 2810 856 2863 ἐπὶ
893 2812 1005 2871 τοῖς
1045 2806 1456 2878 ἡμαρτημένοις
1507 2803 1747 2875 ἐξίστησι

168 2907 358 2975 φόϐον,
396 2907 487 2959 καὶ
514 2904 693 2973 ἀγαθά
718 2902 932 2956 δίδωσιν
961 2899 1203 2963 ἐλπίζειν
1247 2899 1315 2952 τὰ
1357 2897 1622 2968 μέλλοντα
1647 2913 1661 2926 ο
1698 2896 1749 2948 oi

168 3001 225 3052 δὲ
251 2997 814 3067 αὶσχυνθήσονται’
863 2993 955 3047 καὶ
993 2991 1043 3045 οἱ
1108 2991 1203 3062 μὲν
1253 2988 1747 3059 ἁγαλλιάσονται,

167 3092 385 3145 τούτων
434 3090 712 3160 τυχόντες,
765 3089 813 3141 οἱ
857 3087 913 3140 δὲ
950 3085 1175 3146 τούτους
1213 3082 1451 3153 ὁρῶντες
1484 3081 1545 3134 οὐ
1594 3080 1752 3151 σῶμα

1844 2262 1897 2314 in
1933 2260 2117 2313 cibutn
2156 2260 2265 2315 illis
2290 2258 2656 2323 traditurum,
2686 2260 2778 2328 qui
2819 2275 2878 2313 se
2908 2274 3101 2328 panem
3146 2260 3289 2315 cmlo
3325 2260 3421 2314 deo

1847 2353 2077 2408 missum
2108 2367 2229 2407 esse
2268 2350 2559 2405 amrmavit
2586 2352 2662 2415 ¹⁸;
2702 2366 2812 2419 quo
2844 2351 2930 2415 iis,
2976 2351 3069 2419 qui
3125 2354 3260 2406 servi
3309 2368 3419 2405 non

1845 2444 2076 2509 fuerint,
2098 2443 2399 2498 carendum
2441 2445 2534 2499 sit.
2566 2443 2633 2496 Et
2672 2444 2726 2496 hi
2760 2444 2980 2512 quidem
3012 2446 3306 2513 mysticum
3338 2445 3421 2498 vi-

1844 2554 1999 2601 num,
2030 2548 2123 2591 aut
2146 2552 2368 2607 aquam,
2400 2538 2614 2592 ὁὶὺὶιωί
2642 2546 2804 2599 sunt;
2840 2552 3004 2607 quam
3040 2546 3098 2592 ut
3129 2538 3418 2603 indicaret,

1848 2630 2015 2684 verba
2040 2631 2182 2685 ista:
2220 2647 2239 2680 ι
2268 2630 2372 2694 Qui
2422 2646 2621 2700 aquam
2670 2631 2893 2695 biberit,
2944 2646 3107 2702 quam
3168 2646 3271 2701 ego
3324 2632 3425 2687 da-

1848 2722 2008 2786 bo",
2054 2739 2073 2772 ι
2125 2730 2177 2773 et
2222 2738 2343 2789 qua!
2386 2722 2669 2791 deinceps,
2723 2726 3051 2791 usurpavit:
3110 2724 3187 2778 illi
3238 2734 3423 2780 autem

1850 2814 2082 2867 istorum
2108 2814 2200 2866 siti
2223 2814 2541 2867 laboraturi.
2582 2815 2710 2869 Pari
2743 2818 2907 2869 modo
2932 2825 3065 2871 sunt
3096 2830 3151 2871 et
3194 2819 3249 2871 hi
3289 2836 3424 2889 gau-

1849 2907 1998 2959 dium
2027 2906 2263 2960 Iiabituri
2298 2923 2316 2961 :
2353 2923 2478 2961 cum
2517 2908 2712 2963 tollant
2748 2916 2968 2977 peccata
2995 2910 3254 2980 mysteria
3284 2910 3425 2979 ipsa,

1853 3007 2113 3067 metuque
2170 2998 2426 3063 libarent,
2482 2998 2577 3067 qui
2631 2998 2717 3055 eis
2768 2999 3055 3062 incutitur,
3107 3015 3319 3071 nosque
3371 3001 3427 3054 in

1858 3091 2167 3145 futurorum
2199 3078 2466 3147 boimrum
2500 3109 2650 3163 spem
2698 3095 2943 3161 erigant;
2976 3094 3052 3147 illi
3081 3102 3263 3149 autem
3304 3111 3430 3148 cono

167 3181 539 3248 πονήσουσι,
571 3179 766 3251 μικρὸν
791 3178 900 3249 γὰρ
928 3176 1107 3240 τοῦτο,
1130 3175 1229 3244 τὴν
1256 3174 1311 3227 δὲ
1334 3173 1586 3243 καρδίαν
1614 3171 1746 3226 ὀδυο

1852 3182 2113 3252 fusionem
2156 3185 2399 3254 passuri.
2434 3185 2574 3240 Suut
2608 3194 2661 3241 et
2690 3186 2745 3241 bi
2783 3194 3045 3255 praeterea
3076 3186 3424 3250 exsultaturi,

161 3272 566 3341 νηθήσονται,
590 3269 685 3323 τοῦ
726 3268 916 3340 κριτοῦ
946 3266 1016 3320 τὰ
1045 3265 1182 3338 πρὸς
1218 3263 1375 3329 ἀξίαν
1405 3264 1587 3327 αὐτοῖς
1618 3263 1752 3316 ἀπο-

163 3365 451 3435 νέμοντος.
492 3362 649 3423 Τινὲς
688 3360 743 3415 δέ
794 3378 982 3430 φασιν,
1036 3358 1111 3421 ὡς
1156 3357 1602 3425 συγκαταϐαίνων
1640 3357 1752 3418 τοῖς

179 3458 501 3521 Ἰουδαίοις,
564 3457 623 3523 ἐξ
656 3450 731 3510 ὧν
770 3455 1034 3522 ὡρίζοντο
1072 3454 1172 3524 τὴν
1215 3451 1615 3523 μακαριότητα,
1659 3449 1755 3502 καὶ

168 3554 277 3624 τὴν
305 3552 463 3623 δίκην
494 3550 755 3621 ὁρίζεται.
791 3549 881 3601 Ἐν
911 3547 1107 3618 γαστρὶ
1139 3546 1247 3617 γὰρ
1276 3546 1336 3598 τὸ
1361 3545 1469 3597 πᾶν
1513 3544 1755 3596 ἐτίθεντο

167 3642 277 3712 τῆς
307 3639 685 3701 ἀπολαύσεως.
733 3637 897 3690 Ὅθεν
926 3636 1254 3708 ἐπιστρέψαι
1283 3634 1627 3705 βουλόμενος,
1656 3634 1755 3704 τὴν

166 3732 387 3787 τούτων
414 3732 672 3802 στέρησιν
703 3729 892 3804 ἐπῄνει
915 3728 966 3795 ἀ,
999 3730 1093 3783 καὶ
1110 3728 1169 3781 τὸ
1194 3729 1328 3799 μηδὲ
1344 3728 1530 3797 ὄνομα
1552 3727 1755 3781 τούτων

170 3825 468 3897 φέρεσθαι,
490 3824 961 3893 ἀντεισαγομένων
984 3824 1061 3885 είς
1082 3822 1171 3875 τὸν
1192 3822 1391 3893 κλῆρον
1418 3820 1618 3886 αὐτῶν,
1645 3820 1754 3872 τῶν

168 3919 425 3983 δικαίων,
455 3916 552 3980 οὓς
578 3916 672 3969 καὶ⁴
715 3915 936 3985 κλῆρος,
968 3914 1068 3968 καί
1092 3914 1279 3983 ὄνομα
1314 3912 1566 3982 πατέρων
1594 3929 1758 3980 περι-

168 4012 544 4083 λελείψεται.
575 4011 648 4065 Τὸ
669 4011 725 4064 δὲ
747 4011 832 4077 εις
861 4008 1256 4078 πλησμονὴν,
1293 4008 1371 4069 είς
1402 4008 1557 4076 μῖσος
1584 4004 1754 4074 δηλοῖ,

170 4109 323 4161 κατά
356 4107 647 4177 συνήθειαν
669 4104 965 4176 γραφικὴν,
998 4103 1073 4165 ὡς
1096 4101 1177 4167 τὸ,
1204 4100 1537 4171 Ἐγενήθητέ
1567 4116 1655 4168 μοι
1678 4098 1759 4161 εἰς

172 4202 523 4273 πλησμονήν.
569 4200 628 4253 '0
667 4199 777 4269 γὰρ
831 4198 987 4268 κόρος
1044 4196 1396 4266 ἀποστροφὴν
1444 4190 1759 4262 ἀπεργάζεο

171 4312 295 4348 ται.
334 4293 621 4362 Βδέλυγμα
659 4291 837 4344 τοίνυν
889 4289 1100 4351 ἔσεσθε,
1142 4289 1298 4357 φησὶ,
1340 4285 1437 4340 καὶ
1477 4284 1759 4353 λεγόμενοι

173 4383 358 4459 [uici],
392 4386 441 4437 οί
468 4383 523 4437 δὲ
548 4383 793 4445 δίκαιοι,9
817 4381 944 4444 λαὸς
979 4383 1154 4448 ᾶγιος,
1178 4380 1329 4441 ἔθνος
1354 4376 1631 4440 ἐκλεκτὸν,
1661 4374 1761 4444 βα-

174 4480 385 4532 σίλειον
436 4477 756 4551 ίερὰτευμα,
818 4472 959 4526 κατά
1015 4471 1115 4541 τὴν
1170 4469 1376 4539 Πέτρου
1407 4466 1614 4536 φωνήν.
1650 4464 1757 4516 Καὶ

174 4570 376 4633 ταῦτα,
407 4571 457 4623 εί
500 4569 638 4639 πρὸς
661 4567 911 4629 ὲθνικοὺς
957 4566 1049 4617 καὶ
1078 4561 1469 4631 είδωλολάτρας
1510 4562 1538 4613 ὀ
1576 4558 1754 4625 λόγος’

172 4666 229 4716 εί
290 4663 352 4715 δὲ
404 4660 544 4731 πρὸς
597 4659 723 4722 τοὺς
773 4657 833 4722 ἐξ
885 4654 1100 4727 Ἰσραὴλ
1146 4651 1573 4721 ἀπειθήσαντας,
1626 4649 1758 4701 ὃτιο

173 4757 324 4827 ὅπερ
355 4750 500 4827 ἦσαν
539 4752 717 4819 αὐτοὶ,
748 4754 934 4815 τέκνα,
968 4750 1062 4802 καὶ
1094 4747 1242 4812 λαὸς,
1268 4746 1363 4798 καὶ
1389 4742 1591 4814 κλῆρος
1624 4740 1760 4794 Θεοῦ

174 4847 638 4921 χρηματίζοντες,
668 4844 817 4898 τοῦτο
839 4842 888 4896 οἱ
918 4841 977 4908 ἐξ
1008 4839 1177 4893 ἐθνῶν
1211 4836 1638 4896 πεπιστευκότες
1667 4850 1762 4903 γε-

174 4944 439 5013 νήσονται
458 4952 473 4967 ’
519 4939 613 4993 καὶ
651 4936 808 4990 τοῦτο
839 4934 901 4987 τὸ
933 4933 1022 4987 διὰ
1052 4931 1236 5002 φωνῆς
1263 4930 1421 5000 Ὢσηέ
1446 4943 1460 4957 ·
1509 4929 1619 4983 Καὶ
1659 4945 1761 4982 κα-

174 5034 327 5087 λέσω
354 5031 447 5087 τδν
472 5030 600 5083 λαόν
623 5046 724 5100 μου
749 5028 810 5082 οὐ
831 5026 958 5079 λαόν
988 5041 1109 5095 μου.

1854 3291 1978 3329 cum
2014 3278 2127 3331 haec
2161 3291 2256 3330 eos
2285 3275 2518 3346 adipisci
2550 3278 2852 3347 contigerit
2888 3296 2901 3331 :
2935 3277 3013 3333 illi
3050 3288 3231 3332 autem
3290 3280 3429 3337 istos

1855 3367 2136 3422 intuentes
2167 3381 2274 3421 non
2310 3382 2546 3434 corpore
2571 3367 2874 3421 laboraturi
2917 3368 3056 3439 (hoc
3105 3370 3252 3423 enim
3303 3385 3432 3439 par-

1855 3475 1981 3513 vtuu
2011 3469 2097 3514 est
2122 3460 2174 3526 :)
2206 3460 2298 3514 sed
2327 3459 2483 3513 corde
2507 3459 2744 3513 dolorem
2774 3460 3084 3527 experturi;
3111 3474 3235 3514 cum
3259 3459 3427 3529 judex

1854 3564 1949 3604 eos
1983 3564 2083 3618 pro
2119 3550 2443 3603 meritorum
2494 3551 2707 3605 ratione
2764 3552 3171 3620 compensabit.
3228 3550 3434 3606 Volunt

1856 3649 2037 3696 tamen
2081 3640 2327 3701 nonnulli
2372 3656 2496 3695 eum
2551 3656 2611 3695 se
2663 3639 2733 3693 ad
2782 3640 3099 3695 Judtcorum
3154 3643 3430 3713 ingenium

1857 3734 2171 3799 demittere;
2207 3744 2261 3788 et
2287 3748 2360 3789 ex
2388 3732 2455 3787 iis
2483 3732 2759 3802 justitiam
2792 3734 3049 3798 delinire,
3080 3734 3286 3804 quibus
3332 3749 3432 3788 eos

1857 3824 2251 3882 beatitudinem
2317 3841 2554 3882 censere
2614 3827 3137 3881 animadvertebat.
3202 3826 3432 3881 Omnem

1858 3920 2003 3972 cnim
2036 3918 2454 3973 delectationem
2524 3927 2715 3973 ventre
2760 3918 3150 3973 metiebantur.
3188 3918 3307 3985 Quo
3356 3920 3432 3974 fa-

1859 4018 2007 4063 ctum
2032 4018 2136 4075 est,
2179 4018 2237 4064 ut
2262 4016 2506 4063 avertere
2529 4016 2798 4073 statuens,
2824 4010 3051 4063 istorum
3076 4010 3435 4080 privationem

1860 4111 2153 4173 proponat,
2197 4116 2431 4156 monens
2460 4116 2529 4155 ne
2560 4118 2747 4155 nomen
2776 4102 2997 4169 quidem
3033 4102 3262 4155 istorum
3308 4104 3439 4157 reti-

1859 4195 2010 4259 neri;
2043 4208 2170 4247 cum
2211 4193 2323 4248 sint
2369 4193 2424 4246 in
2465 4201 2671 4247 sortem
2724 4193 2945 4246 illorum
3001 4192 3135 4260 justi
3183 4193 3433 4254 admissi.

1860 4286 2065 4354 quibus
2103 4292 2157 4339 et
2203 4298 2327 4338 sors
2370 4283 2511 4352 ipsa,
2545 4292 2601 4337 et
2652 4282 2890 4352 patrium
2946 4296 3131 4334 nomen
3180 4282 3439 4350 relinque-

1863 4386 1970 4429 tur.
2003 4375 2160 4442 Quod
2192 4374 2390 4429 deinde
2417 4374 2471 4426 in
2520 4374 2858 4427 saturitatem
2889 4373 3131 4439 addidit;
3161 4373 3213 4425 in
3250 4373 3437 4426 odium

1864 4466 2219 4535 signiﬁcavit,
2256 4464 2417 4537 743
2454 4466 2659 4521 usitato
2696 4463 2998 4534 Scripturis
3045 4464 3300 4534 loquendi
3349 4480 3440 4535 ge-

1866 4573 1997 4611 nere
2026 4574 2040 4611 :
2075 4559 2239 4626 quale
2273 4559 2406 4612 illud
2444 4558 2566 4621 fuit,
2605 4573 2729 4612 cum
2770 4557 2950 4613 factos
2980 4572 3104 4612 esse
3138 4558 3241 4612 sibi
3276 4558 3328 4611 in
3353 4572 3442 4611 sa-

1866 4652 2149 4704 turitatem
2213 4652 2466 4719 praedixit
2516 4650 2583 4705 ⁸⁸.
2651 4650 2796 4705 l‘arit
2848 4650 2997 4705 enim
3048 4649 3325 4704 fastidium
3388 4658 3444 4705 et

1866 4744 2205 4799 aversionem
2240 4745 2491 4799 satietas.
2538 4743 2705 4798 Erilis
2750 4744 2942 4814 igitur,
2992 4744 3192 4815 inquit,
3232 4743 3445 4798 abomi-

1868 4835 2038 4897 natio,
2074 4835 2237 4888 etiam
2276 4834 2371 4888 ﬁlii
2406 4835 2706 4905 nuncupati
2743 4834 2927 4905 :justi
2957 4842 3161 4898 autent,
3209 4834 3446 4905 ponulus

1868 4933 2124 4994 sanctus,
2180 4942 2314 4997 gens
2372 4926 2572 4991 electa,
2616 4927 2799 4995 regale
2846 4926 3244 4993 sacerdotium,
3299 4924 3447 4981 sicut

1872 5019 2011 5088 apud
2045 5017 2268 5073 Petrum
2306 5019 2540 5089 legimus
2572 5020 2637 5075 ²¹.
2675 5021 2852 5089 Atque
2887 5018 3001 5073 htec
3032 5019 3276 5087 quidem,
3306 5018 3351 5073 si
3378 5017 3446 5070 ad

176 5141 399 5201 gentes,
434 5137 489 5181 et
515 5124 832 5180 idololatras
856 5132 1037 5175 sermo
1071 5117 1177 5181 sit;
1222 5114 1307 5170 sin
1338 5120 1521 5168 autem
1555 5111 1622 5165 ad
1651 5125 1770 5175 eos,
1810 5111 1906 5180 qui
1939 5127 2000 5165 ex
2032 5110 2232 5166 lsraele
2287 5126 2397 5166 non
2448 5120 2775 5181 paruerunt;
2848 5110 2995 5178 quod
3041 5112 3119 5165 illi
3208 5111 3446 5173 fuerant,

178 5236 312 5275 cum
346 5218 546 5286 ﬁlii,et
578 5215 836 5287 populus,
865 5220 919 5267 et
959 5225 1083 5266 sors
1114 5208 1208 5264 Dei
1234 5207 1601 5269 vocabantur,
1630 5202 1866 5273 idipsum
1936 5213 2149 5273 gentes,
2204 5207 2297 5275 qui
2347 5204 2703 5261 crediderunt
2727 5207 2795 5270 ¹²,
2842 5205 3011 5260 luturi
3079 5215 3228 5259 sunt.
3293 5204 3448 5270 Quod
3499 5256 3502 5259 Α

178 5317 348 5371 nobis
378 5312 535 5369 Osca:
563 5312 745 5368 verbis
770 5305 1141 5379 significatum
1170 5314 1254 5360 est
1274 5303 1342 5370 ",
1372 5303 1463 5358 ubi
1484 5300 1765 5373 populum,
1802 5300 1898 5371 qui
1934 5317 2070 5356 suus
2102 5317 2210 5355 non
2240 5302 2334 5369 sit,
2370 5318 2529 5357 suum
2558 5318 2617 5358 se
2646 5314 2967 5358 vocaturum
3040 5301 3303 5370 propheta
3363 5299 3438 5354 si-

180 5409 485 5481 gniﬁcavil.

250 5572 297 5607 "
316 5570 483 5629 Joan.
508 5583 586 5633 νι,
616 5565 705 5621 51.
768 5564 811 5596 ’⁸
840 5563 973 5619 ibid.
1005 5578 1080 5628 tv,
1104 5561 1207 5628 l5;
1233 5571 1328 5625 vn,
1358 5555 1447 5612 57.
1524 5553 1570 5585 ’°
1597 5552 1747 5617 lsa.11

1862 5589 1900 5605 ..
1951 5550 2046 5602 “1
2080 5548 2226 5604 Petr.
2261 5565 2321 5615 tt,
2342 5548 2396 5604 9.
2473 5550 2516 5582 ²²
2543 5547 2699 5603 Deut.
2724 5563 2893 5609 xxm,
2921 5546 2974 5600 9.
3053 5546 3097 5575 ¹³
3122 5544 3260 5599 Osee
3282 5544 3424 5605 "ﬂl-

1496 5674 1731 5732 VAIHAS
1764 5670 2180 5727 LECTIONES.

257 5817 280 5840 ⁸
313 5810 372 5863 .1.
404 5807 491 5862 τσ.
523 5803 956 5877 κληρονομήσειν
988 5802 1048 5856 τὸ
1074 5800 1213 5875 ὅρος.
1322 5799 1352 5839 ι’
1378 5814 1470 5869 γρ.
1500 5794 1711 5850 δώσειν.
1813 5801 1835 5831 ε
1865 5809 1954 5861 γρ.
1989 5788 2197 5855 πάντας
2243 5792 2367 5857 τοὺς
2424 5790 2484 5855 ἐξ
2511 5790 2729 5862 Ἰσραὴλ
2782 5785 3199 5853 ὑποδεξάμενος.
3302 5784 3325 5821 ¹¹
3362 5802 3445 5853 η).

186 5880 407 5945 ἐπάγει,
490 5887 515 5917 ο
540 5875 643 5947 ἀφ.
672 5875 777 5931 ὅτι.
