4046 6386
639 333 779 410 2691

1933 315 2290 404 PROCOPH
2341 318 2587 399 oazat

3773 323 3892 390 2692

709 463 807 518 Est
837 476 965 518 vero
1005 460 1302 516 nOtandum
1325 475 1434 530 quo
1453 460 1574 516 loco
1597 461 1652 514 in
1681 459 2022 515 saturitatem
2052 458 2223 514 habe-

2366 453 2472 509 νΤὸ
2492 453 2572 520 δὲ,
2604 455 2694 518 είς
2744 448 3137 520 πλησμονὴν,
3191 450 3280 514 εις
3321 445 3510 516 ὅρκον
3559 443 3820 512 ἐξέδωκαν
3850 453 3892 504 οἱ

636 571 784 623 mus,
828 557 882 608 in
902 554 1269 623 juramentum
1293 561 1517 608 caeteros
1542 552 1930 618 transtulisse;
1964 561 2223 620 tanquam

636 649 922 719 deprecari
975 646 1294 716 iuramento
1341 647 1641 710 soleamus,
1701 663 1770 700 ne
1824 661 1886 701 ea
1929 644 2222 715 patiamur,

637 753 762 807 quae
825 735 1139 790 immaniter
1179 733 1317 789 alios
1367 748 1627 788 exercere
1677 731 1948 795 videmus,
1989 745 2224 801 quorum

640 831 843 901 aliquis
881 831 1046 884 etiam
1081 845 1270 882 nomen
1305 829 1398 898 qui
1447 827 1672 892 dicitur,
1713 837 2018 881 aversatur.
2067 825 2226 892 Quod

641 933 823 978 autem
853 937 948 978 eos
980 938 1091 976 esse
1121 921 1530 988 interfecturum
1561 921 1847 974 Dominum
1871 920 2084 990 adjicit,
2108 932 2229 972 tan-

639 1031 805 1086 quam
847 1015 916 1070 de
974 1025 1221 1069 extremo
1267 1014 1533 1068 malorum
1598 1018 1844 1067 omnium
1903 1013 2226 1082 usurpavit;

642 1120 744 1160 nec
803 1115 914 1157 tam
956 1107 1152 1158 animae
1196 1105 1598 1172 separatione-ni
1649 1119 1676 1156 a
1742 1118 1997 1173 corpore,
2060 1117 2226 1172 quam

641 1192 761 1258 Dei,
793 1194 1029 1262 vitatque
1064 1193 1396 1246 immortalis
1451 1192 1815 1261 privationem
1877 1191 2226 1261 significavit.

642 1289 822 1357 Atque
864 1287 979 1340 haec
1009 1285 1231 1355 quidem
1280 1285 1458 1344 vobis,
1513 1285 1713 1353 inquit,
1772 1293 2034 1337 eventura
2064 1291 2226 1348 sunt;

645 1379 860 1435 caeteris
900 1389 1079 1432 autem
1117 1396 1130 1432 :
1171 1377 1275 1444 Qui
1311 1377 1444 1431 iui/ti
1467 1378 1721 1437 serviunt.
1746 1376 1986 1444 qualibet
2012 1391 2041 1429 e
2072 1385 2231 1444 gente

646 1475 779 1536 sint,
803 1487 867 1526 ea
895 1488 1018 1542 qua!
1051 1473 1318 1542 promissa
1351 1479 1500 1526 suiit.
1532 1471 1686 1536 Quod
1728 1470 1773 1525 si
1808 1470 1972 1524 etiam
2003 1470 2231 1539 quinam

646 1566 686 1620 ii
726 1566 858 1627 sint,
895 1565 1039 1619 scire
1075 1564 1283 1630 vultis;
1321 1580 1506 1618 nomen
1543 1563 1764 1632 quidem
1807 1562 1981 1630 ipsum
2012 1577 2119 1615 non
2150 1569 2234 1616 est

645 1657 791 1728 quod
834 1657 1011 1712 adhuc
1056 1657 1293 1710 nuntiari
1317 1657 1472 1711 vobis
1502 1655 1879 1725 exspecnetis:
1928 1654 2023 1708 sed
2069 1669 2234 1710 nosse

648 1749 784 1804 satis
815 1746 997 1811 luerit,
1055 1746 1171 1799 fore
1229 1761 1425 1799 nomen
1459 1759 1671 1806 novum,
1709 1757 1810 1796 nec
1839 1741 1933 1794 ulli
1992 1756 2232 1810 unquam

2325 546 2529 610 λοιποὶ,
2561 544 2834 601 εἰωθότων
2875 543 3036 614 ἡμῶν
3067 542 3230 613 ὅρκον
3266 539 3569 603 ποιεῖσθαι,
3602 538 3666 593 τὸ
3699 540 3770 612 μὴ
3804 559 3896 595 πα-

2328 638 2461 704 θεῖν,
2493 639 2640 709 ἅπερ
2666 639 2716 691 οἱ
2762 637 3039 708 ἀνήκεστα
3066 635 3390 706 πάσχοντες,
3418 628 3497 688 ὧν
3533 649 3621 696 τις
3658 634 3749 686 καὶ
3782 638 3895 690 τοῦ.

2326 749 2482 801 νομα
2534 721 2831 802 λεγόμενον
2899 728 3299 799 ἀποτρέπεται.
3364 725 3547 798 Ύμᾶς
3596 727 3654 780 δὲ
3719 729 3901 782 ἀνελεῖ

2328 826 2547 892 Κύριος
2570 839 2583 852 ·
2621 824 2649 877 ὂ
2679 823 2742 895 δὴ
2777 822 2886 875 τῶν
2918 821 3104 875 κακῶν
3151 821 3400 890 ἔσχατον,
3436 819 3502 872 ού
3539 818 3792 874 τοσοῦτον
3815 839 3896 894 ση-

2333 919 2523 988 μαῖνον
2554 917 2738 987 ψυχῆς
2764 914 2872 968 ἀπὸ
2894 913 3150 985 σώματος
3172 912 3474 984 χωρισμὸν,
3513 913 3643 966 ὅσον
3671 914 3897 984 στέρησιν

2329 1008 2491 1073 Θεοῦ,
2523 1010 2617 1063 καὶ
2647 1008 2743 1079 τῆς
2771 1007 3045 1061 ἀθανάτου
3081 1006 3249 1077 ζωῆς.
3283 1005 3472 1060 Ταῦτα.
3509 1005 3614 1076 μὲν
3644 1000 3738 1059 οὖν
3770 1007 3897 1078 ύμῖν,

2330 1104 2442 1166 τοῖς
2487 1101 2531 1154 δ’
2577 1101 2706 1170 ἐμοὶ
2743 1099 3172 1165 δουλεύουσιν,
3207 1097 3267 1164 ἐξ
3298 1099 3409 1152 οἴου
3442 1099 3692 1171 τύχωσιν
3720 1083 3898 1165 ἔθνους,

2330 1191 2400 1244 τὰ
2445 1189 2857 1260 ἐπηγγελμένα.
2895 1181 3015 1243 Κάν
3074 1189 3265 1258 μαθεῖν
3309 1187 3456 1252 τίνες
3517 1181 3634 1240 εἶεν
3692 1188 3895 1256 ἐθέλετε,

2333 1284 2596 1352 τοῦνομα
2626 1283 2722 1354 μὲν
2747 1275 2900 1336 οΰπω
2935 1267 3234 1347 λελέξεται,
3285 1283 3445 1353 ἀρκεῖ
3485 1267 3547 1333 δὲ
3598 1280 3796 1348 γνῶναι
3821 1284 3900 1350 μόο

2336 1394 2446 1439 νον,
2475 1375 2555 1428 ὅτι
2591 1375 2745 1428 ἔσται
2792 1376 3027 1440 καινὸν,
3059 1369 3249 1445 μηδενί
3291 1370 3378 1426 πω
3417 1371 3581 1426 τεθέν
3607 1386 3620 1399 ·
3671 1372 3701 1425 ὃ
3751 1371 3899 1427 εὐλο-

2333 1467 2670 1539 γηθήσεται
2748 1467 3116 1537 αὐξανόμενον
3173 1466 3268 1520 καὶ
3318 1451 3733 1536 πληθυνόμενον
3781 1466 3900 1537 ὑπὲρ

2335 1563 2518 1616 πᾶσαν
2573 1561 2898 1632 σωματικὴν
2939 1560 3215 1628 εὐλογίαν.
3267 1557 3816 1627 Ἀντευλογήσουσι
3857 1561 3902 1613 δὲ

2336 1655 2432 1709 καί
2470 1654 2622 1708 αὐτοὶ
2651 1654 2744 1708 τὸν
2767 1654 2967 1717 αὐτοὺς
3013 1653 3164 1708 Θεὸν
3194 1651 3649 1721 εὐλογήσαγτα,
3677 1652 3734 1702 ἐν
3757 1643 3797 1718 ᾧ
3822 1653 3899 1719 γέσ

2339 1766 2465 1816 γονε
2499 1747 2677 1802 πάντα
2704 1750 2904 1830 καινὰ,
2931 1746 3177 1818 λατρεία,
3219 1747 3314 1799 καὶ
3345 1744 3482 1814 ζωὴ,
3513 1744 3615 1797 καὶ
3645 1743 3898 1812 ὀνομασία.

648 1841 910 1903 inditum,
941 1841 1028 1892 cui
1056 1847 1219 1892 aucto
1241 1848 1293 1890 et
1326 1835 1690 1906 multiplicato
1711 1832 2045 1888 benedicatur
2064 1808 2232 1902 supra

2343 1808 2620 1910 'i‘eloﬁpsv
2649 1840 2759 1910 γὰρ
2791 1808 2942 1910 αύτῷ
3098 1808 3555 1908 ὲνγπνεύματῖ-τε
3587 1835 3682 1889 καὶ
3702 1808 3900 1907 ἀληθείᾳ

649 1931 953 2002 quamlibet
1013 1927 1451 1984 benedictionem
1534 1939 1880 1996 corpoream.
1949 1923 2234 1993 Reponeut

650 2039 782 2079 vero
807 2033 862 2078 et
896 2023 1001 2093 ipsi
1046 2022 1152 2075 Deo
1201 2020 1633 2082 benedictionem,
1668 2033 1698 2072 a
1757 2034 1866 2087 quo
1917 2018 2019 2072 sibi
2069 2016 2235 2071 fuerit

651 2119 1001 2173 benedictum
1035 2133 1050 2183 ;
1079 2117 1133 2170 in
1165 2131 1276 2184 quo
1314 2114 1455 2167 laeta
1486 2120 1614 2167 sunt
1645 2128 1778 2166 nova
1802 2113 2229 2174 omnia,cultus,

653 2210 782 2274 vita,
813 2217 866 2263 et
928 2224 1148 2262 nomen.
1182 2207 1317 2260 Eum
1374 2220 1611 2274 namque
1665 2205 1863 2274 spiritu
1913 2213 1966 2258 et
2011 2204 2235 2258 veritate

652 2306 969 2368 adoramus,
1001 2310 1054 2355 et
1085 2301 1359 2363 colimus;
1407 2298 1463 2352 in
1495 2299 1615 2351 vitae
1668 2313 1862 2351 rursus
1910 2295 2238 2364 evangelicae

652 2396 904 2458 novitate,
945 2395 1012 2446 ad
1053 2391 1331 2446 Christum
1368 2389 1706 2452 accedimus,
1761 2395 1816 2440 et
1855 2387 1922 2439 ab
1951 2401 2016 2440 eo
2048 2384 2237 2440 Chris-

653 2493 788 2546 tianl
821 2489 1064 2544 nominis
1099 2485 1486 2556 appellatione,
1545 2480 1713 2535 veluti
1777 2495 1981 2534 corona
2016 2477 2239 2533 redimi-

653 2599 810 2648 mur;
852 2582 906 2636 iu
931 2595 1168 2651 quorum
1209 2578 1378 2632 vicem
1423 2575 1663 2628 fructum
1689 2574 1765 2627 illi
1798 2573 2091 2635 labiorum,
2129 2571 2236 2624 lin-

652 2693 881 2749 guaeque
937 2675 1324 2730 benedictiones
1379 2671 1723 2742 reponimus.
1780 2667 1895 2722 lino
1957 2667 2022 2722 ad
2075 2662 2234 2722 ﬁdem

653 2767 843 2830 etiam,
877 2781 1000 2836 quae
1023 2765 1335 2834 juramento
1367 2761 1621 2824 edicitur,
1671 2759 1716 2814 si
1764 2755 2007 2828 postulat
2044 2771 2239 2810 neces-

654 2859 814 2921 sitas,
843 2857 1097 2913 eumdem
1136 2856 1461 2910 adhibemus
1491 2869 1506 2919 ;
1545 2852 1703 2922 juxta
1737 2853 1908 2921 quod,
1946 2849 2237 2903 Dominum

656 2949 825 3007 Deum
850 2960 1098 3005 nostrum
1124 2948 1380 3009 adorare,
1427 2961 1666 3014 eumque
1725 2959 1897 2998 unum
1931 2944 2131 3005 colere,
2180 2951 2235 2997 et

2341 1932 2737 2004 προσκύνησιν,
2774 1932 2871 1986 καὶ
2891 1932 3169 2004 λατρείαν,
3211 1929 3306 1984 κει
3346 1933 3405 1984 ὲν
3435 1930 3745 1996 καινότητι
3782 1929 3900 1997 ζωῆς

2340 2023 2704 2095 εύαγγελικῆς
2736 2027 3007 2096 πρόσιμεν
3038 2025 3114 2095 τῷ
3140 2023 3383 2096 Χριστῷ,
3413 2023 3515 2076 καὶ
3558 2021 3659 2093 τὴν
3701 2021 3788 2076 ἀπ’
3819 2023 3898 2075 αύ-

2338 2117 2433 2170 tof-
2464 2115 2680 2187 κλῆσιν,
2708 2115 2898 2188 ὥσπερ
2929 2116 3053 2170 τινὰ
3083 2116 3345 2188 στέφανον
3370 2112 3754 2182 ἀναδούμενοι,
3786 2113 3898 2182 Χρι-

2343 2209 2551 2263 στιανοὶ
2602 2198 3039 2281 χρηματίξομεν.
3103 2203 3245 2262 ’Ᾱνθ’
3299 2200 3373 2260 ὧν
3435 2206 3658 2280 καρπὸν
3706 2204 3895 2276 χειλέων

2338 2299 2434 2351 καὶ
2461 2297 2708 2368 γλώττης
2733 2285 2887 2367 αύτῷ
2925 2295 3371 2368 προσκομίζομεν
3394 2297 3503 2362 τὰς
3532 2295 3860 2364 δοξολογίας
3882 2311 3894 2325 ’

2340 2390 2446 2444 κᾶν
2473 2393 2521 2444 εί
2551 2392 2760 2460 γένοιτό
2813 2409 2930 2454 πως
2965 2393 3200 2462 ἀνάγκη.
3227 2390 3327 2460 τῆς
3367 2390 3437 2442 δι’
3465 2389 3667 2458 ὅρκων
3697 2389 3894 2450 πίστεως

2340 2485 2503 2539 αὐτὸν
2532 2483 2950 2557 προϐαλλόμεθα
2989 2485 3129 2537 κατὰ
3171 2484 3249 2547 τὸ,
3284 2483 3493 2555 Κύριον
3533 2483 3627 2534 τὸν
3665 2481 3788 2535 Θεόν
3821 2500 3896 2535 σου

2343 2577 2767 2648 προσκυνήσεις,
2819 2579 2915 2631 καὶ
2960 2576 3111 2646 αύτῷ
3166 2574 3314 2647 μόνῳ
3343 2575 3687 2646 λατρεύσεις,
3727 2575 3895 2645 καὶτῷ

2342 2667 2568 2740 ὀνόματι
2597 2670 2762 2723 αὑτοῦ
2795 2659 2927 2740 ὁμῇ.
2971 2670 3128 2734 Τινὲς
3165 2670 3220 2722 δέ
3253 2687 3419 2738 φασιν
3463 2671 3553 2722 ὅτι
3584 2669 3765 2738 ὄνομα
3799 2686 3897 2721 και-

2345 2763 2479 2828 νὸν,
2515 2763 2589 2826 ὡς
2618 2765 2728 2825 τοῖς
2757 2762 3128 2834 πατριάρχαις
3173 2763 3358 2825 αὐτοῖς
3395 2759 3812 2829 ἐπαγγέλλεται,
3838 2758 3897 2829 μὴ

2349 2857 2686 2910 πεισθέντων
2727 2846 2806 2918 δὲ,
2851 2859 2968 2920 τοῖς
3013 2856 3190 2910 ἔθνεσι
3225 2857 3290 2910 τὸ
3331 2855 3552 2910 καινὸν
3595 2852 3897 2926 Χριστιανῶν

2356 2949 2641 3002 ἀπέδωκεν
2672 2948 2881 3019 ὄνομα.

655 3043 714 3098 in
746 3043 966 3098 nomine
995 3041 1173 3111 ipsius
1196 3041 1407 3110 jnrare,
1454 3037 1703 3109 praecipit
1735 3035 1801 3089 “.
1839 3034 2039 3090 Putant
2084 3023 2247 3109 744
2287 3039 2530 3094 nonnulli
2559 3039 2785 3095 nominis
2819 3040 3126 3104 novitatem,
3161 3055 3269 3108 qua
3329 3035 3549 3092 ratione
3610 3034 3896 3106 patriarchis

656 3138 794 3210 ipsis
828 3139 1101 3208 promissa
1138 3143 1243 3199 est,
1292 3137 1399 3190 hoc
1437 3134 1560 3188 loco
1610 3129 1979 3203 signiﬁcari’:
2021 3131 2116 3186 sed
2161 3134 2288 3202 quia
2363 3150 2471 3190 non
2543 3136 2918 3205 crediderunt,
2985 3136 3178 3190 recenti
3229 3121 3678 3190 Christianorum
3726 3133 3898 3186 nomine

657 3241 848 3306 gentes
880 3244 1003 3284 esse
1035 3228 1357 3298 appellatas.

726 3322 957 3378 Notabis
993 3295 1158 3390 porro
1213 3321 1391 3373 locum
1422 3318 1587 3374 istum
1616 3330 1794 3388 usque
1832 3317 1922 3385 ad,
1951 3317 2055 3373 Deo
2088 3326 2232 3384 vero,

2409 3306 2482 3371 τὸ
2521 3317 2576 3370 δὲ
2612 3312 2795 3388 ῥητὸν,
2826 3316 3009 3400 μέχρι⁹
3038 3296 3134 3370 τού
3163 3331 3178 3348 ⁶
3213 3315 3366 3370 Θεὸν
3410 3298 3528 3371 τόν
3554 3295 3897 3385 adnarrant

662 3415 735 3469 ita
760 3413 1014 3485 Aquilam
1049 3412 1438 3482 interpretari:
1470 3410 1538 3464 Et
1567 3423 1744 3466 servos
1795 3414 2001 3466 vocabit
2033 3414 2243 3467 nomine

661 3508 792 3571 alio,
824 3523 925 3574 quo
954 3506 1043 3575 qui
1076 3515 1152 3559 est
1179 3505 1479 3558 benedictus
1502 3509 1554 3558 in
1582 3515 1745 3572 terra,
1767 3505 2098 3560 benedicatur
2118 3523 2245 3559 con-

661 3599 932 3666 firmatus.
995 3595 1383 3665 Symmachum
1423 3607 1604 3648 autem
1661 3600 1742 3650 sic
1781 3613 1794 3649 :
1829 3595 2016 3651 Servos
2064 3607 2245 3651 autem

661 3704 786 3741 suos
811 3687 1094 3756 appellabit
1124 3688 1333 3740 nomine
1357 3687 1486 3751 alio,
1512 3690 1566 3741 in
1595 3705 1696 3757 quo
1718 3690 1806 3758 qui
1840 3690 2139 3744 benedictus
2169 3697 2246 3744 εει

663 3779 719 3831 in
753 3787 916 3840 terra,
945 3777 1277 3831 benedicetur
1310 3781 1363 3830 in
1407 3778 1534 3832 Deo.
1568 3781 1753 3833 Amen.
1805 3781 1940 3834 Cum
1986 3781 2020 3834 ii
2062 3781 2246 3851 igitur,

663 3870 755 3937 qui
799 3869 937 3923 falso
965 3870 1040 3922 dii
1090 3881 1505 3939 tntncupantur,
1539 3871 1755 3926 liberati
1823 3873 2046 3937 fuerint,
2082 3874 2248 3927 Deum

666 3976 843 4014 rerum
872 3962 957 4012 sui
980 3958 1287 4013 Salvator-is
1333 3975 1498 4028 opera
1537 3961 1770 4028 agnituri
1803 3972 1954 4027 sunt,
1995 3972 2048 4018 et
2083 3967 2244 4033 quem

665 4051 815 4104 misit
851 4050 1140 4104 Dominum
1164 4049 1353 4104 Jesum
1380 4049 1682 4106 Christum:
1715 4051 1868 4117 Quod
1896 4054 1986 4108 ubi
2009 4063 2252 4124 contigea

663 4143 756 4205 rit,
802 4143 1178 4197 obliviscentur
1211 4144 1594 4211 tribulationis,
1661 4161 1825 4215 quam
1884 4147 2248 4214 patiebantur,

662 4251 789 4290 cum
828 4236 1110 4288 daemonas
1131 4237 1304 4290 malos
1333 4236 1842 4307 colerent;quibus
1880 4248 2075 4308 praeter
2113 4241 2252 4294 alias

665 4327 894 4390 hostias,
935 4343 1068 4382 suos
1096 4328 1260 4382 etiam
1289 4328 1492 4384 liberos
1538 4341 1778 4385 mactare
1819 4330 2246 4400 jubebantur".

662 4415 974 4472 Accedebat
1034 4431 1199 4485 porro
1230 4427 1283 4471 et
1335 4417 1490 4483 illud,
1548 4419 1717 4487 quod,
1761 4429 1820 4473 ut
1877 4423 2247 4490 neglectorum

661 4509 904 4562 vitarent
962 4509 1219 4572 insidias,
1283 4511 1486 4578 quibus
1551 4511 1642 4565 Dei
1701 4511 1908 4565 auxilio
1956 4514 2249 4568 destitutos

663 4601 1028 4662 exercebant,
1076 4601 1384 4673 innumeris
1437 4602 1815 4658 iunnolabant.
1879 4604 1997 4660 Non
2054 4607 2251 4662 desunt

2351 3411 2450 3481 μὲν
2503 3405 2735 3472 ’Ᾱκύλας
2777 3395 2949 3472 οὕτως
2989 3395 3328 3479 έρμήνευσε’
3367 3412 3474 3464 Καὶ
3522 3409 3645 3476 τοῖς
3690 3409 3896 3476 δούλοις

2348 3502 2595 3557 καλέσει
2639 3493 2827 3571 ὄνομα
2874 3501 3100 3570 ἕτερον,
3202 3503 3619 3572 εὐλογημένος
3658 3503 3723 3557 ὲν
3747 3502 3810 3571 τῇ
3836 3503 3893 3572 γῇ

2347 3596 2826 3666 εὑλογηθήσεται
2885 3592 3358 3664 πεεὲιστωμένος.
3401 3595 3461 3648 ὐ
3513 3596 3570 3649 δέ
3609 3595 3891 3665 Σύμμαχος·

2354 3689 2485 3764 Τοῖς
2517 3689 2573 3741 δὲ
2610 3687 2857 3752 δούλοις
2887 3687 3078 3742 αὑτοῦ
3118 3687 3363 3740 κιιλέσει
3397 3687 3592 3758 ὄνομα
3618 3687 3822 3755 ἕτερον,
3842 3686 3896 3739 ἐν

2348 3765 2396 3850 ᾧ
2425 3784 2456 3835 ὀ
2485 3780 2900 3849 εὐλογημένος
2925 3779 3024 3832 ἐπὶ
3074 3779 3181 3847 τῆς
3222 3779 3334 3850 γῆς
3358 3779 3818 3851 εὐλογηθήσεται
3839 3778 3893 3830 ἐν·

2350 3873 2429 3939 τῷ
2467 3871 2609 3938 Θεῷ.
2665 3872 2865 3941 Ἀμήν.
2912 3871 3346 3942 ’Λπαλλαγέντες
3383 3869 3475 3928 οὖν
3524 3875 3632 3927 τῶν
3662 3871 3893 3943 ψευδωνύ-

2355 3983 2469 4036 μων
2505 3964 2665 4028 θεῶν,
2701 3964 3008 4033 γνώσονται
3037 3967 3188 4037 παρά
3214 3965 3306 4019 τοῦ
3334 3966 3592 4037 Σωτῆρος
3612 3964 3773 4019 αύτῶν
3806 3964 3888 4016 τὸν

2350 4057 2645 4124 ἀληθινὸν
2677 4056 2850 4121 Θεὸν,
2894 4059 2988 4109 καὶ
3027 4055 3085 4109 ὃν
3121 4057 3440 4111 ἀπέστειλεν
3475 4057 3678 4128 Κύριον
3719 4054 3888 4124 Ἰησοῦν

2352 4148 2609 4219 Χριστόν.
2667 4143 2852 4220 Οὗπερ
2882 4148 3209 4217 γεγονότος,
3275 4148 3739 4217 ὲπιληθήσοντιιι
3797 4144 3887 4210 τὴν·

2353 4241 2584 4307 θλίψιν,
2611 4240 2676 4310 ἣν
2712 4241 2983 4310 ὑπέμενον
3007 4243 3119 4305 τοῖς
3154 4244 3412 4310 πονηροῖς
3441 4239 3782 4313 λατρεύοντες
3802 4236 3890 4288 δαί-

2356 4349 2534 4402 μοσιν,
2572 4331 2719 4384 θύειν
2755 4333 2850 4384 καὶ
2871 4331 2940 4384 τὰ
2965 4333 3132 4386 τέκνα
3175 4333 3310 4403 πρὸς
3336 4337 3454 4398 ταῖς
3493 4335 3677 4394 ἄλλαις
3715 4331 3887 4391 θυσίαις

2354 4426 2792 4496 ἐπιταττόμενοι,
2821 4427 3037 4496 Προσῆν
3060 4415 3116 4481 δὲ
3145 4429 3318 4481 καὶτὸ
3341 4429 3724 4499 ἀναριθμήτοις
3748 4423 3884 4484 θύειν.

2352 4519 2440 4573 διὰ
2474 4521 2572 4588 τὴν
2613 4523 2676 4572 ὲκ
2723 4520 2834 4572 τῶν
2865 4521 3228 4591 ἠμελημένων
3265 4522 3558 4592 ἐπιϐουλὴν
3606 4514 3884 4590 ἐνεργοῦσαν

2356 4611 2494 4663 κατὰ
2521 4611 2628 4662 τῶν
2661 4611 2868 4683 σκέπην
2895 4611 2994 4664 οὐκ
3028 4612 3263 4681 ἐχόντων
3294 4613 3390 4682 τὴν
3419 4613 3482 4665 ὲκ
3516 4610 3665 4665 Θεοῦ.
3694 4602 3883 4667 Τινὲςδὲ

664 4702 869 4753 tamen,
899 4692 991 4761 qui
1019 4690 1297 4747 lsraelitas
1326 4710 1431 4748 non
1458 4710 1520 4748 ea
1547 4711 1807 4765 passuros
1832 4714 1955 4753 esse
1987 4700 2238 4768 amplius,

2353 4704 2465 4764 τοῖς
2491 4701 2551 4766 ἐξ
2585 4703 2802 4774 Ἰσραὴλ
2831 4703 3085 4774 εἰρῆσθαί
3127 4722 3263 4772 φασι
3293 4705 3354 4757 τὸ
3385 4705 3584 4775 μηκέτι
3622 4696 3878 4758 πείσεσθαι,

664 4796 785 4850 quae
821 4797 943 4835 cum
989 4783 1322 4851 impietatem
1355 4785 1621 4852 colerent,
1664 4789 1962 4858 significari
2017 4799 2242 4862 putent:

665 4875 759 4928 sed
797 4888 1049 4944 magnam
1081 4874 1216 4929 adeo
1243 4875 1358 4930 fore
1383 4876 1438 4930 in
1471 4879 1667 4935 melius
1695 4882 2134 4947 conversionem,
2185 4893 2245 4938 ιιι

663 4965 933 5018 elementa
973 4963 1138 5017 etiam
1195 4967 1396 5018 mutari
1454 4968 1762 5024 videantur.
1791 4973 2069 5042 Apparent
2098 4975 2244 5027 enim

666 5055 805 5110 laetis
841 5056 1160 5125 pulchriora
1207 5065 1262 5110 et
1298 5057 1560 5113 lucidiora
1606 5064 1812 5129 omnia,
1861 5065 1982 5118 aliis
2026 5066 2080 5118 in
2123 5067 2246 5121 caeli

663 5149 788 5204 luce
819 5150 984 5204 etiam
1023 5149 1326 5205 meridiana
1382 5154 1816 5212 caacutientibus.
1867 5157 1964 5214 Vel
2019 5160 2070 5214 id
2128 5161 2248 5215 ideo

662 5245 820 5310 dicit,
844 5243 989 5313 quod
1019 5259 1145 5299 cum
1176 5244 1312 5298 alias
1338 5255 1522 5310 antea,
1550 5247 1739 5301 emtum
1793 5250 1991 5320 ipsum,
2025 5260 2248 5304 terram-

661 5352 760 5406 que
793 5337 1162 5402 intuerentur,
1210 5346 1521 5392 creaturam
1557 5341 1742 5408 potius
1802 5357 1965 5411 quam
2017 5341 2248 5397 Creato-

662 5443 778 5483 rem
808 5429 1064 5485 colebant
1088 5429 1134 5462 ³⁸
1169 5447 1184 5486 :
1214 5445 1337 5501 quae
1376 5428 1493 5500 jatn
1548 5448 1682 5488 nova
1703 5434 2066 5505 conspicient,
2119 5451 2248 5490 cum

732 5585 782 5618 “
810 5584 969 5643 Deut.
993 5603 1067 5651 νι,
1104 5587 1210 5656 15;
1258 5588 1451 5647 Matth.
1483 5607 1556 5660 tv,
1599 5591 1684 5646 l0.
1763 5593 1807 5624 ⁸⁸
1862 5590 2006 5646 Psal.
2048 5605 2135 5656 cv,
2173 5591 2259 5644 57.

2355 4796 2499 4865 ἆπέρ
2551 4796 2877 4860 ἀσεϐοῦντες
2921 4797 3210 4868 ὑπέμενον.
3247 4797 3492 4868 Τοσαύτη
3538 4797 3591 4850 δὲ
3634 4791 3809 4865 ἡπρὸς
3835 4786 3881 4839 τδ

2357 4889 2600 4957 κρεῖττον
2627 4888 2782 4941 ἔσται
2831 4890 3126 4960 μεταϐολὴ,
3157 4876 3235 4952 ὡς
3265 4891 3358 4943 καὶ
3397 4891 3466 4944 τὰ
3499 4888 3720 4958 στοιχεῖα
3749 4895 3882 4952 μετα-

2356 4980 2650 5050 ϐεϐλῆσθαι
2680 4981 2879 5036 δοκεῖν.
2909 4983 3033 5045 Τοῖς
3075 4983 3184 5054 γὰρ
3215 4983 3464 5053 χαίρουσι
3513 4982 3677 5034 πάντα
3705 4969 3879 5045 φαιδρό·

2354 5085 2490 5138 τερα
2538 5072 2806 5140 φαίνεται,
2833 5077 2941 5126 τῶν
2971 5077 3028 5127 ἐν
3065 5092 3126 5128 συ
3162 5073 3179 5112 ί
3212 5076 3306 5129 καὶ
3348 5075 3406 5126 ἐν
3454 5071 3676 5142 σταθερᾷ
3704 5080 3877 5136 μεσημ-

2357 5161 2486 5234 ϐρίᾳ
2511 5165 2988 5222 σκοτοδινιῶντων.
3021 5168 3091 5218 *ιι
3109 5167 3188 5219 ὅτι
3215 5165 3388 5230 ἄλλως
3421 5168 3670 5238 πρότερον
3687 5157 3875 5230 ὁρῶντες

2357 5253 2467 5307 τὸν
2507 5257 2793 5323 οὐρανὸν,
2829 5258 2928 5312 καὶ
2975 5256 3091 5324 τὴν
3131 5257 3269 5326 γῆν,
3326 5259 3576 5311 ἐσέϐοντο
3619 5253 3706 5323 τὴν
3739 5245 3875 5302 κτίσιν

2356 5347 2510 5417 παρᾶ
2539 5347 2630 5400 τὸν
2670 5349 2932 5403 κτίσαντα
2953 5367 2966 5381 ο
2997 5349 3091 5404 νῦν
3119 5351 3174 5404 δὲ
3221 5353 3399 5406 καινά
3429 5351 3599 5405 ταῦτα
3623 5342 3868 5418 βλέψονταιι

2354 5439 2520 5509 ἡνίκα
2555 5441 2691 5495 Θεοῦ
2735 5441 3040 5512 γνώσονται
3083 5443 3562 5517 δημιουργήματα.
3591 5439 3675 5494 Διό
3716 5440 3870 5504 φησιν’

2343 5593 2387 5624 ²⁴
2423 5594 2573 5647 Hom.
2606 5612 2643 5658 t,
2671 5596 2763 5653 25.

1993 5709 2225 5766 ΥΛΙῊίΕ
2270 5712 2674 5770 Lucrio-x128.

739 5792 761 5839 ί
797 5815 888 5868 γρ.
917 5798 1005 5856 ῖσ.
1033 5801 1266 5873 οὐρανῷ.
