4046 6386
141 414 254 482 2693

1256 383 1790 454 COMMENTARII
1838 392 1920 453 IN
1956 391 2238 452 lSAIAM.

141 525 306 583 Οὐκέτι
345 512 754 588 μεμνήσονται
777 506 896 562 τῶν
930 505 1258 576 προτέρων,
1291 505 1390 567 τὰς
1418 503 1598 568 δόξας,
1624 502 1690 566 ἃς

1798 502 1893 557 Dei
1923 518 2088 572 opera
2147 510 2466 572 agnoscent,
2501 515 2609 570 qua
2661 499 2728 556 de
2780 512 2946 554 causa
3001 502 3241 570 priorum
3277 521 3381 558 non

139 615 278 689 εἶχον,
299 610 369 674 ὡς
395 606 522 678 περὶ
560 603 700 657 θεῶν
739 598 1162 659 ἀποϐάλλοντες.
1203 597 1575 664 Ἀγαλλίαμα
1600 594 1682 660 δὲ,

140 686 298 780 φησιν,
317 699 684 770 εὑρήσουσιν
707 693 775 746 ὲν
791 690 966 780 αὐτῇ,
987 687 1224 780 δηλαδὴ
1249 686 1324 756 τῇ
1340 686 1449 780 νέᾳ
1475 686 1694 780 Ἰερουξ

138 777 334 866 (radius,
383 786 702 858 Ἐκκλησία,
737 785 871 855 περὶ
907 779 976 854 ἧς
1006 779 1294 850 ἐπιφέρει·
1332 779 1462 833 αὐτὸ
1491 778 1602 849 γὰρ
1629 777 1691 830 τὸ

139 887 464 964 ἀπαλλίαμα,
500 881 595 934 καὶ
639 881 672 950 ή
717 873 937 947 καθαρὰ
969 871 1258 928 θεοσέϐεια
1316 872 1468 926 ἔσται
1505 872 1690 936 αὐτοῖς

147 976 530 1054 Ἰερουσαλήμ.
563 976 632 1027 Ἦ
658 974 739 1027 ὃτι
781 969 1076 1040 Ἐμαυτοῦ
1105 969 1495 1038 εὐφροσύνην
1523 966 1690 1054 θήσω

139 1053 234 1144 τὴν·
271 1066 680 1140 Ἰερουσαλὴμ,
722 1061 1218 1137 ἐνευφραινόμενος
1256 1059 1337 1126 τῷ
1368 1058 1516 1127 λαῷ,
1545 1053 1595 1128 ᾧ
1622 1059 1691 1112 τὸ

137 1168 321 1224 καινὸν
345 1165 529 1232 ὄνομα
562 1156 1046 1228 κατεπήγγελμαι.

195 1420 412 1478 Τοιαῦτα
429 1420 541 1490 γὰρ
567 1404 769 1489 πραξει
795 1415 1000 1470 τούτων
1023 1415 1056 1486 ἡ
1087 1407 1354 1479 πολιτεία,
1379 1413 1461 1480 ὡς
1477 1411 1689 1483 μηκέτι

137 1517 348 1588 πράξεις
396 1513 466 1566 ἐν
526 1511 734 1576 αὐτοῖς
783 1510 1115 1565 ἀκούεσθαι
1180 1501 1496 1578 κλαυθμοῦ
1591 1506 1692 1561 καὶ

138 1607 368 1679 κραυγῆς
420 1605 599 1670 ἀξίας.
648 1603 736 1667 Ὠς
782 1604 846 1656 ἐκ
883 1601 1138 1671 διαϐολῆς
1169 1600 1226 1654 δὲ
1271 1601 1371 1671 τῆς
1419 1599 1688 1670 αἰσθητῆς

147 1696 508 1771 Ἰερουσαλὴμ
552 1695 770 1765 ὑφαίνει
810 1693 901 1748 τὸν
958 1694 1138 1763 λόγον,
1181 1688 1250 1766 ἧς
1298 1694 1348 1746 οἱ
1391 1691 1689 1764 ἡγούμενοι

1789 611 1902 650 esse
1923 593 2295 649 recordaturos
2321 594 2551 663 amplius
2575 593 2778 664 adjecit
2802 611 2817 661 ;
2869 595 2930 648 υι
2959 609 3099 664 quas
3147 595 3214 650 de
3245 595 3378 660 illis,

1791 695 2056 756 tanquam
2091 685 2197 740 diis
2233 685 2529 750 habebant,
2575 686 2869 755 opiniones
2905 685 3232 753 abjicerent.
3265 686 3375 741 Ad-

1787 775 1921 845 jecit
1982 775 2147 828 etiam
2183 773 2564 827 exultationem
2593 789 2706 827 esse
2754 775 2809 825 in
2863 786 2925 826 ea
2962 774 3292 838 inventurus,
3323 785 3380 828 ut

1790 877 2051 939 regentem
2079 866 2403 931 Jerusalem,
2449 867 2500 921 id
2529 876 2638 929 est,
2670 865 2994 930 ECClt'Sialll,
3017 868 3377 937 signiﬁcaret;

1790 962 1859 1017 de
1891 977 1998 1031 qua
2061 961 2397 1030 intelligens,
2432 960 2606 1030 ipsam
2661 960 2768 1014 illis
2803 961 3233 1026 exsultationem,
3276 977 3380 1032 pu-

1790 1066 2028 1122 rumque
2053 1051 2262 1106 cultum
2304 1049 2607 1105 Jerusalem
2662 1047 2781 1103 fore
2809 1050 3163 1118 significavit.
3207 1050 3297 1105 Vel
3325 1066 3380 1106 se

1791 1143 2064 1214 facturum
2117 1142 2357 1197 lcetitiam
2411 1158 2565 1195 suam
2613 1140 2915 1195 Jerusalem
2977 1142 3231 1210 allirmat,
3282 1143 3378 1212 qui

1788 1237 1982 1307 populo
2003 1235 2329 1300 delectetur,
2360 1232 2449 1290 cui
2491 1231 2650 1304 745
2684 1249 2863 1286 recens
2895 1248 3083 1286 nomen
3113 1248 3143 1287 a
3167 1248 3226 1288 se
3261 1246 3382 1303 pro-

1793 1331 2028 1387 missum
2058 1329 2152 1384 sit.

1867 1423 2106 1478 Tantum
2130 1420 2277 1478 enim
2307 1419 2630 1476 effecturam
2673 1418 2904 1474 istorum
2933 1419 3059 1474 vitae
3081 1419 3374 1482 rationem,

1792 1527 1850 1570 ut
1880 1516 2044 1572 nullae
2075 1515 2306 1585 amplius
2339 1514 2394 1568 in
2423 1513 2500 1575 eis
2536 1512 2715 1582 ﬂetus,
2752 1521 2802 1566 et
2829 1511 3078 1566 clamoris
3133 1512 3380 1568 actiones

1793 1610 2111 1665 audiantur.
2137 1607 2424 1678 Tanquam
2442 1621 2576 1660 vero
2597 1605 2906 1675 subjectum
2931 1604 3190 1660 sensibus
3219 1603 3380 1659 Jeru-

1792 1701 1961 1755 salem
1999 1706 2242 1762 accuset,
2275 1711 2589 1753 sermonem
2627 1694 3029 1759 accommodat,
3051 1698 3249 1764 inqua
3274 1694 3373 1764 qui

141 1791 254 1864 μετὰ
277 1788 458 1859 δώρων
489 1785 767 1856 κρίνοντες
815 1782 1014 1837 ἁθώων
1044 1781 1502 1854 κατεψηφίζοντο,
1539 1781 1691 1852 μετὰ

1797 1793 1902 1864 iuri
1962 1791 2203 1847 dicundo
2244 1788 2707 1861 praeficiebantur,
2762 1788 3087 1844 muneribus
3125 1787 3375 1857 corrupti

136 1882 372 1954 κραυγῆς
396 1880 597 1944 αὐτοὺς
622 1878 842 1948 θρηνεῖν
871 1876 1300 1946 ἀναγκάζοντες,
1332 1877 1462 1948 περὶ⁵
1494 1871 1563 1948 ἧς
1596 1874 1692 1928 Ἰε-

1797 1885 2117 1941 innocentes
2152 1880 2618 1944 condemnabam,
2670 1881 2740 1934 ad
2772 1883 2955 1951 ﬂetum
2983 1892 3033 1936 et
3086 1881 3374 1936 clamorem

137 1976 305 2050 ρεμίας
323 1973 488 2047 φησιν
507 1987 522 2003 ο
559 1991 579 2025 ι
607 1970 680 2024 Ὦ
702 1971 858 2035 πόλις
879 1969 1105 2044 ψευδὴς,
1129 1971 1224 2042 ὅλη
1254 1969 1687 2024 καταδυναστεια

137 2074 182 2124 ὲν
207 2070 352 2138 αὐτῇ,
390 2087 408 2118 ι
441 2065 541 2121 καὶ
568 2064 638 2119 τὰ
669 2066 933 2134 ἑπόμενα.
964 2064 1076 2118 Καὶ
1118 2063 1278 2128 ἄλλος
1306 2063 1364 2116 δέ
1392 2081 1525 2134 φησι
1551 2080 1691 2133 προ·-

136 2164 306 2231 φὴτης·
331 2178 348 2212 ι
385 2156 763 2220 Ἐκονδύλιζον
780 2157 865 2218 εἰς
892 2155 1138 2224 κεφαλὰς
1162 2155 1416 2226 πτωχῶν,
1441 2155 1538 2209 καὶ
1567 2155 1688 2208 ὁδὸν

135 2253 372 2305 ταπεινῶν
399 2250 705 2316 ἐξέκλιναν.
745 2267 763 2300 ι
811 2247 875 2300 Ἠ
896 2247 952 2300 δὲ
973 2246 1215 2318 Χριστοῦ
1245 2246 1546 2316 Ἐκκλησία
1560 2243 1688 2298 τοῦ·

134 2361 224 2395 των
247 2340 613 2412 ἀπήλλακται,
643 2341 701 2393 ἐν
801 2341 914 2392 οὐκ
949 2337 1122 2392 ἔσται
1155 2336 1366 2405 ἄωρος,
1402 2336 1500 2390 καὶ
1546 2350 1689 2404 πρε-

136 2436 352 2500 σϐύτης,
406 2431 474 2498 ὃς
524 2433 637 2486 οὐκ
685 2430 988 2500 ἐμπλήσει
1042 2429 1152 2484 τὸν
1205 2431 1434 2499 χρόνον
1477 2429 1688 2483 αὑτοῦ.

140 2530 338 2596 ’Λωρον
369 2526 472 2594 μὲν
503 2525 596 2578 τὸν
629 2525 686 2592 ἐξ
721 2523 892 2578 ἐθνῶν
920 2523 1070 2592 λέγει
1113 2523 1264 2586 λαὸν,
1295 2523 1422 2594 περὶ
1464 2517 1526 2577 οὗ
1555 2540 1690 2592 φησι

137 2615 214 2666 καὶ
233 2613 387 2667 Δαϐἱδ
410 2630 422 2643 ·
465 2633 483 2665 ι
535 2616 594 2665 '0
626 2613 755 2675 λαὸς
791 2614 820 2666 ὁ
867 2612 1186 2682 κτιζόμενος
1218 2613 1422 2665 αἰνέσει
1449 2613 1538 2665 τὸν
1578 2612 1691 2666 Κύ-

139 2723 250 2774 ριον.
295 2725 313 2757 ι
365 2700 460 2768 Οἷς
491 2703 588 2758 καὶ
641 2704 852 2768 Παῦλός
890 2706 915 2744 ε
948 2720 1145 2774 φησιν’
1195 2703 1282 2767 Ὠς
1327 2704 1692 2775 ἀρτιγέννητα

139 2800 290 2871 βρέφη
334 2797 394 2852 τὸ
444 2796 666 2867 λογικὸν
728 2797 826 2850 καὶ
873 2797 1058 2852 ἄδολον
1101 2796 1245 2864 γάλα
1292 2796 1690 2869 ἐπιποθήσατε.

135 2892 457 2958 Πρεσϐύτην
491 2891 572 2954 δὲ,
595 2890 684 2941 τὸν
710 2891 772 2941 ἐκ
791 2887 1113 2960 περιτομῆς,
1141 2889 1215 2952 ὡς
1241 2889 1317 2958 τῷ
1339 2891 1535 2958 χρόνῳ
1555 2889 1694 2942 κατὰ

137 2985 216 3052 τὴν
255 2982 579 3053 Ἐκκλησίαν
604 2979 998 3052 πρεσϐύτερον,
1031 2982 1089 3032 ὲν
1129 2975 1292 3053 ᾗούκ
1335 2981 1490 3034 ἔσται
1531 2981 1694 3051 φησιν

134 3074 388 3145 οὐδετέρου
433 3073 692 3143 διαφορά.
726 3073 934 3135 Πάντες
976 3073 1086 3144 γὰρ
1124 3072 1339 3126 ἔσονται
1370 3073 1590 3140 τέλειοι,
1615 3076 1696 3138 εἰς

138 3167 309 3238 μέτρον
347 3167 568 3237 ἡλικίας
612 3164 998 3229 ἀναϐαίνοντες
1045 3163 1140 3218 τοῦ
1193 3165 1560 3237 πληρώματος
1599 3165 1694 3220 τοῦ

1791 1977 2114 2048 adigentes;
2147 1975 2216 2031 de
2244 1989 2351 2045 qua
2377 1980 2506 2029 sunt
2534 1980 2588 2027 et
2615 1972 2718 2028 ista
2757 1971 3008 2029 Ieremia:
3035 1989 3049 2027 :
3081 1972 3125 2029 0
3173 1977 3376 2030 civitas

1791 2069 2049 2133 mendax,
2072 2067 2222 2121 nulla
2261 2080 2370 2120 non
2406 2063 2696 2133 oppressio
2729 2065 2787 2118 in
2827 2079 2891 2118 ea
2913 2066 2982 2128 ",-
3015 2084 3033 2116 ι
3067 2074 3375 2136 οωιετοιιιιο

1790 2159 2073 2228 deinceps.
2133 2157 2201 2212 Et
2258 2155 2523 2225 propheta
2557 2155 2736 2211 alius:
2768 2173 2786 2207 ι
2848 2153 3139 2212 Feriebant
3194 2159 3378 2228 capita'

1792 2266 2116 2324 pauperum,
2137 2260 2189 2306 et
2207 2251 2349 2304 viam
2369 2249 2660 2303 humilium
2676 2248 3024 2303 declinabant
3043 2249 3107 2300 ’³.
3124 2269 3142 2300 ι
3163 2251 3232 2305 At
3255 2252 3377 2308 istis

1791 2346 1996 2402 Christi
2032 2345 2264 2399 liberata
2301 2353 2384 2396 cst
2413 2340 2704 2397 Ecclesia:
2753 2339 2806 2394 in
2840 2355 2946 2411 qua
3001 2357 3105 2396 non
3131 2342 3381 2396 immatu-

1792 2454 1936 2500 rum,
1995 2454 2099 2492 non
2152 2450 2350 2497 senem,
2386 2434 2476 2503 qui
2533 2443 2736 2502 tempus
2771 2449 2928 2487 suum
2980 2451 3084 2489 non
3136 2437 3376 2504 impleat,

1791 2526 2034 2596 futurum
2072 2527 2168 2578 ait.
2196 2523 2318 2588 Quo
2354 2523 2496 2585 loco,
2525 2523 2804 2575 immaturi
2838 2525 3084 2589 nomine,
3132 2528 3377 2594 gentium

1793 2618 2053 2688 populum
2088 2615 2386 2683 intelligit;
2412 2625 2472 2667 ut
2499 2622 2553 2668 et
2595 2612 2764 2667 David
2793 2616 3054 2684 populum
3096 2618 3186 2686 qui
3220 2632 3384 2672 crea-'

1791 2716 1884 2762 tur
1905 2748 1919 2773 ,
1951 2707 2296 2761 laudaturum
2333 2703 2628 2758 Dominum
2674 2703 2903 2758 allirmat
2931 2706 2977 2736 ”
3002 2745 3018 2759 .
3073 2707 3136 2759 Et
3184 2704 3378 2763 Petrus

1793 2803 1982 2869 etiam,-
2018 2799 2112 2854 ubi
2144 2801 2288 2853 sicut
2319 2797 2480 2853 modo
2533 2798 2752 2867 genitos
2782 2796 3022 2852 infantes
3054 2799 3380 2855 rationabile

1795 2893 1900 2958 lac,
1931 2904 1989 2948 et
2017 2893 2140 2948 sine
2173 2891 2300 2947 dolo
2325 2890 2726 2961 concupiscere
2777 2891 3024 2961 praecipit
3054 2891 3119 2946 '°.
3167 2890 3379 2947 intelli-

1797 2987 1878 3058 git
1917 3001 2084 3057 porro
2136 2985 2278 3039 senis
2300 2983 2694 3055 appellatione,
2724 2981 2998 3048 Judaeum,
3029 2984 3198 3038 veluti
3250 2995 3381 3038 tem-

1796 3096 1926 3151 pore
1955 3079 2320 3149 superiorem,-
2372 3077 2560 3131 habita
2589 3077 2656 3132 ad
2691 3075 2992 3132 Ecclesiam
3040 3078 3278 3140 ratione.
3323 3081 3382 3134 in

1798 3187 1906 3243 qua
1961 3171 2212 3226 neutrius
2267 3168 2565 3224 discrimen
2618 3167 2842 3238 aliquod
2901 3167 3018 3224 fore
3087 3169 3379 3240 significat.

135 3259 367 3332 Χριστοῦ.
392 3257 567 3312 Τοῦτο
588 3258 699 3329 γὰρ
715 3259 742 3311 ὁ
763 3256 1056 3320 ὲκατοστδς
1081 3259 1412 3328 παρίστησιν
1435 3258 1691 3330 ἀριθμὸς,

1797 3241 1974 3320 Erunt
2011 3264 2158 3318 enim
2214 3261 2444 3332 perfecti
2484 3275 2700 3324 omnes,
2726 3260 2802 3315 ad
2855 3275 3169 3318 mensuram
3201 3264 3382 3320 aetatis

135 3355 210 3407 ὅτε
235 3353 324 3406 καὶ
358 3356 391 3424 ἡ
415 3352 561 3406 κατὰ
590 3352 756 3422 νόμον
783 3350 1089 3413 τελείωσις,
1123 3351 1383 3422 ἀνόνητος
1411 3350 1564 3404 ἔσται
1585 3354 1696 3416 τοῖς

137 3445 346 3515 ἔχουσιν,
380 3447 430 3498 εἰ
484 3443 564 3515 μὴ
604 3443 827 3515 Χριστῷ
862 3442 1236 3514 προσέλθωσιν
1291 3443 1380 3498 διὰ
1437 3445 1694 3512 πίστεως,

138 3539 185 3590 ἐν
266 3539 654 3608 βαπτισθέντες
694 3538 818 3599 τοὺς
849 3538 914 3590 ἐκ
957 3537 1055 3606 τῆς
1086 3536 1365 3606 ἁμαρτίας
1409 3536 1699 3606 ἀποτριϐο-

141 3629 259 3696 μεθα
313 3628 653 3700 μολυσμούς.
683 3627 894 3681 Οὐκοῦν
930 3628 1032 3681 κᾶν
1083 3629 1136 3680 εἴ
1175 3645 1258 3690 τις
1301 3627 1519 3680 ἑκατὸν
1547 3625 1700 3680 ἐτῶν

137 3718 370 3790 ὑπάρχων
390 3719 492 3791 τὴν
518 3721 576 3772 ἐν
602 3720 752 3790 νόμῳ
781 3716 960 3772 λαϐὼν
987 3718 1328 3788 τελειότητα,
1364 3720 1460 3771 καὶ
1487 3721 1698 3773 τελευ-

137 3811 357 3877 τήσειεν
400 3811 777 3882 ἁμαρτωλὸς,
801 3811 901 3882 τὴν
945 3813 1004 3865 ἐν
1040 3810 1262 3882 Χριστῴ
1304 3811 1378 3881 μὴ
1412 3810 1698 3881 προσηκά-

139 3919 275 3972 pavo;
308 3906 520 3970 πίστιν,
549 3905 723 3959 ἔσται
759 3902 1213 3971 ἐπικατάρατος,
1243 3905 1365 3965 ταῖς
1400 3901 1491 3954 τοῦ
1531 3902 1697 3972 νόμου

138 3994 496 4066 παραϐάσεσιν
542 3995 724 4066 ἔνοχος
752 3994 850 4060 ὢν,
892 3996 950 4048 ὲν
989 3989 1032 4063 ᾧ
1063 3993 1252 4066 μηδεὶς
1289 3994 1540 4046 τοσοῦτον
1569 4010 1699 4047 κατ·

137 4086 390 4157 ὤρθωσεν,
435 4090 519 4153 ὡς
570 4090 674 4142 ὑπὸ
717 4088 1032 4160 παράϐασιν
1074 4089 1148 4159 μὴ
1193 4091 1403 4141 πεσεῖν.
1436 4106 1453 4138 ι
1492 4089 1700 4150 Πάντες

136 4180 250 4252 γὰρ,
269 4184 454 4252 φησὶν,
481 4184 755 4254 ἥμαρτον,
783 4182 876 4235 καὶ
902 4180 1257 4251 ὑστεροῦνται
1288 4181 1384 4251 τῆς
1417 4179 1576 4250 δόξης
1605 4178 1698 4232 τοῦ

138 4273 273 4336 θεοῦ,
293 4273 667 4341 δικαιούμενοι
689 4273 900 4344 δωρεὰν
915 4277 979 4344 τῇ
1005 4273 1171 4327 αὐτοῦ
1191 4275 1393 4345 χάριτι.
1425 4291 1443 4324 ι
1468 4273 1701 4344 Τοιγαρ-

139 4363 218 4416 οῦν
243 4367 296 4418 ἐν
336 4367 414 4436 τῷ
458 4366 614 4437 νόμῳ
646 4366 854 4430 Παῦλος
896 4365 1226 4428 τελειωθεὶς,
1263 4366 1510 4420 σκύϐαλα
1557 4367 1697 4436 ἡγή-

142 4472 255 4512 σατο
289 4460 356 4513 τὰ
393 4461 454 4512 ἐν
484 4461 658 4530 νόμῳ,
689 4460 774 4512 ἕνα
813 4459 1046 4531 Χριστὸν
1076 4459 1332 4531 κερδάνῃ,
1361 4460 1453 4512 καὶ
1495 4458 1696 4530 εὑρεθῇ

1800 3359 2160 3430 plenitudinis
2189 3357 2391 3411 Christi
2436 3356 2677 3427 provecti
2701 3355 2766 3416 “,
2827 3355 3065 3425 idipsum
3108 3361 3380 3429 siquidem

1801 3457 2030 3518 uterque
2065 3446 2340 3517 significat
2374 3459 2638 3500 numerus
2665 3459 2679 3509 ;
2710 3458 2821 3514 quo
2861 3453 3106 3514 tempore
3153 3455 3206 3499 et
3260 3445 3382 3515 ipsa

1800 3541 2104 3598 secundum
2134 3541 2310 3610 legem
2333 3538 2599 3609 perfectio
2621 3537 3036 3608 possessoribus
3057 3538 3174 3593 suis
3197 3538 3380 3592 futura

1798 3637 1884 3685 est
1918 3627 2150 3692 inutilis,
2172 3627 2218 3680 si
2247 3643 2357 3681 non
2383 3627 2451 3680 ad
2473 3626 2754 3682 Christum
2781 3641 2876 3696 per
2905 3626 3064 3681 fidem
3089 3627 3382 3692 accedant:

1799 3729 1854 3784 in
1893 3743 2000 3798 qua
2030 3727 2317 3796 baptizati,
2357 3725 2550 3780 sordes
2573 3741 2689 3790 eas,
2745 3728 2948 3796 quibus
3005 3728 3381 3798 inquinamur,

1798 3819 2058 3874 eluimus.
2092 3817 2148 3872 Si
2183 3817 2306 3886 quis
2339 3817 2506 3886 igitur
2527 3830 2734 3870 centum
2785 3834 3048 3871 annorum
3093 3817 3384 3887 perfectio-

1799 3929 1923 3968 nem
1958 3913 2092 3982 legis
2121 3911 2378 3981 adeptus,
2404 3919 2652 3973 peccator
2689 3909 2853 3963 etiam
2902 3910 3167 3962 moriatur
3194 3910 3298 3965 fide
3329 3911 3386 3965 in

1801 4004 2083 4061 Christum
2140 4005 2480 4067 destiturns;
2534 4001 2634 4054 erit
2689 4000 3025 4064 maledictus,
3099 4003 3192 4072 qui
3251 4003 3389 4072 legis

1802 4095 2344 4166 transgressionibus
2377 4093 2788 4162 obstringatur;
2823 4093 2877 4146 in
2933 4107 3041 4161 qua
3076 4109 3235 4148 neruo
3276 4103 3384 4148 tam

1802 4197 2027 4244 strenue
2053 4201 2294 4256 unquam
2329 4184 2539 4239 versari
2575 4184 2767 4251 potuit.
2805 4192 2862 4235 ut
2891 4184 2942 4236 in
2986 4199 3105 4236 eam
3136 4200 3242 4238 non
3280 4185 3384 4238 im-

1801 4280 2074 4350 pingeret.
2118 4298 2134 4329 ι
2167 4276 2373 4332 Omnes
2411 4275 2582 4339 enim,
2625 4273 2820 4328 scribit
2852 4273 3170 4342 Apostolus,
3201 4289 3389 4344 peccas

1801 4381 2022 4436 verunt,
2062 4381 2116 4425 et
2150 4379 2314 4439 egent
2355 4367 2529 4438 gloria
2573 4366 2687 4429 Dei,
2744 4365 3030 4436 iustificati
3069 4369 3240 4436 gratis
3288 4383 3386 4438 per

1802 4464 2030 4535 gratiam
2082 4463 2255 4532 ipsius
2301 4461 2367 4514 ³².
2412 4478 2432 4512 ι
2477 4457 2716 4528 Indeque
2766 4457 2972 4513 factum
3013 4468 3116 4526 est,
3158 4469 3216 4515 ut
3250 4462 3296 4518 is
3328 4462 3385 4517 in

141 4550 190 4600 ὲν
210 4551 351 4620 αὐτῷ
383 4554 460 4624 μὴ
485 4553 628 4624 ἔχων
658 4552 751 4622 τὴν
779 4552 973 4606 ἐαυτοῦ
1003 4552 1369 4622 δικαιοσύνην,
1400 4553 1542 4606 τοῦτ’
1584 4552 1696 4604 ἐστι

1805 4557 1924 4628 lege
1958 4557 2258 4626 perfectus,
2283 4569 2369 4621 ea,
2396 4567 2519 4622 qua:
2548 4551 2600 4606 in
2631 4551 2746 4621 lege
2775 4560 2981 4618 eSsent,
3010 4562 3252 4607 stercora
3283 4571 3385 4623 pu-

139 4643 224 4713 τὴν
253 4646 308 4698 ἐν
341 4648 518 4717 νόμῳ,
548 4645 686 4699 ἀλλὰ
713 4647 814 4718 τὴν
843 4646 932 4699 διὰ
961 4646 1196 4708 πίστεως
1236 4645 1411 4717 Ἰησοῦ
1441 4645 1700 4717 Χριστοῦ.

141 4735 238 4788 Καὶ
262 4737 384 4800 τοὺς
427 4737 721 4799 Ἰουδαίους
754 4738 1106 4808 μεμφόμενος
1141 4737 1328 4805 λέγει’
1361 4755 1380 4788 ι
1424 4736 1705 4805 Ἀγνοοῦν-

143 4841 219 4888 τες
258 4829 364 4898 γὰρ
417 4829 521 4901 τὴν
559 4829 657 4882 τοῦ
697 4828 834 4882 Θεοῦ
883 4829 1254 4899 δικαιοσύνην,
1293 4829 1388 4882 καὶ
1431 4829 1532 4898 τὴν
1571 4829 1706 4882 ἰδίαν

146 4916 442 4990 ,φινλόμενοι
487 4920 706 4991 στῆσαι,
738 4924 804 4992 τῇ
843 4920 1158 4995 δικαιοσύνῃ
1201 4921 1294 4974 τοῦ
1323 4921 1456 4974 Θεοῦ
1486 4920 1585 4990 οὐχ
1606 4921 1710 4974 ὑπ-

145 5012 417 5084 ετάγησαν.
449 5015 617 5077 Τέλος
647 5015 756 5085 γὰρ
786 5015 954 5085 νόμου
987 5015 1221 5084 Χριστὸς
1255 5015 1334 5077 εἰς
1363 5014 1710 5084 δικαιοσύνην

147 5107 290 5159 παντὶ
329 5107 408 5177 τῷ
456 5108 794 5163 πιστεύοντι,
833 5125 852 5158 ι
898 5107 1011 5161 Καὶ
1059 5105 1260 5160 πάλινσ
1311 5124 1330 5158 ι
1378 5106 1591 5168 Εἱδότες
1627 5106 1706 5172 δὲ,

145 5195 216 5248 ὅτι
249 5200 306 5252 οὐ
336 5199 647 5254 δικαιοῦται
681 5199 966 5270 ἄνθρωπος
993 5196 1054 5264 ἐξ
1080 5199 1258 5271 ἔργων
1285 5199 1475 5270 νόμου,
1507 5197 1603 5251 ἐὰν
1634 5197 1709 5270 μὴ

144 5287 221 5342 διὰ
259 5293 493 5356 πίστεως
541 5292 714 5364 Ἰησοῦ
741 5291 1003 5364 Χριστοῦ,
1035 5292 1129 5346 καὶ
1170 5292 1330 5360 ἡμεῖς
1375 5293 1454 5354 si;
1475 5290 1709 5362 Χριστὸν

146 5386 602 5457 πεπιστεύκαμεν.
640 5405 659 5439 ι
692 5386 782 5438 Διὸ
827 5385 1054 5454 κατάρα
1097 5383 1330 5456 Χριστὸς
1363 5382 1558 5454 ἐλέχθη
1606 5382 1708 5452 τῆς

143 5473 226 5526 τοῦ
255 5477 422 5548 νόμου
450 5476 717 5546 κατάρας
746 5469 1028 5551 ῥυόμενος,
1059 5478 1117 5530 ἐν
1147 5470 1191 5545 ᾧ
1217 5477 1334 5530 ἐστι
1377 5477 1456 5541 τὸ,
1491 5495 1509 5528 ι
1553 5474 1704 5530 Ἐπι-

1800 4659 1963 4715 taret,
2009 4658 2065 4702 ut
2095 4648 2373 4703 Christum
2405 4646 2777 4711 lucrifaceret,
2819 4655 2872 4699 et
2902 4659 3007 4700 non
3051 4646 3389 4702 inVcnirctur

1803 4757 1958 4799 suam
1994 4741 2047 4796 id
2083 4751 2191 4804 est,
2225 4741 2477 4810 legalem,
2512 4739 2720 4794 habens
2744 4740 3054 4807 justitiam;
3092 4740 3184 4795 sed
3214 4741 3384 4808 illam,

1805 4852 1926 4907 quae
1963 4851 2023 4891 es
2054 4835 2158 4890 fide
2198 4848 2304 4897 est,
2341 4849 2437 4904 per
2463 4831 2650 4889 Jesum
2705 4832 2983 4887 Christum
3029 4834 3074 4866 ³³
3105 4875 3118 4889 .
3148 4834 3388 4890 Accusat

1806 4945 1938 4985 vero
1965 4939 2018 4984 et
2043 4928 2265 4983 Judreos
2303 4928 2390 4982 his
2420 4926 2634 4981 verbis:
2679 4945 2696 4977 ι
2747 4915 3072 4996 ignorantes
3127 4927 3271 4979 enim
3297 4927 3388 4995 ju-

1809 5023 2014 5079 stitiam
2045 5020 2161 5086 Dei,
2204 5029 2256 5075 et
2281 5035 2436 5075 suam
2472 5029 2778 5089 quaerentes
2812 5027 3074 5080 statuere,
3132 5019 3225 5073 Dei
3279 5035 3384 5073 nan

1811 5122 1946 5172 sunt
1971 5113 2138 5185 746
2161 5113 2417 5184 subjecti.
2460 5111 2614 5167 Finis
2640 5113 2786 5167 enim
2815 5111 2976 5182 legis,
3003 5112 3256 5167 Christus
3283 5113 3390 5177 ;ad

1803 5206 2072 5278 justitiam
2091 5205 2239 5260 omni
2264 5203 2511 5259 credenti
2543 5201 2609 5258 “.
2646 5222 2666 5256 ι
2707 5202 2771 5256 Et
2791 5218 3044 5258 rursum:
3079 5220 3097 5254 ι
3137 5201 3391 5260 Scientcs

1807 5308 2012 5362 autem,
2042 5296 2297 5367 quoniam
2335 5306 2446 5350 non
2481 5293 2818 5364 iustificatur
2846 5295 3008 5348 homo
3034 5281 3101 5348 ex
3127 5295 3389 5365 operibus

1811 5391 1967 5460 legis.
1993 5391 2098 5444 nisi
2118 5404 2216 5460 per
2234 5386 2390 5442 ﬁdem
2411 5384 2758 5442 Jesquristi
2780 5403 2796 5451 ;
2819 5395 2872 5441 et
2898 5401 3000 5441 nos
3031 5387 3082 5440 in
3104 5385 3386 5443 Christum

1812 5481 2149 5538 credidimus
2197 5481 2242 5512 ³⁸
2271 5520 2284 5535 .
2326 5496 2345 5530 s
2397 5477 2520 5545 Quo
2575 5477 2780 5533 factum
2834 5487 2938 5546 est,
2989 5488 3047 5534 ut
3086 5479 3390 5534 maledictio

211 5586 253 5617 "
276 5585 514 5664 larem.”
534 5605 649 5651 xw,
688 5590 787 5664 ιι,
824 5587 900 5664 *³⁸
930 5588 1098 5664 Amos
1127 5607 1180 5654 ν,
1215 5590 1336 5664 H._
1381 5588 1427 5664 ’ξ
1451 5587 1598 5664 Psal.
1625 5607 1696 5664 ct,

1797 5604 1822 5660 ι,
1899 5593 1943 5625 ³ο
1973 5593 1990 5646 l
2019 5592 2168 5650 Pctr.
2201 5591 2346 5662 11,2.
2421 5592 2466 5625 ³¹
2506 5591 2707 5664 Ephes.
2757 5607 2832 5658 ιν,
2869 5593 2955 5648 l5.
3031 5589 3079 5624 “
3110 5590 3273 5650 Rom.
3304 5609 3390 5650 ut.

147 5653 226 5710 33.
297 5659 342 5690 ³⁸
373 5660 611 5731 Philipp.
645 5676 726 5726 ut,
760 5659 870 5729 8,9.
949 5661 995 5696 ”
1033 5653 1194 5717 llom.
1229 5661 1360 5729 x,5,
1401 5660 1460 5714 4.
1535 5660 1580 5692 ³⁵
1617 5653 1882 5729 (ἰιιιιιι.ἰι,
1919 5664 2008 5718 l6.

211 5843 235 5884 ⁸
263 5863 349 5914 rp.
377 5845 609 5917 Πέτρος,

1412 5750 1642 5810 VARUS
1683 5753 2087 5812 LECTIONES.

3236 380 3382 456 2694
3464 421 3468 426 ·
