4046 6386
588 302 734 372 2695

1891 300 2249 366 PROCOPII
2293 301 2539 364 GAZAEI

3714 289 3858 354 2696

591 420 849 478 Christus
876 415 1189 490 appellatus
1211 417 1304 484 sit,
1339 416 1435 489 qui
1471 416 1614 488 legis
1645 417 2020 475 uialedictione
2042 418 2179 473 lihe-
2206 465 2211 474 .

2320 418 2596 490 ατάρατος
2623 419 2755 481 πᾶς.
2798 413 2858 480 ὃς
2887 417 2989 470 οὐκ
3027 412 3255 484 ἐμμένει
3306 412 3442 464 πᾶσι
3475 408 3588 470 τοῖς
3613 423 3863 478 γεγραμ-

593 511 769 577 rarit;
802 510 859 565 in
893 524 999 580 qua
1042 510 1301 582 leguntur
1324 516 1379 564 et
1413 509 1558 570 ista;
1593 527 1614 561 ι
1639 493 1965 566 Maledictus
2002 509 2184 566 omnis

594 603 690 672 qui
725 617 834 658 non
861 599 1231 672 permanserit
1260 599 1316 654 in
1349 599 1630 666 omnibus,
1672 615 1795 672 quae
1819 600 2026 670 scripta
2056 609 2188 657 sunt

602 696 660 752 in
698 696 838 751 libro
871 693 1026 766 legis,
1056 701 1120 748 ut
1152 691 1318 748 faciat
1345 707 1410 748 ea
1445 691 1512 745 ³⁸.
1557 709 1579 744 ι
2141 691 2148 696 ’

675 787 790 843 Non
819 789 1020 842 desunt
1082 796 1289 852 tamen,
1326 785 1444 854 qui,
1503 784 1650 858 quod
1685 802 1791 840 mm
1844 785 2081 855 futurum
2117 783 2193 838 ibi

599 881 986 942 immaturum,
1038 887 1090 932 et
1151 893 1348 942 senem,
1385 877 1550 944 dixit,
1614 878 1689 933 ita
1751 878 2067 949 explicent;
2131 885 2195 933 ut

603 977 802 1041 putent
855 969 1285 1026 resurrectionis
1327 970 1628 1041 participes
1690 970 1809 1024 fore
1866 969 2146 1041 perfectos
2175 1012 2192 1038 ,

603 1061 917 1131 animisque
948 1060 1200 1126 validos;
1233 1068 1495 1131 tanquam
1553 1060 1689 1116 nihil
1744 1061 2084 1130 inchoatum,
2109 1064 2197 1118 ni-

602 1153 680 1210 hil
699 1154 932 1224 puerile,
950 1151 1090 1208 nihil
1109 1154 1312 1208 vietum
1339 1153 1580 1208 habituri
1607 1155 1718 1209 sint
1741 1171 1756 1208 :
1793 1155 1888 1210 sed
1913 1155 2027 1211 sint
2051 1157 2195 1212 inte-

603 1263 717 1318 gra:
745 1247 924 1302 aetatis
943 1261 1160 1309 omnes,
1181 1254 1440 1316 tanquam
1467 1244 1656 1301 eodem
1683 1255 1930 1317 tempore
1949 1263 2199 1304 resurre-

607 1339 850 1393 ctionem
887 1338 1474 1409 regenerationemqne
1498 1353 1661 1392 unam
1684 1337 1886 1408 adepti.
1917 1337 2199 1395 Perfectus

606 1430 796 1501 igitur,
839 1429 935 1500 qui
995 1430 1230 1486 salutem
1286 1431 1519 1499 adeptus
1580 1438 1688 1494 est,
1729 1431 1951 1499 juvenis
2011 1430 2197 1494 fuerit,

608 1524 972 1595 ejusdemque
1002 1540 1127 1580 eum
1157 1523 1339 1579 relatis
1363 1523 1644 1586 habuerit,
1676 1523 1772 1594 qui
1805 1524 1993 1594 periit.
2025 1523 2198 1578 Simul

608 1620 755 1674 enim
785 1627 952 1690 atque
981 1633 1176 1674 omnes
1215 1619 1438 1673 excitati
1479 1618 1710 1683 fuerint,
1737 1617 1932 1682 salute,
1956 1619 2038 1673 vel
2082 1632 2202 1688 pte-

610 1713 722 1777 nis,
765 1712 1202 1782 distinguentur,
1235 1711 1392 1777 aliis,
1433 1713 1526 1781 qui
1579 1712 1634 1766 in
1690 1713 1935 1782 nequitia
1973 1711 2202 1782 perfecti

2290 511 2472 583 μένοις
2496 513 2554 565 ιν
2579 509 2657 582 τῷ
2679 509 2869 581 βιϐλίῳ
2889 508 3085 578 τούτῳ,
3113 503 3206 559 τοῦ
3240 504 3467 574 ποιῆται
3498 498 3659 555 αὑτά.
3696 517 3714 549 ι
3791 552 3803 560 ,

2361 771 2523 836 Τινὲς
2542 770 2599 825 δὲ
2619 769 2702 826 τδ.
2737 770 2823 824 Οὐ
2842 767 2928 838 μὴ
2958 765 3202 836 γένηται
3224 760 3356 816 ἐκεῖ
3372 761 3584 828 ἇιφος,
3610 757 3703 812 καί
3731 772 3880 826 πρε-

2291 885 2336 924 σ
2340 869 2542 934 δύτης,
2568 863 2742 928 οὕτως
2790 864 3150 932 ἐξηγήσαντοσ
3192 855 3399 917 Πάντες
3461 853 3574 925 γάρ
3619 850 3878 920 τυχόντες

2291 963 2392 1033 τῆς
2418 960 2559 1031 ἐμῆς
2586 957 2958 1017 ἀναστάσεως.
2976 952 3191 1008 ἔσονται
3211 950 3429 1011 τέλειοι,
3458 946 3670 1008 καὶτὰς
3696 944 3882 1014 ψυχας

2293 1055 2544 1123 ἀκμαῖοι,
2579 1052 2654 1115 ὡς
2692 1049 2859 1121 μηδὲν
2905 1043 3096 1104 ἀτελές
3146 1060 3206 1096 τε
3249 1042 3345 1095 καὶ
3381 1041 3598 1110 νήπιον,
3646 1039 3780 1107 μήτε
3819 1036 3883 1090 δὲ

2295 1144 2608 1215 γεγηρακὸς
2633 1137 2799 1204 εἶναι,
2847 1137 3138 1210 ἡλικιῶται
3181 1133 3239 1188 δὲ
3272 1133 3493 1196 πάντες,
3534 1130 3612 1192 ὡς
3657 1127 3744 1197 ὑφ’
3781 1127 3886 1179 ἕνα

2298 1237 2488 1308 καιρὸν
2517 1234 2832 1304 τευξόμενοι
2866 1231 2965 1302 τῆς
2995 1227 3365 1289 ἀναστάσεως,
3397 1225 3490 1279 καὶ
3531 1224 3664 1294 μιᾶς
3690 1220 3886 1287 παλιγ-

2298 1329 2552 1401 γενεσίας
2583 1325 2921 1398 μεθέξοντες.
2949 1323 3169 1386 Τέλειος
3199 1316 3292 1374 οὖν
3331 1321 3360 1371 ό
3389 1317 3699 1388 σωζόμενος
3729 1314 3886 1367 ἔσται

2301 1419 2444 1484 νέος,
2477 1419 2574 1472 καὶ
2603 1418 2701 1488 τῆς
2735 1416 2908 1486 αὐτῆς
2935 1415 3154 1486 ἡλικίας
3201 1413 3314 1477 ἔξει
3353 1411 3446 1464 τὸν
3486 1406 3886 1476 ἀπολλύμενον.

2303 1512 2456 1585 ’Λμα
2480 1512 2590 1583 γὰρ
2621 1511 2823 1573 πάντες
2854 1509 3211 1570 ἀναστάντες,
3243 1503 3490 1576 σωτηρίᾳ
3530 1504 3627 1555 καὶ
3668 1501 3892 1554 κολάσει

2303 1605 2758 1676 διαιρεθήσονται,
2808 1601 2918 1654 τῶν
2972 1603 3029 1653 ὲν
3081 1598 3250 1669 κακίᾳ
3290 1597 3511 1650 τελείων
3539 1594 3895 1663 καταράτων

2305 1699 2601 1769 ἐσομένων,
2633 1699 2728 1748 καὶ
2750 1698 2816 1766 τῇ
2856 1695 2963 1765 ἰδίᾳ
2995 1690 3414 1748 τελευτώντων
3443 1688 3723 1761 ἁμαρτίᾳ.
3757 1688 3894 1739 ὐτε

610 1811 763 1866 sunt,
795 1781 1118 1869 maledictis,
1151 1803 1385 1873 suisque
1410 1805 1642 1873 peccatis
1672 1781 2044 1858 morientibus.
2081 1803 2202 1869 Quo

2318 1793 2400 1846 καὶ
2429 1791 2653 1854 πάντες,
2679 1787 2746 1852 ἃς
2774 1788 2863 1841 διὰ
2892 1787 3002 1840 τῶν
3029 1786 3222 1855 ἔργων
3252 1786 3467 1846 ἑαυτοῖς
3489 1783 3893 1852 προεξενησαν,

612 1905 861 1966 tempore
900 1903 956 1951 et
983 1911 1199 1960 omnes,
1233 1912 1377 1968 quas
1413 1897 1518 1952 sibi
1545 1898 1752 1968 quique
1785 1899 1904 1954 suis
1959 1898 2202 1964 operibus

615 1989 936 2043 mansiones
996 2000 1399 2058 praepararunt,
1449 1991 1694 2046 habituri
1766 1998 1919 2053 sunt,
1977 1992 2206 2062 suisque

613 2080 898 2156 laboribus
934 2079 1184 2147 lruituri,
1212 2083 1454 2153 propriis
1502 2084 1756 2139 videlicet
1781 2083 2044 2153 fructibus
2099 2100 2205 2138 ιιιιι-

617 2172 758 2235 triti,
790 2186 968 2242 ueque
1005 2181 1257 2228 verentes
1282 2175 1543 2244 amplius,
1586 2190 1656 2228 ne
1700 2175 1858 2229 alteri
1892 2190 2026 2230 suos
2059 2175 2206 2229 (abo-

615 2271 699 2311 res
737 2256 846 2312 illis
890 2254 1164 2310 auferant.
1217 2253 1597 2328 Degentenim
1655 2259 1710 2314 in
1768 2270 2030 2330 perpetua
2081 2263 2207 2316 vita:

615 2348 901 2413 felicitate,
929 2347 1214 2408 secundum
1259 2349 1371 2404 dies
1415 2350 1546 2421 ligni
1575 2352 1734 2418 vita;
1785 2352 1988 2422 quibus
2030 2354 2208 2410 verbis

615 2437 1019 2506 promissiones
1052 2437 1230 2492 iactas
1261 2437 1316 2494 in
1345 2439 1604 2508 paradiso
1636 2441 2018 2512 adimplendas
2061 2456 2206 2507 esse,

615 2544 877 2600 eumque,
916 2529 1009 2600 qui
1044 2530 1262 2585 illarum
1298 2534 1575 2602 particeps
1617 2534 1804 2597 fuerit,
1839 2535 2115 2590 facturum
2150 2552 2211 2592 se

620 2617 1014 2682 immortalem,
1056 2633 1158 2674 nec
1189 2626 1468 2675 vetustate
1499 2620 1844 2676 deiicientem
1881 2624 2160 2693 signiﬁcat
2193 2641 2207 2677 :

620 2719 717 2768 aut
756 2711 860 2765 alia
895 2725 1114 2765 rursum
1157 2711 1487 2783 migratione
1518 2713 1727 2768 labores
1783 2730 1908 2769 suos
1947 2717 2070 2771 aliis
2101 2730 2211 2770 non

619 2815 745 2858 esse
784 2800 1098 2858 relicturos.
1158 2801 1301 2857 Sunt
1353 2812 1538 2860 tamen
1567 2807 1666 2876 qui
1719 2805 1822 2861 ista
1884 2807 1950 2862 ad
2011 2808 2213 2879 prioris

619 2893 888 2949 adventus
938 2901 1186 2965 tempora
1248 2895 1558 2962 retulerint,
1602 2897 1805 2969 quibus
1837 2913 1974 2968 pace
2023 2914 2215 2956 oumes

619 2994 674 3042 et
707 2986 1049 3058 indulgentia
1077 2987 1185 3042 frui
1212 2988 1338 3045 illos
1369 2991 1626 3061 contigit,
1650 2991 1745 3061 qui
1781 2993 1833 3046 in
1859 2992 2086 3048 Christo
2118 3009 2214 3064 per

623 3080 785 3135 tidem
813 3080 1107 3144 maledicti,
1136 3098 1245 3136 non
1275 3091 1407 3140 sunt
1433 3084 1697 3141 hostibus
1724 3087 1963 3156 amplius
1985 3094 2040 3142 et
2061 3088 2212 3142 cala-

626 3170 918 3226 mitatibus
961 3182 1185 3244 propter
1239 3174 1602 3246 impietatem,
1637 3185 1700 3232 ut
1753 3178 1943 3248 prisci,
1992 3179 2206 3244 traditi,

621 3279 802 3335 neque
837 3263 1079 3320 laborum
1123 3283 1343 3322 suorum
1379 3269 1581 3326 damna
1619 3269 1728 3326 ulla
1763 3271 1936 3340 passi,
1994 3271 2088 3327 sed
2115 3273 2208 3342 qui

621 3353 1004 3424 spiritualibus
1037 3362 1188 3408 recte
1221 3354 1490 3410 laetorum
1517 3371 1745 3412 suorum
1779 3358 1996 3414 deliciis
2027 3359 2212 3415 indul-

623 3456 840 3517 serunt,
874 3464 1018 3520 quos
1071 3450 1264 3506 nullus
1292 3465 1554 3508 concessa
1609 3454 1755 3524 apud
1794 3453 2013 3510 Patrem
2063 3471 2217 3511 man-

624 3537 784 3594 sione
835 3541 912 3594 sit
955 3541 1275 3607 abacturus,
1305 3543 1512 3614 quippe
1548 3545 1644 3614 qui
1691 3545 1820 3600 vitai
1875 3545 2244 3614 beatitudine,

623 3635 849 3690 tiantur.

645 3792 648 3794 γ
702 3729 970 3801 Sequitur
1019 3731 1254 3788 deinde:
1291 3732 1361 3788 Et
1412 3734 1573 3807 747
1620 3752 1782 3806 opera
1835 3739 2080 3794 laborum
2114 3757 2219 3794 non

626 3832 952 3876 vetet-arcent
977 3837 996 3886 ,'
1031 3824 1236 3892 quibus
1257 3826 1441 3881 verbis
1468 3829 1867 3885 immutabilem
1894 3833 2021 3887 vitae
2072 3832 2215 3886 viam

630 3914 920 3969 habituros
953 3929 1078 3969 esse
1107 3916 1406 3986 signiﬁcat.
1435 3917 1569 3984 Quae
1597 3921 1746 3974 enim
1775 3923 1910 3992 legis
1935 3922 2058 3989 fuit,
2087 3926 2218 3994 quia

631 4007 882 4062 umbram
935 4006 1152 4074 habuit,
1184 4023 1214 4061 a
1251 4009 1444 4079 ﬁguris
1485 4011 1555 4065 ad
1601 4015 1888 4070 veritatem
1946 4019 2166 4072 transiit
2200 4036 2216 4084 ;

629 4112 752 4167 quae
777 4104 958 4153 autem
985 4114 1015 4152 a
1071 4101 1292 4157 Christo
1336 4112 1442 4166 est,
1475 4106 1603 4175 quia
1653 4123 1782 4162 vera
1821 4121 1928 4176 est,
1970 4113 2230 4166 mutatio-

629 4205 754 4244 nem
781 4206 890 4244 non
923 4192 1135 4246 sentit:
1186 4208 1276 4256 ea,
1310 4211 1432 4265 qua:
1464 4213 1572 4253 non
1629 4203 1926 4268 veterascit,
1958 4203 2064 4258 hoc
2108 4205 2230 4258 loco

630 4285 1040 4354 perennitatem
1074 4287 1448 4357 signiﬁcante,
1477 4291 1625 4360 quod
1655 4294 1735 4348 illi
1767 4295 1994 4350 minime
2021 4297 2232 4352 habue-

630 4385 781 4430 runt.
817 4375 959 4430 Sunt
983 4377 1133 4432 enim
1155 4379 1260 4434 ista
1281 4380 1348 4435 ad
1369 4380 1649 4438 Christum
1670 4400 1685 4438 :
1722 4403 1740 4436 ι
1766 4383 1988 4442 Justitia
2007 4395 2121 4452 tua,
2136 4389 2230 4459 ju-

2305 1883 2622 1954 κομιοῦνται
2659 1879 2845 1948 μονάς,
2882 1881 2977 1934 καὶ
3007 1877 3118 1932 τῶν
3151 1877 3299 1931 ἰδίων
3344 1874 3754 1930 ἀπολαύσονται
3799 1873 3898 1925 πό-

2304 1993 2433 2038 νων,
2463 1973 2732 2044 καρποὺς
2763 1973 2926 2037 ἰδίους
2955 1973 2983 2012 h
3016 1972 3366 2043 τρεφόμενοι,
3408 1969 3608 2040 μηκέτι
3663 1967 3900 2030 δεδιότες

2310 2069 2510 2140 μήπως
2546 2068 2857 2135 ἀλλότριοι
2878 2065 3020 2128 τοὺς
3045 2064 3274 2129 πόνους
3307 2061 3486 2116 αὐτῶν
3514 2061 3898 2131 ἀφαρπέσων-

2306 2181 2418 2217 ται.
2466 2164 2554 2216 Ἐν
2584 2162 2932 2232 ἀτελευτήτῳ
2961 2160 3016 2213 δὲ
3041 2158 3314 2223 διάξουσιν
3347 2156 3571 2228 εύζωῒᾳ,
3607 2154 3761 2208 κατὰ
3792 2153 3896 2220 τὰς

2309 2257 2533 2326 ἡμέρας
2551 2255 2656 2311 τοῦ
2689 2256 2880 2320 ξύλου
2903 2251 3011 2321 τῆς
3042 2251 3190 2322 ζωῆς
3210 2269 3224 2282 ·
3248 2249 3276 2304 ὃ
3293 2251 3384 2305 καὶ
3411 2251 3563 2320 δηλοῖ
3600 2249 3706 2312 τάς
3737 2249 3901 2314 ἐπαγ.

2309 2350 2498 2419 γελίας
2521 2351 2578 2401 ὲν
2607 2348 2685 2420 τῷ
2715 2348 3030 2418 παραδείσῳ
3053 2345 3401 2416 γενήσεσθαι,
3431 2346 3526 2398 καὶ
3543 2345 3642 2398 τὸν
3665 2343 3897 2412 τυχόντα

2308 2442 2516 2496 τούτων
2549 2442 2816 2514 ὑπάρξειν
2847 2440 3143 2500 ἀθάνατον,
3179 2438 3255 2509 μὴ
3293 2436 3704 2506 παλαιούμενον
3729 2450 3744 2465 ο
3771 2434 3805 2503 ἦ
3835 2434 3897 2485 δι’

2313 2536 2508 2606 ἑτέραν
2531 2531 2686 2598 αὖθις
2719 2534 3052 2604 μετάστασιν
3078 2531 3287 2602 ἑτέροις
3329 2530 3458 2588 τοὺς
3488 2528 3706 2582 ἑαυτῶν
3741 2544 3904 2580 κατα·

2313 2628 2565 2690 λιπόντες
2603 2629 2618 2668 ί
2678 2627 2932 2692 πόνους.
2961 2623 3120 2687 Τινὲς
3151 2624 3206 2677 δὲ
3252 2623 3346 2676 καὶ
3390 2621 3564 2675 ταῦτα
3611 2621 3692 2691 τῷ
3729 2618 3902 2690 καιρῷ

2313 2721 2411 2791 τῆς
2440 2717 2664 2791 πρώτης
2710 2716 3006 2787 ἐπιδημίας
3035 2717 3348 2782 ἀπέδωκαν,
3385 2716 3474 2768 ὅτε
3504 2715 3716 2775 πάντες
3753 2714 3906 2783 εἰρή-

2313 2831 2413 2882 νης
2445 2813 2800 2876 ἀπολαύουσι,
2832 2816 2928 2866 καὶ
2959 2809 3348 2884 χρηστότητος,
3383 2811 3432 2863 oi.
3463 2811 3522 2862 ὲν
3560 2807 3797 2878 Χριστῷ
3819 2806 3905 2861 διά

2317 2907 2557 2971 πίστεως
2615 2904 3037 2976 κατηραμένοι,
3083 2905 3279 2975 μηκέτι
3321 2903 3577 2974 πολέμοις
3625 2905 3725 2956 καὶ
3774 2901 3905 2971 σύμ·

2321 3001 2519 3068 φοραῖς
2542 2998 2610 3052 δι’
2635 2997 2910 3061 άσὲὁειαν,
2926 2996 3000 3059 ὡς
3015 2998 3066 3049 οἱ
3085 2995 3276 3062 πάλαι,
3299 2994 3749 3068 παραδιδόμενοι,
3778 2991 3907 3064 μηδὲ

2321 3090 2526 3161 ζημίαν
2548 3091 2915 3160 ὑπομένοντες
2931 3089 3042 3142 τῶν
3055 3089 3237 3153 αὐτοῖς
3270 3087 3737 3156 πεπονημένων,
3752 3102 3911 3138 πνευ-

2320 3182 2565 3253 ματικῶς
2591 3181 2967 3253 ἐντρυφῶντες
2992 3182 3050 3235 δὲ
3079 3183 3193 3246 τοῖς
3221 3179 3430 3234 ἑαυτῶν
3455 3179 3906 3249 κατορθώμασιν.

2318 3273 2424 3338 Οὓς
2449 3275 2625 3338 οὐδεὶς
2654 3275 2919 3330 άπελάσει
2949 3275 3050 3345 τῆς
3087 3274 3236 3346 παρὰ
3271 3273 3350 3344 τῷ
3379 3273 3583 3344 Πατέρι
3617 3273 3910 3344 δεδομένης

2323 3369 2492 3438 μονῆς
2523 3367 2670 3438 ζωὴν
2693 3369 2916 3441 ἔχοντας
2938 3369 3124 3437 ἁγίαν,
3146 3367 3288 3422 κατὰ
3310 3367 3406 3440 τὴν
3447 3367 3555 3439 πρὸ
3598 3368 3702 3438 τῆς
3747 3365 3910 3437 ’Δδὶιμ

2323 3460 2713 3531 παραϐάσεως.

2324 3553 2504 3620 qualis
2567 3561 2694 3608 ante
2767 3553 2962 3608 Adami
3027 3556 3524 3623 transgressionem
3580 3552 3689 3609 fuit
3729 3597 3745 3619 ,
3817 3567 3908 3626 p0-

2397 3737 2505 3792 Kal
2528 3736 2599 3790 τὰ
2619 3738 2788 3805 ἔργα,
2810 3735 2965 3806 φησὶ,
2988 3733 3105 3789 τῶν
3125 3735 3328 3788 πόνων
3344 3735 3546 3789 αὐτῶν
3558 3737 3634 3789 οὐ
3651 3736 3912 3792 παλαιῶς

2325 3843 2590 3882 σουσινσ
2635 3826 2782 3878 τοῦτ’
2819 3825 3002 3894 ἔστιν,
3033 3825 3406 3894 ἀμετάϐλητον
3453 3825 3634 3890 ἕξουσι
3677 3825 3788 3898 τὴν
3817 3829 3912 3879 τῶν

2325 3920 2616 3993 πρακτέων
2634 3918 2774 3972 ὀδόν.
2816 3918 2879 3971 Ἦ
2905 3917 3016 3990 γάρ
3041 3918 3265 3987 νομικὴ,
3299 3915 3537 3988 σκιώδης
3556 3913 3718 3982 οὖσα,
3762 3932 3914 3989 μετα‹

2326 4012 2488 4083 δολὴν
2518 4013 2584 4065 ὲκ
2616 4010 2803 4064 τύπων
2830 4013 2911 4073 είς
2939 4009 3198 4080 ἀλήθειαν
3232 4009 3548 4076 ὑπεδέξατο.
3579 4010 3646 4063 Ἦ
3679 4011 3748 4063 δὲ
3782 4012 3913 4064 κατὰ

2327 4106 2565 4176 Χριστὸν
2593 4105 2732 4167 ὁδὸς,
2761 4104 2837 4168 ὡς
2871 4102 3101 4174 ἀληθὴς,
3137 4102 3513 4174 άμετάὸλητος
3531 4120 3544 4133 ·
3572 4104 3673 4174 τῆς
3709 4104 3789 4175 μὴ
3811 4119 3913 4154 πα-

2328 4197 2645 4264 λαιότητος
2675 4193 2689 4247 i
2724 4194 2959 4248 ἐνταῦθα
2979 4195 3041 4248 τὸ
3068 4193 3316 4264 διηνεκὲς
3340 4193 3631 4264 δηλούσης,
3653 4195 3799 4264 ὅπερ
3825 4195 3915 4245 οὐκ

2330 4287 2486 4359 ἔσχον
2532 4289 2752 4341 ἐκεῖνοι.
2795 4285 2945 4356 Πρὸς
2981 4284 3092 4356 γὰρ
3130 4284 3365 4359 Χριστὸν
3394 4283 3613 4354 εἴρηται
3659 4283 3750 4346 τὸ,
3791 4301 3809 4335 ι
3857 4281 3912 4332 'll

2330 4376 2651 4447 δικαιοσύνη
2683 4393 2801 4443 σου,
2831 4376 3146 4446 δικαιοσύνη
3176 4377 3256 4439 είς
3284 4375 3376 4428 τὸν
3404 4376 3597 4440 αἰῶνα,
3634 4374 3738 4428 καὶ
3771 4376 3800 4428 ό
3828 4373 3911 4425 vc"

635 4471 787 4526 stitia
816 4470 871 4524 in
902 4481 1193 4536 aeternum,
1217 4482 1272 4527 et
1295 4473 1381 4530 lex
1413 4481 1508 4531 tua
1531 4478 1734 4535 veritas
1759 4481 1804 4513 ³⁷
1836 4521 1850 4535 .
1886 4500 1906 4534 ι
1935 4481 2042 4538 lsta
2066 4498 2211 4553 porri

2337 4485 2437 4539 μος
2463 4485 2557 4521 σου
2589 4466 2841 4538 ἀλήθεια.
2889 4485 2908 4519 ι
2939 4463 3128 4519 Ταῦτα
3169 4465 3227 4518 δὲ
3257 4465 3390 4529 Θεὸς
3418 4466 3478 4518 οὐ
3521 4467 3635 4527 τοῖς
3662 4463 3913 4535 τυχοῦσιν

635 4561 782 4618 Deus
822 4563 1116 4633 promittit,
1156 4579 1267 4619 non
1307 4566 1688 4636 quibuslibet;
1738 4571 1849 4627 imo
1884 4587 1986 4628 nec
2018 4575 2107 4641 iis,
2140 4576 2233 4644 qui

636 4664 937 4720 vocantur;
980 4664 1112 4710 sunt
1164 4657 1313 4711 enim
1391 4661 1573 4716 vocati
1622 4663 1834 4728 multi,
1886 4665 2047 4734 pauci
2099 4680 2230 4720 vero

635 4745 796 4801 electi
824 4745 891 4800 ³⁸.
912 4743 1034 4812 Quo
1065 4750 1145 4810 lit,
1179 4756 1240 4802 ut
1264 4749 1461 4806 electos
1497 4767 1623 4806 suos
1662 4754 1718 4807 in
1744 4771 1938 4809 uanum
1971 4771 2079 4810 non
2116 4771 2231 4812 esse

638 4832 978 4890 laboratura:
1006 4836 1365 4906 adjiciat.Qui
1387 4843 1534 4897 enim
1549 4841 1760 4901 Iudaeis
1781 4845 1912 4904 olim
1928 4859 2225 4918 praerant,

636 4947 764 4994 cum
824 4929 1085 4985 mandata
1141 4931 1430 4990 hominum
1487 4935 1755 4994 docerent
1795 4938 1862 5005 ”,
1927 4948 2114 5010 patres
2150 4940 2232 4995 illi

637 5021 860 5094 quidem
890 5021 1159 5077 doctrinae
1208 5024 1425 5081 ratione
1479 5041 1604 5082 sese
1655 5031 2019 5099 praestabant,
2052 5030 2148 5086 sed
2177 5032 2234 5086 in

640 5126 853 5174 uanum,
877 5122 926 5167 et
952 5113 1406 5172 maledictionem.
1439 5117 1655 5184 Quibus
1671 5119 1928 5177 eﬂ‘ectum
1960 5131 2046 5178 est
2063 5123 2236 5177 ratio.

642 5203 826 5268 nibus,
868 5212 925 5258 ut
959 5204 1195 5260 miseros
1222 5222 1347 5264 esse
1375 5223 1472 5264 eos
1521 5210 1786 5266 Salvator
1848 5212 2135 5267 aﬂirmarit
2167 5213 2234 5279 δ’,

639 5296 731 5366 qui
764 5310 913 5352 mare
954 5305 1009 5351 et
1046 5306 1249 5353 terram
1294 5298 1598 5357 circumire
1651 5317 1759 5357 non
1804 5301 2144 5365 dubitarent,
2177 5311 2238 5358 ut

710 5474 757 5505 “
781 5473 1174 5545 Dent.27,26;
1201 5475 1384 5533 Galat.
1425 5493 1509 5545 ιιι,
1543 5478 1628 5534 10.

640 5556 798 5612 xxiii,
845 5546 937 5602 15.

2332 4560 2757 4629 ἐπαγγέλλεται,
2783 4561 2846 4613 οὐ
2875 4559 2933 4614 δὲ
2965 4559 3090 4626 τοῖς
3117 4557 3386 4626 κλητοῖς.
3415 4557 3607 4611 Πολλοὶ
3637 4558 3756 4628 γὰρ
3789 4557 3902 4626 κλη-

2331 4654 2436 4716 τοὶ,
2465 4653 2642 4721 ὀλίγοι
2668 4653 2727 4708 δὲ
2757 4651 3028 4706 ἐκλεκτοί·
3059 4651 3126 4704 δι’
3156 4652 3327 4722 ὅνπερ
3359 4650 3386 4690 ιι
3410 4651 3605 4722 φησίν·
3640 4652 3714 4702 οι
3756 4650 3911 4704 ἐκλεο

2333 4744 2463 4799 uel
2479 4761 2602 4816 μου
2625 4747 2698 4800 οὐ
2727 4741 3136 4798 κοπιάσουσιν
3162 4745 3250 4806 εις
3287 4744 3487 4796 κενόν.
3521 4743 3586 4795 υἱ
3619 4741 3734 4813 γὰρ
3761 4740 3910 4794 πάλαι

2332 4835 2442 4891 τῶν
2511 4834 2785 4890 Ἰουδαίων
2832 4834 3167 4906 καθηγηταὶ,
3206 4833 3553 4899 διδάσκοντες
3606 4835 3911 4906 ἐντάλματα

2339 4926 2669 4998 ἀνθρώπων,
2720 4927 2960 4998 πατέρες
3015 4927 3114 4997 μὲν
3150 4927 3401 4996 ἐγένοντο
3460 4927 3605 4981 κατά
3659 4927 3908 4998 μάθησιν,

2341 5019 2460 5075 ἀλλ’
2488 5023 2576 5087 εἰς
2600 5018 2782 5075 κενὸν
2808 5020 2906 5074 καὶ
2938 5017 3224 5088 κατάραν.
3258 5019 3349 5072 Διὸ
3385 5019 3686 5085 ταλανίζων
3727 5018 3910 5080 αὐτοὺς

2341 5112 2529 5182 ἔλεγεν
2566 5116 2595 5168 δ
2640 5113 2833 5185 Σωτήρ
2857 5129 2871 5144 ·
2915 5115 2999 5168 ὅτι
3043 5113 3346 5186 Περιάγετε
3397 5114 3498 5184 τὴν
3523 5113 3799 5168 θάλασσαν
3830 5111 3909 5164 καὶ

2341 5206 2440 5272 τὴν
2470 5206 2667 5277 ξηρὰν,
2701 5207 2926 5276 ποιῆσαι
2963 5207 3060 5260 ἕνα
3095 5207 3457 5281 προσήλυτον.
3492 5209 3602 5261 Καὶ
3631 5207 3733 5262 ἐὰν
3761 5207 3907 5276 γένη·

2345 5316 2457 5364 ται,
2488 5302 2696 5352 ποιεῖτε
2745 5299 2911 5354 αὑτὸν
2942 5299 3063 5353 υἱὸν
3092 5298 3342 5371 γεέννης.
3376 5300 3490 5372 Οὐχ
3536 5299 3709 5364 οὕτως
3739 5299 3789 5353 oi
3826 5293 3907 5350 τοῦ

1781 5481 1824 5513 ³*
1853 5480 1999 5538 Psal.
2061 5496 2250 5547 cxvm,
2279 5481 2404 5536 142.
2480 5481 2524 5514 ³⁸
2547 5480 2737 5537 Matth.
2777 5496 2872 5547 xx,
2917 5481 3003 5538 i6.
3083 5481 3256 5538 “lsa.
3302 5497 3457 5549 xxxx,
3501 5479 3589 5536 15.
3665 5476 3904 5536 “Matth.

1943 5636 2178 5693 νΑιιιΑῑ.
2219 5637 2627 5697 LECTIONES.

714 5730 742 5770 ιι
787 5747 875 5798 rp.
908 5733 1137 5802 καρποῖς
1171 5731 1334 5795 ίδους.
1418 5735 1433 5773 ί
1464 5749 1554 5803 γρ.
1584 5729 2005 5797 καταλιπόντας.

2089 5731 2101 5782 i
2147 5750 2235 5802 γρ.
2267 5733 2630 5808 παλαιούσης.
2706 5736 2731 5777 ιι
2762 5754 2850 5806 πρ.
2879 5737 3094 5810 διόπερ.
