4046 6386
172 328 293 390 9697

1280 326 1809 390 COMMENTARII
1845 328 1929 391 IN
1968 325 2252 389 ISAIAM.

3259 328 3398 393 2698

173 446 410 515 Χριστοῦ.
476 446 710 516 Σπέρμα
770 447 878 517 γὰρ
944 444 1355 514 εὐλογημένον
1422 444 1592 497 ἔσται
1659 441 1721 494 τὸ

1831 457 1999 495 unum
2031 440 2365 510 proselytum
2427 436 2690 502 facerent,
2738 439 2830 494 ubi
2872 447 3052 493 autem
3091 439 3401 497 eiecissent

171 538 390 606 σπέρμα
421 535 637 592 αὐτῶν.

234 715 380 777 Τινὲς
420 714 477 768 δὲ
505 714 598 769 καὶ
630 714 789 769 τοῦτο
820 714 963 772 κατὰ
1005 715 1105 786 τὴν
1146 715 1570 782 παλιγγενεσίαν
1612 714 1727 768 ἑδέ-

170 808 331 872 ξαντο.
364 806 424 858 El
455 806 562 875 γάρ
599 823 743 869 τινες
783 807 997 861 ἔσονται
1046 808 1165 861 τότε
1198 807 1392 873 κόποι,
1442 808 1722 876 σωτήριοι,

170 900 252 951 καὶ
277 898 391 951 λίαν
438 897 607 966 ἡδεῖς,
657 897 801 960 οἴους
845 898 1208 963 ὑπομένουσιν
1262 896 1505 964 ἄγγελοι.
1566 896 1725 949 una

172 987 343 1059 μισθὶς
392 987 576 1051 αὐτοῖς
626 987 1038 1058 θησαυρίζεται.
1075 988 1213 1041 Οὐδὲ
1261 990 1335 1042 τὰ
1379 989 1724 1058 γεννήματα

168 1077 330 1129 αὐτῶν
349 1079 435 1142 εἰς
463 1077 753 1145 κατάραν,
780 1076 928 1130 τοῦτ’
957 1077 1105 1130 ἐστιν
1129 1079 1181 1132 οἱ
1204 1078 1485 1148 λογισμοὶ,
1502 1078 1604 1132 κᾶν
1631 1078 1724 1131 ἐπὶ

168 1170 270 1221 τῶν.
292 1169 607 1222 ἀποστόλων
626 1168 685 1221 δὲ
710 1170 1018 1240 νοήσωμεν,
1044 1166 1119 1225 ὧν
1155 1172 1387 1238 καρπὸς
1418 1173 1451 1242 ἡ
1493 1170 1722 1226 καθόλου

168 1265 254 1328 τῆς
283 1262 381 1330 γῆς
431 1262 747 1333 Ἐκκλησία,
790 1263 886 1317 καὶ
920 1264 1086 1317 τέκνα
1132 1266 1203 1317 τὰ
1229 1265 1323 1319 διὰ
1344 1266 1442 1336 τῆς
1470 1265 1565 1318 τοῦ
1601 1266 1725 1318 λου-

168 1356 280 1422 τροῦ
298 1356 713 1423 παλιγγενεσίας
735 1357 1037 1427 παράθεσιν
1060 1358 1171 1427 ἔχει
1195 1361 1332 1429 πρὸς
1347 1357 1415 1411 τὰ
1439 1357 1497 1423 ἐξ
1528 1357 1652 1411 mea
1663 1375 1721 1427 μ,

168 1442 219 1500 οὗ
240 1447 362 1517 πρὸς
378 1447 477 1516 τὴν
510 1449 742 1515 γυναῖκα
770 1448 1020 1502 λέλεκται
1054 1450 1134 1514 τὸ,
1173 1468 1192 1501 ‹
1227 1448 1318 1504 Ἑν
1351 1450 1552 1512 λύπαις
1592 1450 1722 1521 τέξῃ

168 1540 334 1591 τέκνα·
356 1559 372 1588 ι
397 1540 555 1593 κατὰ·
570 1538 766 1609 σάρκα
784 1542 892 1612 γὰρ
911 1542 1189 1610 ἐγέννων·
1206 1542 1272 1596 τὸ
1288 1543 1343 1596 δὲ
1362 1542 1599 1612 σπέρμα
1616 1544 1723 1595 τῶν

169 1630 458 1683 ἀποστόλων
487 1632 918 1703 εὐλογημένον.
949 1634 978 1685 ὅ
1009 1634 1406 1702 κατέσπειραν
1431 1636 1489 1686 ὲν
1522 1636 1724 1698 πάσαις

168 1724 270 1783 τοῖς
316 1721 690 1792 Ἐκκλησίαις,
719 1719 801 1788 οἷς
832 1724 897 1794 δὴ
926 1726 1023 1778 καὶ
1044 1725 1315 1780 λέλεκται·
1346 1726 1493 1794 Πρὶν
1514 1725 1725 1794 κεκράο

1829 533 2088 601 ςοΙιοιιηαι
2127 528 2297 582 lilium
2326 529 2572 584 reddere.
2598 530 2673 584 At»
2702 539 2788 584 est.
2833 530 2941 583 alia
2967 530 3175 585 Christi
3215 531 3400 586 l‘utura

1827 622 2071 678 conditio
2107 661 2120 674 .
2155 620 2272 675 Erit
2305 624 2442 675 enim
2463 638 2637 675 semen
2666 637 2846 675 eorum
2880 622 3229 678 benedictum.

1899 712 2034 766 Sunt
2066 712 2314 766 nonnulli
2348 720 2552 773 tamen,
2586 713 2685 780 qui
2717 713 2818 766 ista
2866 712 3030 767 etiam
3076 714 3141 767 ad
3176 727 3404 780 regene-

1828 807 2097 861 rationem
2148 807 2343 861 referri
2397 806 2707 861 voluerunt.
2765 807 2822 860 Si
2878 807 3057 869 enim,
3118 807 3399 876 inquiunt.

1828 904 1959 952 tunc
2013 899 2279 968 temporis
2332 898 2536 952 labores
2570 898 2735 968 aliqui
2773 898 2941 951 futuri
2995 907 3153 965 sunt,
3189 900 3400 954 saluta-

1826 1005 1917 1042 res
1984 990 2018 1043 ii
2046 991 2348 1058 etjucundi
2381 990 2562 1054 valde,
2611 992 2805 1061 quales
2855 992 3033 1061 angeli
3090 990 3398 1061 perierunt,

1828 1081 1993 1137 futuri
2023 1091 2189 1138 sunt:
2224 1083 2425 1152 quibus
2459 1098 2559 1138 sna
2594 1097 2806 1137 merces
2844 1082 3183 1139 reconditur.
3218 1083 3401 1154 Neque
3444 1084 3447 1089 ’

1828 1191 1956 1230 vero
1984 1192 2104 1245 quae
2134 1176 2235 1245 ipsi
2264 1175 2604 1245 generabant,
2645 1175 2719 1239 id}
2740 1184 2823 1230 est
2849 1190 2968 1244 qum
2996 1175 3181 1231 animo
3226 1184 3402 1246 partu-

1826 1269 1991 1334 rient,
2020 1268 2441 1323 maledictionem
2473 1282 2702 1338 passura
2736 1277 2904 1323 sunt:
2934 1269 3147 1325 etiamsi
3174 1270 3240 1322 de
3269 1285 3401 1338 apo-

1825 1363 1982 1417 stolis
2013 1363 2382 1432 intelligamus
2415 1378 2431 1427 ;
2462 1377 2695 1431 quorum
2742 1363 2946 1429 fructus
2994 1362 3108 1430 ipsa
3142 1371 3225 1416 est
3250 1363 3402 1418 orbis

1825 1452 2068 1507 universi
2097 1451 2434 1514 Ecclesia,et
2467 1450 2583 1514 lilii,
2616 1450 2715 1520 qui
2751 1465 2848 1520 per
2881 1452 3081 1505 lavacri
3108 1465 3401 1523 regenera-

1825 1540 2030 1594 tionem
2063 1540 2216 1605 editi,
2260 1540 2728 1609 comparationem
2778 1539 2986 1593 habent
3035 1554 3159 1592 cum
3192 1540 3402 1595 Adamn

1823 1632 2132 1702 prognatis,
2187 1631 2348 1701 cujus
2380 1632 2539 1684 uxori
2604 1646 2715 1685 non
2774 1630 2896 1685 sine
2957 1630 3149 1685 dolore
3197 1631 3402 1686 liberos

1827 1738 1959 1777 suos
1980 1738 2104 1779 esse
2150 1723 2454 1793 parituram
2488 1725 2804 1776 nuntiatum
2854 1730 2936 1776 est
2964 1722 3033 1776 “.
3070 1720 3400 1777 Generabant

170 1812 253 1877 Eat
298 1814 516 1875 αὐτοὺς.
566 1814 986 1885 ἐπακούσομαι
1035 1816 1239 1871 αὐτῶν.
1291 1818 1470 1889 Ὅπερ
1516 1818 1721 1886 ἐγίνετο

1824 1815 1971 1869 enim
2009 1807 2294 1869 secundum
2352 1830 2587 1869 carnem.
2630 1816 2701 1867 At
2741 1823 2827 1869 est
2872 1814 3198 1868 benedictum
3228 1831 3402 1867 semen

169 1904 715 1974 θαυματουργούντων
749 1907 931 1981 αὐτῶν
956 1910 1014 1960 ἐν
1032 1910 1155 1973 ταῖς
1193 1910 1462 1981 Πρὰξεσιν
1490 1910 1570 1973 εἰς
1595 1910 1721 1963 ἐπι-

170 1996 385 2065 στροφὴν
412 1996 523 2049 τῶν
572 1997 926 2066 καλουμένων
955 2000 1035 2062 εἷς
1074 2000 1276 2063 πίστιν,
1309 2000 1397 2053 ὅτε
1439 2000 1643 2064 πάντες
1671 2002 1721 2053 οἱ

168 2085 282 2153 πρὶν
303 2087 637 2157 ἁρπακτικοί
663 2105 722 2141 τε
748 2089 847 2143 καὶ
872 2088 1159 2161 θηριώδεις
1179 2090 1276 2161 τὴν
1297 2090 1466 2162 αὐτὴν
1486 2088 1632 2161 εἶχον
1663 2093 1721 2145 ὲν

179 2177 452 2247 Ἐκκλησία
480 2181 597 2243 τοῖς
630 2179 860 2251 ἡμέροις
889 2181 1139 2250 τροφὴν,
1169 2181 1395 2254 Γραφὴν
1439 2183 1537 2252 τὴν
1569 2184 1721 2238 θείαν

169 2272 454 2340 νεμόμενοι.
486 2273 596 2325 Καί
625 2291 709 2336 τις
760 2273 886 2345 ίὼδη
915 2276 1119 2347 τρόπον
1155 2276 1315 2347 ἔχων,
1345 2277 1539 2331 τούτου
1585 2295 1721 2330 παυ-

170 2363 379 2433 σάμενος
401 2366 611 2437 τροφὴν
633 2367 893 2437 ἐτρέφετο
929 2368 1174 2440 λογικὴν,
1210 2370 1330 2423 ἀντὶ
1372 2370 1495 2440 γῆς.
1529 2368 1719 2422 Τοιοῦ-

169 2472 241 2507 τοι
258 2455 310 2507 δὲ
335 2456 638 2524 γεγονότες,
670 2458 789 2521 πῶς
833 2458 914 2512 ἔτι
964 2460 1223 2529 βλάπτειν
1254 2461 1534 2533 ἠδύναντο.
1566 2462 1721 2515 Ἔστι

168 2543 217 2596 δὲ
247 2544 326 2597 διὰ
344 2544 551 2599 τούτων
584 2547 679 2598 καὶ
722 2547 833 2600 τῶν
864 2548 956 2601 δύο
983 2548 1129 2602 λαῶν
1151 2550 1387 2603 νοεῖσθαι
1415 2550 1513 2621 τὴν
1558 2553 1637 2612 εἰς
1664 2550 1721 2602 ἒν

174 2638 470 2709 συνδρομήν.
502 2638 583 2692 Τὰ
626 2639 725 2709 μὲν
754 2640 863 2712 γὰρ
888 2643 1009 2710 ἱερὰ
1040 2642 1176 2707 ζῶα,
1217 2644 1310 2695 καὶ
1343 2643 1554 2707 θυσίαις
1581 2644 1722 2697 κατὰ

172 2727 248 2779 τὸν
288 2729 443 2799 νόμον
497 2732 772 2802 ἁρμόδια,
826 2734 1081 2804 σημαίνει
1120 2735 1211 2789 τὸν
1250 2736 1488 2806 Ἰσραήλ.
1539 2736 1622 2790 Τὰ
1664 2735 1720 2788 δὲ

172 2819 353 2891 ἀνίερα,
376 2823 470 2875 καὶ
490 2822 681 2894 θηρία,
709 2826 835 2888 τοὺς
873 2827 1120 2890 ὲθνικοὺς
1149 2826 1299 2897 ὁμοῦ
1320 2827 1715 2897 τρεφομένου(

171 2911 230 2964 τά
254 2929 307 2964 τε
347 2912 462 2966 θεῖα
500 2915 822 2987 μαθήματα,
855 2917 950 2971 καὶ
979 2919 1071 2971 τὸν
1107 2918 1359 2989 οὐράνιον
1395 2919 1578 2989 ἄρτον.
1612 2920 1722 2990 Τή-

175 3021 245 3073 ρει
277 3004 347 3071 δὲ,
373 3005 447 3069 ὡς
484 3008 588 3061 οὐκ
622 3008 856 3079 εἴρηται,
900 3012 968 3064 τὰ
994 3012 1178 3085 ἥμερα
1214 3015 1314 3082 τῆς
1359 3013 1468 3065 τῶν
1517 3012 1721 3082 θηρίων

174 3094 395 3162 μεθέξειν
426 3098 662 3165 τροφῆς,
704 3098 841 3152 ἀλλὰ
870 3100 1205 3154 τούναντίον.
1242 3100 1581 3153 ’Λκολουθείν
1619 3100 1721 3170 γὰρ

171 3183 262 3236 εδει
280 3184 346 3238 τὰ
367 3186 540 3257 χείρω
570 3188 682 3249 τοῖς
712 3189 1040 3258 κρείττοσιν,
1066 3190 1142 3253 ὡς
1171 3192 1283 3253 τοῖς
1308 3191 1626 3254 ἀποστόλοις
1653 3193 1721 3246 τὰ
1747 3173 1790 3232 C

170 3272 299 3341 ἔθνη.
330 3276 469 3345 Πρδς
502 3276 561 3329 δὲ
579 3277 707 3341 τοὺς
738 3279 1019 3349 οἰομένους
1063 3282 1130 3335 τὰ
1160 3281 1289 3350 ἔθνη
1311 3280 1515 3335 τούτων
1537 3283 1720 3351 τυχεῖν

182 3365 440 3433 Ἰουδαίους
487 3371 549 3423 ὲν
590 3374 657 3441 τῇ
700 3372 909 3444 παλαιᾷ
952 3373 1332 3445 Ἰερουσαλὴμ,
1372 3375 1609 3446 ἐροῦμεν
1645 3376 1721 3438 ὼς

171 3460 375 3530 οὐδαμοῦ
424 3463 609 3516 αὐτῶν
636 3466 696 3518 ὲν
728 3465 939 3529 τούτοις
967 3466 1059 3520 ἐπ’
1100 3467 1325 3535 ἀγαθοῖς
1358 3469 1568 3538 μνήμη,
1603 3466 1717 3521 ἀλλ’

174 3552 511 3623 ἀσεϐημάτων
554 3555 867 3627 ὀνειδισμοί.
898 3557 962 3609 Τί
1014 3557 1072 3610 δὲ
1116 3559 1179 3613 τὸ
1218 3561 1516 3628 ἀναγκαῖον
1542 3560 1612 3612 ἐν
1638 3558 1718 3623 τῷ

171 3642 295 3710 ἁγίῳ
332 3646 447 3713 ὄρει
505 3646 669 3718 θηρία
694 3649 1021 3717 τυγχάνειν,
1081 3650 1152 3702 Ἢ
1185 3650 1303 3712 πῶς
1353 3650 1511 3704 τοῦτο
1570 3650 1719 3714 θείας

171 3734 299 3800 ἄξιον
319 3740 686 3807 ὲπαγγελίας;
716 3741 893 3808 ὅρους
922 3742 978 3796 δὲ
1008 3741 1271 3813 μνησθεὶς
1296 3743 1470 3811 ἁγίου
1519 3742 1682 3813 φησίν
1702 3759 1716 3774 ο

183 3827 236 3884 Ὀ
268 3834 520 3901 οὐρανός
554 3852 657 3904 μοι
699 3836 932 3902 θρόνος,
966 3836 1161 3891 καὶτὰ
1205 3837 1291 3889 ἐπ’
1331 3835 1500 3905 αὐτῷ.
1544 3838 1620 3889 Δι’
1644 3830 1719 3895 ὧν

172 3922 421 3991 προδήλως
450 3930 797 3997 παραινεῖται
828 3929 930 3999 τὴν
950 3928 1042 3982 ἐπὶ
1067 3929 1170 4000 γῆς
1198 3928 1576 4000 Ἰερουσαλὴμ,
1606 3926 1717 4000 [ἣν]

172 4012 432 4068 ἀκόλουθον
486 4017 747 4088 τοιαύτην
793 4014 932 4072 εἶναι
983 4020 1375 4087 φαντάζεσθαι.
1410 4021 1520 4075 Καὶ
1565 4020 1720 4077 λαὸν

172 4103 264 4174 γὰρ
286 4110 491 4162 καινὸν
521 4109 646 4182 ἔφη,
673 4112 771 4164 καὶ
801 4110 993 4181 ὄνομα
1030 4115 1259 4170 καινόν.
1297 4113 1506 4177 ’Δλλως
1537 4131 1595 4168 τε
1625 4114 1719 4169 καὶ

172 4193 302 4249 εἶπεν
322 4202 389 4252 οὺ
423 4200 513 4271 μὴ
550 4202 871 4271 ymo-01307.
906 4204 1024 4257 τῶν
1046 4205 1349 4274 προτέρων
1387 4205 1497 4260 ἔτι.
1530 4206 1629 4260 Διὰ
1660 4207 1717 4260 δὲ

174 4286 262 4340 τῶν
287 4290 423 4360 ἑξῆς,
447 4296 545 4347 καὶ
569 4295 639 4348 τὰ
676 4293 693 4331 ὶ
729 4295 919 4360 θυσίας
964 4296 1144 4349 αὐτῶν
1183 4299 1609 4370 ἀποστρέφεται,
1648 4298 1716 4352 δι’

173 4371 234 4430 ὧν
273 4383 539 4453 ὲνὸμιζον“
569 4386 833 4451 εὐσεϐεῖν,
894 4389 986 4443 τὸν
1030 4392 1302 4455 ταπεινὸν,
1361 4396 1456 4445 καὶ
1495 4393 1717 4462 ἡσύχιον

176 4473 315 4537 μόνον
344 4478 758 4548 ἀποδεχόμενος.
794 4479 938 4550 Πρὸς
965 4479 1021 4533 δὲ
1051 4481 1112 4533 τὸ
1159 4481 1333 4552 παρὸν
1377 4482 1539 4552 ῥητὸν
1579 4482 1714 4551 ἔφα-

177 4564 259 4615 σάν
284 4584 437 4635 τινες,
464 4570 541 4633 ὡς
564 4571 775 4634 ,ἱκανῶς
812 4574 1251 4641 μυσταγωγήσας
1282 4573 1403 4636 τοὺς
1446 4573 1710 4638 ὲθνικοὺς,

177 4654 464 4719 μεθίσταται
496 4660 683 4714 λοιπὸν
711 4664 798 4715 ἐπ’
827 4662 987 4731 αὑτὸν
1021 4662 1123 4734 ἥδη
1149 4663 1240 4717 τὸν
1278 4664 1516 4735 Ἰσραὴλ,
1558 4666 1714 4720 ἀποί-

175 4759 265 4797 saw
296 4749 448 4803 αὑτὸν
470 4751 569 4821 τῆς
597 4754 773 4814 σκιᾶς.

1827 1910 2225 1972 apostolorum,
2258 1906 2404 1976 quod
2434 1905 2490 1959 in
2529 1905 2793 1960 Ecclesiis
2813 1904 3071 1959 omnibus
3102 1905 3139 1958 ii
3170 1905 3401 1958 semina-

1828 2007 1985 2057 runt:
2019 1998 2220 2066 quibus
2266 2007 2544 2067 antequam
2606 1997 2896 2051 etantarent
2932 2014 2967 2049 a
3011 2013 3067 2051 se
3095 1996 3401 2050 esttraditum

1826 2090 1894 2143 iri
1929 2090 2206 2158 pollicitus
2239 2098 2326 2144 est
2358 2089 2643 2144 Dominus.
2680 2088 2843 2155 Quod
2876 2104 2942 2143 eo
2983 2098 3232 2157 tempore
3262 2104 3403 2157 prte—

1828 2180 1992 2243 Stitit,
2023 2195 2131 2249 quo
2170 2182 2422 2249 patratis,
2451 2189 2510 2233 ut
2539 2180 2799 2234 Actorum
2838 2189 3028 2234 narrat
3080 2180 3310 2234 historia
3335 2180 3402 2241 “,

1828 2276 1881 2330 in
1917 2290 2106 2331 eorum
2160 2275 2541 2340 conversione,
2592 2274 2686 2343 qui
2733 2273 2800 2327 ad
2833 2273 2993 2328 tidem
3041 2274 3402 2335 vocabantur,

1829 2367 2136 2433 miraculis,
2163 2368 2258 2436 qui
2288 2367 2449 2435 prius
2504 2367 2688 2435 rapaci
2717 2374 2771 2420 et
2810 2365 2979 2438 748
3022 2365 3203 2421 ferino
3251 2380 3406 2421 more

1828 2458 2105 2523 vivebant,
2123 2457 2313 2513 eodem
2333 2472 2525 2512 omnes
2549 2456 2686 2518 cibo,
2721 2456 2775 2510 id
2801 2466 2907 2517 est,
2938 2457 3227 2526 Scriptura
3248 2472 3403 2512 sacra

1827 2565 1953 2604 cum
1983 2549 2266 2603 cicuribus
2285 2558 2337 2603 et
2375 2548 2703 2614 mansuetis,
2733 2550 2786 2601 in
2814 2547 3072 2613 Ecclesia,
3100 2549 3250 2617 pasci
3274 2562 3408 2603 (ξοη-

1826 2642 1968 2708 tigit.
2010 2639 2123 2695 [mo
2153 2650 2206 2694 et
2235 2642 2330 2710 qui
2360 2640 2611 2695 moribus
2666 2651 2823 2694 erant
2856 2643 3164 2704 venenatis,
3210 2642 3403 2697 iisdem

1827 2732 2093 2801 depositis
2124 2747 2231 2785 non
2265 2742 2411 2786 terra
2442 2732 2695 2802 amplius,
2723 2736 2816 2787 sed
2843 2735 3100 2789 rationali
3130 2735 3255 2790 cibo
3304 2752 3406 2789 nu-

1829 2825 2152 2880 triebantur.
2189 2824 2466 2892 Ejusmodi
2511 2833 2691 2880 autem
2726 2840 2849 2879 cum
2887 2826 3121 2881 abierint
3180 2830 3273 2899 qui
3302 2844 3401 2884 no»

1828 2929 1954 2969 cere
1975 2914 2089 2983 jam
2119 2916 2373 2969 valeant?
2407 2913 2504 2970 Eat
2532 2930 2661 2969 vero
2694 2929 2791 2983 per
2818 2915 3006 2970 istluec
3056 2918 3221 2970 etiam
3267 2918 3404 2971 duo-

1827 3020 1950 3058 rum
2007 3007 2331 3075 populorum
2384 3020 2689 3060 concursus
2725 3006 2780 3058 in
2808 3021 2978 3059 unum
3033 3007 3399 3077 signiﬁcatus.

1830 3097 2013 3152 Sacris
2043 3096 2189 3151 enim
2221 3096 2576 3160 animalibus,
2611 3104 2665 3150 et
2690 3096 2756 3150 ad
2805 3097 3205 3153 sacriﬁciorum
3242 3114 3400 3154 usum

1824 3188 2128 3244 secundum
2170 3188 2342 3257 legem
2392 3187 2850 3256 congruentibus,
2887 3188 3143 3243 lsraelem
3194 3190 3403 3260 signiﬁ-

1823 3279 2033 3336 licavit:
2071 3288 2127 3334 ut
2157 3294 2251 3346 per
2313 3277 2543 3348 profana
2575 3286 2627 3334 et
2691 3278 2825 3341 fera,
2849 3287 3038 3347 gentes
3082 3281 3254 3350 ipsas,
3280 3298 3400 3350 qua:

1823 3372 1876 3425 in
1907 3372 2083 3426 Sacris
2099 3370 2605 3440 simuldisciplinis,
2632 3371 2957 3439 caelestique
2988 3387 3125 3441 pane
3150 3375 3399 3429 nutriun-

1824 3473 1932 3519 tur.
1962 3464 2201 3519 Observa
2238 3471 2443 3526 autem,
2486 3473 2546 3516 ut
2580 3479 2702 3533 qua:
2730 3475 3014 3519 mansueta
3062 3476 3210 3531 sunt,
3255 3467 3400 3522 fero-

1822 3574 1942 3611 rum
1979 3556 2225 3612 alimenti
2258 3556 2544 3625 participia
2587 3554 2704 3611 fore
2766 3573 2877 3609 non
2920 3556 3091 3624 dixit;
3129 3557 3223 3613 sed
3267 3573 3399 3614 cou-

1823 3659 1927 3705 tra.
1986 3648 2177 3707 Decuit
2221 3648 2367 3705 enim
2413 3664 2535 3717 quae
2586 3648 2858 3703 deteriora
2907 3661 3057 3715 sunt,
3108 3666 3171 3705 ea
3218 3653 3397 3722 sequi,

1820 3755 1942 3810 quae
1965 3739 2359 3811 prastantioris
2374 3748 2556 3795 essent
2581 3740 2945 3806 conditionis;
2979 3753 3036 3796 ut
3065 3751 3254 3812 gentes
3272 3760 3403 3815 apo-

1820 3833 2015 3889 stolos.
2044 3831 2306 3888 Utautem
2336 3834 2405 3888 iis
2430 3833 2985 3903 respondeantus,qui
3004 3833 3398 3891 deludaorum

1822 3942 2079 3991 numero,
2111 3927 2367 3997 gentibus
2412 3927 2514 3981 ista
2547 3930 2602 3980 in
2639 3936 2822 3982 vetere
2872 3926 3175 3987 Jerusalem
3228 3930 3400 3983 conti-

1821 4021 1965 4090 gisse
2012 4020 2387 4075 arbitrantur:
2434 4020 2681 4075 dicemus
2710 4035 2907 4086 eorum
2935 4021 3023 4074 Itic
3058 4020 3211 4074 nullo
3239 4021 3400 4075 modo

1821 4114 1874 4168 in
1897 4114 2166 4169 bonorum
2202 4113 2416 4168 ratione
2442 4113 2773 4167 mentionem
2808 4111 3057 4177 ﬁeri,sed
3087 4112 3397 4181 impietates

1819 4205 2132 4275 exprobari.
2167 4203 2397 4264 Deinde.
2431 4203 2529 4272 qui,
2551 4203 3006 4259 eratnecessc‘in
3022 4212 3197 4258 monte
3212 4214 3396 4255 sancto
3476 4214 3479 4215 '

1822 4298 1966 4353 teras
1988 4296 2152 4351 esse?
2180 4304 2274 4349 aut
2325 4311 2437 4364 quo
2466 4306 2628 4365 pacto
2663 4294 2827 4351 fuerit
2868 4295 3010 4351 istud
3047 4294 3230 4351 divina
3269 4309 3397 4363 pro-

1821 4390 2086 4445 missione
2110 4404 2219 4442 non
2243 4388 2570 4459 indignum?
2621 4388 2763 4441 facta
2796 4402 2959 4457 porro
2983 4388 3155 4441 sancti
3199 4388 3394 4441 montis

1822 4482 2121 4546 mentione,
2154 4480 2341 4535 caelum
2371 4482 2572 4549 ipsum,
2622 4489 2677 4535 et
2703 4496 2825 4548 quae
2858 4480 2911 4535 in
2943 4494 3009 4536 eo
3038 4490 3187 4544 sunt,
3219 4477 3396 4532 sedem

1821 4571 1924 4626 sibi
1949 4587 2061 4625 esse
2090 4572 2313 4639 adjicit:
2347 4570 2548 4640 quibus
2593 4570 2775 4624 verbis
2802 4568 3132 4633 Jerusalem,
3183 4585 3303 4638 qua:
3338 4569 3393 4623 in

1819 4664 1982 4719 terris
2013 4670 2118 4725 est,
2149 4672 2335 4733 aperte
2367 4661 2608 4730 respuit;
2641 4675 2805 4731 quam
2843 4660 2967 4715 ideo
3001 4661 3162 4715 talem
3209 4660 3395 4715 haberi

1821 4774 1930 4813 non
1965 4739 2149 4811 fuerit
2179 4758 2565 4825 incongruum,
2618 4754 2762 4823 quod
2809 4754 3061 4822 populant
3116 4763 3392 4814 recentem.

176 4851 427 4909 nomenque
452 4860 636 4897 novum
680 4844 982 4898 habituram
1021 4845 1264 4912 monuit;
1294 4846 1549 4917 quodque
1576 4848 1711 4903 alias
1783 4850 2020 4918 priorum
2055 4862 2159 4901 non
2222 4863 2335 4900 esse
2390 4844 2759 4899 recordaturos
2804 4846 3032 4914 amplius
3085 4844 3390 4898 allirntavit.

176 4929 260 4985 I’er
280 4949 337 4987 ca
373 4952 554 5005 porro,
617 4953 741 5007 qua:
811 4947 1139 5007 sequuntur,
1190 4950 1243 4994 et
1284 4956 1475 4995 eorum
1512 4945 1784 4998 sacriﬁcia
1823 4954 2278 5014 aversatur;.per
2302 4958 2425 5013 qua:
2449 4956 2508 4997 se
2532 4941 2927 5012 piosexsistere
2952 4942 3242 5011 putabant,
3268 4954 3393 4993 cum

176 5030 401 5085 humilem
431 5042 642 5087 tantum
686 5048 741 5089 et
765 5036 1013 5106 quietum
1034 5039 1441 5109 ,amplectatur.
1477 5040 1555 5095 Ad
1608 5042 1723 5097 haec
1758 5053 1940 5098 autem
1970 5043 2137 5097 verba
2154 5058 2260 5096 non
2294 5042 2514 5107 desunt,
2542 5040 2633 5111 qui
2660 5049 2937 5103 moneant,
2998 5038 3090 5099 ubi
3139 5037 3393 5093 ethnicos

176 5122 291 5176 satis
310 5127 562 5195 mysteria
593 5126 891 5190 docuisset,
928 5128 1189 5199 deinceps
1221 5130 1290 5185 ad
1324 5132 1502 5201 ipsum
1533 5135 1798 5190 continuo
1834 5134 2091 5191 lsraelem
2131 5134 2416 5200 transisse,
2490 5142 2548 5188 ut
2581 5146 2707 5187 eum
2758 5132 2951 5187 umbra
3009 5131 3284 5185 liberaret.

720 5220 967 5274 ΚΕΦΔΛ.
987 5219 1123 5288 sq'.

232 5306 318 5360 (ιδ’.
344 5309 536 5376 Οὕτως
564 5310 730 5379 λέγει
778 5311 991 5379 Κύριος
1010 5328 1026 5344 ⁸
1070 5313 1133 5366 '0
1162 5315 1420 5383 οὐρανός
1460 5334 1559 5385 μοι
1580 5316 1713 5383 θρό-

171 5406 277 5462 νος,
304 5401 395 5455 καὶ
434 5402 472 5469 ἠ
503 5404 579 5474 γῆ
620 5402 957 5458 ὑποπόδιον
990 5405 1107 5460 τῶν
1134 5405 1335 5460 ποδῶν
1365 5425 1505 5478 μου.
1533 5408 1714 5462 Ποῖον

229 5574 265 5606 ⁸¹
285 5576 410 5634 Gen.
459 5598 542 5648 Ill,
598 5583 684 5638 l6.
760 5584 956 5639 "Act.
1000 5585 1175 5650 11,45.

2410 5225 2562 5281 CAP.
2603 5223 2790 5280 LXVI.

1890 5320 2059 5375 Vsus.
2089 5320 2204 5375 1-4.
2239 5317 2327 5373 Sic
2358 5318 2488 5372 dicit
2519 5317 2780 5372 Dominus
2804 5333 2823 5371 :
2846 5315 3045 5371 Cwlum
3073 5315 3218 5369 sedes
3252 5330 3388 5367 mea.

1817 5421 1866 5465 et
1899 5421 2042 5465 terra
2071 5410 2360 5467 scabellum
2414 5409 2603 5482 pedatu
2653 5425 2907 5464 meorum.
2972 5406 3102 5472 Qua:
3159 5414 3238 5460 est
3284 5405 3388 5458 ista

1421 5674 1655 5734 νΑιιιΑξ
1696 5671 2095 5729 LECTlONES.

238 5761 250 5800 ¹
285 5786 363 5834 γρ.
395 5772 508 5834 τὰς.

328 5812 363 5824 ..
395 5786 508 5834 τας.

285 5786 345 5837 γρ
472 5869 741 5929 Pauor“
776 5868 889 5932 Gn.
929 5865 1310 5928 LXXXVII.

2989 5866 3068 5929 85
