4046 6386
625 319 777 383 9.699

1908 314 2260 376 PROCOPII
2290 313 2532 374 GAZ/EI

3787 314 3895 378 τοο

627 433 845 497 donius,
875 447 1036 501 quam
1064 428 1400 500 (ediﬁcabitis
1437 427 1610 483 mihi?
1642 435 1692 480 et
1723 428 1841 498 quis
1885 439 1968 483 est
2001 429 2100 482 iste
2139 427 2218 482 ιο-

2335 423 2493 482 alacer
2516 427 2945 498 οἰκοδομήσετέ
2965 446 3071 498 μοι
3096 445 3115 493 ε
3143 429 3240 483 καὶ
3267 428 3440 494 ποῖος
3463 428 3649 492 τόπος
3669 425 3769 494 τῆς
3789 447 3895 482 ιω-

629 541 728 579 cus
753 521 1090 593 requietionis
1113 538 1241 576 mew
1262 521 1288 575 ?
1316 531 1421 577 etc.

705 615 802 671 Est
830 630 960 669 vero
994 615 1232 669 humano
1265 632 1415 671 more
1439 617 1681 682 locutus,
1712 631 1835 670 cum
1861 613 2002 669 sedis
2024 621 2080 667 ct
2102 628 2223 666 sca-

635 708 761 763 belli
790 707 1014 761 nomina
1043 707 1352 776 usurpavit.
1384 709 1457 764 De
1478 711 1760 780 sacriﬁciis
1784 724 1916 764 vero
1954 707 2089 777 ipsis
2113 721 2221 760 non

639 800 989 858 dissimiliter
1020 801 1244 858 locutus
1274 813 1358 858 est
1390 793 1444 856 et
1497 803 1692 868 David,
1733 803 1821 857 ubi
1852 804 1903 856 in
1943 802 2056 855 haec
2103 817 2225 854 vei-

637 895 707 950 ba
771 895 847 949 ait
887 911 902 950 :
953 913 972 946 ι
1021 893 1077 948 Si
1134 897 1419 959 esuriero,
1464 912 1646 952 uoune
1689 896 1866 951 dicam
1912 894 2055 949 tibi?
2094 907 2226 946 mea:

639 987 914 1058 siquidem
949 996 1292 1043 suntomnes
1326 986 1456 1043 fera:
1492 989 1669 1060 agri”
1699 1009 1746 1052 ,ι
1807 997 1862 1042 et
1895 1003 2022 1057 quin
2067 986 2224 1041 dein-

637 1095 791 1150 ceps.
821 1080 890 1133 At
920 1079 1208 1149 propheta,
1263 1079 1504 1148 rejectis,
1549 1080 1962 1151 repudiatisqne
2014 1076 2226 1132 sacriﬁ-

635 1169 764 1231 ciis,
807 1169 1180 1237 evangelicum
1225 1170 1396 1239 legem
1432 1170 1597 1242 749
1650 1170 1999 1242 (humilitate,
2032 1181 2077 1222 et
2115 1180 2222 1220 tre-

638 1278 802 1324 more,
829 1262 992 1314 etiam
1051 1261 1380 1330 praepositis)
1413 1262 1738 1316 introducit.
1772 1259 1870 1314 Est
1895 1267 2077 1313 autem
2105 1259 2226 1310 aui-

637 1351 1116 1417 niadverteudum,
1135 1352 1302 1406 scribi
1330 1366 1462 1418 non,
1481 1352 1694 1421 iniquus
1713 1361 1911 1415 autem,
1938 1358 1997 1406 ut
2013 1351 2226 1406 caeteris

638 1444 837 1513 placet,
861 1443 980 1508 sed,
1013 1443 1103 1513 qui
1137 1443 1378 1497 immolat
1410 1445 1609 1497 bovem.

703 1536 911 1604 Adjicit
939 1535 1137 1592 deinde
1169 1535 1410 1600 lsraclis,
1440 1537 1801 1606 quantumvis
1829 1537 2227 1608 primogenitus

632 1629 733 1696 sit,
769 1629 1057 1700 rejicieudi
1091 1644 1358 1697 causam;
1391 1645 1514 1685 cum
1545 1632 1658 1685 vias
1701 1648 1831 1686 suas
1876 1647 1970 1687 eos
2015 1633 2228 1701 elegisse

633 1725 796 1788 dicit,
830 1724 925 1794 qui
961 1724 1016 1777 in
1061 1723 1227 1778 rebus
1265 1726 1601 1780 necessariis
1641 1725 1879 1795 iniustos
1921 1740 1981 1779 se
2015 1725 2228 1794 iudices

2329 519 2684 587 ταπαὺσεώς
2701 538 2860 589 pou;
2891 538 2945 575 κ.
2971 539 3024 575 τ.
3053 520 3104 576 λ.

2414 612 2798 682 Ἀνθρωπίνως
2831 612 2888 666 δὲ
2930 613 2991 666 τὺ
3034 613 3269 680 θρόνος,
3306 612 3402 667 καὶ
3460 612 3528 668 τὸ
3578 612 3904 667 ὑποπόδιον

2331 706 2569 776 εἴρηται.
2599 706 2737 776 Περὶ
2758 705 2815 759 δὲ
2844 706 2951 760 τῶν
2979 707 3200 774 θηρίων
3239 706 3548 775 συμφώνως
3583 705 3771 775 ψάλλει
3796 710 3902 759 Δα-

2333 799 2417 852 ϐίδ
2441 813 2455 829 ο
2491 817 2510 852 ι
2557 798 2682 852 Ἐὰν
2716 801 2977 862 πεινάσω,
3009 800 3069 852 οὐ
3108 799 3182 870 μή
3210 815 3292 852 σοι
3314 801 3489 863 εῐπω;
3521 799 3633 864 ἐμὰ
3669 800 3770 867 γάρ
3790 802 3907 852 ἐστι

2333 892 2510 946 πάντα
2534 892 2605 946 τὰ
2648 891 2813 964 θηρία
2851 890 2948 945 τοῦ
2981 890 3174 959 ἀγροῦ,
3224 908 3242 940 ι
3291 889 3387 944 atat
3415 889 3489 943 τὰ
3525 889 3784 960 ἑπόμενα.
3848 891 3906 944 'U

2330 984 2388 1037 δὲ
2416 985 2705 1057 προφήτης
2734 985 2831 1048 τὰς
2858 983 3047 1046 θυσίας
3077 980 3391 1046 ἀποϐαλὼν,
3421 981 3521 1054 τὴν
3550 981 3909 1050 εὐαγγελικὴν

2328 1079 2623 1148 εἰσήγαγεν
2674 1076 2965 1140 πολιτείαν,
2999 1076 3064 1130 τὸ
3097 1076 3403 1137 ταπεινὸν,
3446 1074 3546 1128 καὶ
3578 1072 3786 1142 πρᾶον,
3814 1075 3910 1126 21".

2327 1170 2557 1232 εὺλ;.ϐὲς
2599 1169 2900 1241 προτίμων.
2937 1170 2997 1222 οὐ
3038 1171 3217 1222 κεῖται
3244 1168 3300 1222 δὲ
3335 1167 3478 1221 κατὰ
3514 1167 3642 1230 τοὺς
3672 1167 3906 1232 λοιποὺς,

2328 1266 2362 1316 ό
2389 1261 2459 1316 δὲ
2496 1263 2742 1332 ἄνομος,
2781 1262 2895 1314 ἀλλ’
2924 1264 2956 1314 ὀ
2981 1260 3050 1314 δὲ
3071 1257 3392 1330 σφαδάζων
3421 1260 3685 1330 μόσχον.

2401 1526 2514 1598 Τὴν
2541 1526 2596 1579 δὲ
2621 1528 2719 1598 τῆς
2751 1527 3024 1599 ἀποϐολῆς
3057 1527 3150 1583 τοῦ
3185 1527 3405 1600 Ἰσραὴλ
3458 1528 3640 1583 αἰτίαν
3679 1528 3770 1582 καί
3827 1543 3912 1582 τοι

2329 1623 2681 1690 πρωτοτόκου
2731 1622 3038 1690 γεγονότος,
3094 1621 3288 1690 ἐπάγει
3341 1622 3520 1686 λέγων
3557 1637 3571 1652 ⁸
3631 1622 3736 1675 Καὶ
3763 1614 3914 1675 οὗτοι

2328 1712 2690 1779 ἐξελέξαντο
2716 1715 2823 1781 τὰς
2849 1714 3031 1781 ὀδοὺς
3059 1713 3279 1780 αὐτῶν,
3305 1716 3404 1768 οὐκ
3453 1715 3604 1786 ὀρθοὶ
3632 1716 3914 1782 γεγονότες

639 1817 1016 1886 praebuerunt,
1071 1830 1210 1885 quos
1259 1816 1387 1871 duci
1441 1815 1666 1870 Christo
1715 1831 1910 1885 parere
1961 1816 2224 1885 oportuit.

2335 1817 2388 1868 ὲν
2443 1810 2765 1878 ἀναγκαίοις
2827 1812 3117 1881 πράγμασι
3161 1810 3438 1874 δικασταὶ,
3495 1812 3613 1863 δέον
3666 1811 3915 1876 εἰσηγου-

642 1907 938 1975 lleiuceps,
985 1905 1116 1976 quia
1167 1907 1232 1959 ad
1279 1913 1520 1960 veterem
1553 1904 1718 1958 etiam
1764 1905 2127 1974 impietatem,
2175 1915 2229 1960 et

637 1996 1066 2050 abominationes
1101 1997 1334 2050 rediisse
1360 1997 1476 2061 ait;
1514 2003 1569 2050 et
1597 2010 1659 2049 se
1697 2011 1920 2066 quoque
1952 1995 2227 2051 illusioues

636 2107 844 2156 eorum,
880 2090 932 2143 id
967 2099 1070 2155 est,
1099 2091 1396 2146 illudentes
1431 2090 1566 2160 ipsis
1593 2098 1649 2142 et
1673 2089 2004 2146 insultantes
2029 2090 2230 2146 Itonia-

638 2197 764 2244 nos,
805 2181 1101 2235 electurum
1151 2197 1213 2237 ea
1265 2183 1333 2237 de
1383 2196 1554 2237 causa
1604 2182 1915 2252 signiﬁcat;
1969 2186 2228 2252 quod,ut

639 2273 807 2326 etiam
858 2284 1019 2328 antea
1072 2274 1284 2328 dictum
1337 2282 1444 2339 est,
1505 2277 1678 2329 vocati
1728 2294 1831 2330 non
1883 2279 2226 2333 attenderint.

650 2363 877 2420 Vocates
910 2374 1096 2419 autem
1129 2366 1302 2422 fuisse
1332 2367 1422 2421 vel
1459 2367 1584 2422 istis
1617 2372 1950 2433 constiterit,
1989 2371 2082 2424 tibi
2117 2370 2226 2424 ait:

645 2477 664 2509 ί
709 2458 974 2514 Accedite
1015 2459 1078 2511 ad
1113 2475 1219 2524 me,
1261 2475 1456 2515 oiuues
1487 2463 1581 2528 qui
1610 2460 1876 2517 laboratis
1919 2470 1975 2516 et
2015 2463 2227 2518 onerati

639 2551 806 2614 estis;
840 2557 894 2605 et
949 2565 1050 2621 ego
1101 2549 1346 2604 reﬁciam
1382 2569 1480 2606 vos
1513 2551 1580 2606 “.
1617 2571 1635 2604 ι
1675 2556 1942 2607 (ῖιυιθτυιιι
1993 2569 2115 2623 quae
2164 2556 2232 2610 de

640 2644 803 2697 annis
835 2643 976 2696 diota
1003 2656 1152 2708 sunt,
1185 2643 1251 2696 ad
1282 2643 1559 2699 diuturna:
1586 2647 1710 2700 vita:
1761 2657 2006 2715 tempora
2040 2643 2229 2702 referri

642 2735 973 2804 simpliciter
1007 2735 1357 2790 arbitrantur
1403 2741 1683 2801 nonnulli;
1730 2741 1775 2792 si
1815 2739 1961 2809 leges
1991 2755 2086 2795 eos
2128 2741 2229 2794 ob-

643 2841 871 2883 scrvare
907 2822 1218 2896 contingat.
1249 2830 1324 2882 Ita
1353 2832 1496 2884 enim
1540 2841 1593 2884 et
1629 2833 1907 2900 regionem
1943 2832 2231 2889 habituros

639 2935 764 2975 esse
788 2920 1289 2991 inexpugnabilem,
1312 2933 1364 2976 et
1390 2921 1627 2986 fruetus,
1653 2933 1912 2994 tanquam
1941 2924 1996 2977 iu
2034 2927 2229 2991 hortis,

639 3019 910 3082 perpetuo
932 3013 1180 3083 vigentes
1207 3033 1220 3068 :
1261 3031 1382 3084 qua:
1417 3031 1541 3068 cum
1570 3024 1758 3071 essent
1787 3018 2068 3085 praedicta,
2105 3036 2232 3090 pio-

2335 1909 2484 1980 μένῳ
2512 1904 3142 1977 πειθαρχῆσαιΧριστῷ.
3169 1901 3304 1958 Εἶτα
3350 1906 3444 1958 καὶ
3495 1901 3631 1972 πρὸς
3660 1904 3760 1974 τὴν
3810 1903 3914 1972 ἀρα

2332 1999 2491 2070 χαίαν
2521 1996 2835 2069 ἀνατρέχων
2861 2008 2901 2035 ιιι
2930 1995 3208 2062 ἀσέϐειαν,
3239 1994 3335 2049 καὶ
3392 1995 3461 2048 τὰ
3501 1994 3914 2062 ﬁdum-nata,

2331 2085 2464 2156 φησί
2495 2099 2507 2114 ·
2539 2084 2630 2137 Διὸ
2667 2083 2821 2153 κάγὼ
2853 2084 3176 2154 ἑκλέξομαι
3202 2083 3274 2137 τὰ
3293 2084 3669 2154 ἐμπαίγματα
3695 2083 3912 2139 αὐτῶν.

2330 2179 2476 2232 τοῦτ’
2506 2178 2644 2242 ἐστι,
2685 2178 2814 2241 τοὺς
2855 2177 3222 2248 ἐμπαίζοντας
3255 2195 3315 2230 τε
3365 2179 3460 2232 καὶ
3512 2175 3915 2249 ἑμπαροινοῦν-

2330 2288 2427 2336 τας
2458 2272 2664 2336 αὐτοῖς,
2699 2271 2945 2343 δηλονότι
2996 2271 3323 2340 Ῥωμαίους.
3373 2270 3438 2324 Ἠ
3465 2271 3526 2323 δὲ
3565 2271 3741 2336 αἰτία,
3780 2271 3912 2324 διότι

2329 2362 2601 2417 ἐκάλεσα
2657 2363 2874 2428 αὐτοὺς,
2929 2363 3026 2416 καί
3057 2364 3167 2416 οὐκ
3206 2361 3563 2428 ἐπήκουσὰν
3587 2379 3717 2432 μου,
3747 2361 3776 2414 ὃ
3824 2363 3914 2415 καὶ

2333 2460 2439 2530 πρὸ
2459 2458 2666 2513 τούτων
2699 2459 2936 2527 ἐλέγετο.
2977 2459 3039 2511 'll
3066 2459 3122 2512 δὲ
3172 2457 3423 2525 κλῆσις
3454 2473 3468 2488 ·
3509 2475 3530 2511 ι
3571 2455 3746 2510 Δεῦτε
3779 2458 3912 2528 πρὸς

2336 2570 2403 2624 με
2435 2553 2638 2614 πάντες
2669 2553 2719 2604 οἱ
2768 2551 3092 2613 κοπιῶντες,
3149 2552 3244 2603 καὶ
3283 2551 3738 2621 πεφορτισμένοι,
3766 2550 3919 2618 κάγὼ

2331 2643 2634 2698 ἀναπαύσω
2665 2643 2829 2713 ὑμᾶς.
2863 2661 2882 2694 ι
2922 2643 3004 2695 Τὰ
3032 2643 3086 2694 δὲ
3123 2646 3248 2712 περὶ
3301 2643 3408 2695 τῶν
3461 2643 3608 2694 ἑτῶν
3625 2641 3914 2714 εἰρημένα,

2332 2738 2476 2800 τινὲς
2501 2735 2691 2800 ἁπλῶς
2722 2735 2974 2808 εἰρῆσθαί
3015 2752 3178 2803 φασιν
3208 2735 3301 2789 ἐπὶ
3354 2735 3714 2804 πολυχρονίου
3740 2735 3908 2804 ζωῆς,

2333 2831 2449 2898 εἴγε
2501 2832 2617 2892 τοῖς
2662 2827 2827 2884 αὐτοῦ
2853 2829 3035 2898 νόμοις
3073 2826 3414 2899 ὲμμέννοιεν.
3469 2828 3578 2880 Καὶ
3609 2827 3713 2899 τὴν
3734 2827 3918 2898 χώραν

2332 2922 2442 2994 γὰρ
2469 2922 2776 2992 ἀπόρθητον
2803 2921 3038 2986 ἕξουσιν,
3077 2922 3172 2974 καὶ
3207 2921 3476 2991 καρποὺς,
3532 2921 3609 2984 ὡς
3643 2924 3702 2975 ὲν
3735 2938 3916 2991 παρα-

2333 3016 2530 3079 δείσοις
2590 3014 2882 3078 ἀειθαλεῖέ,
2931 3013 3379 3084 ἃπροῤῥηθέντα
3429 3013 3519 3067 διὰ
3559 3014 3664 3085 τὴν
3735 3014 3920 3068 αὐτῶν

644 3115 764 3175 pter
794 3121 982 3160 eorum
1027 3107 1499 3172 incredulitatem,
1543 3109 1666 3163 ideo
1712 3125 1820 3164 non
1853 3112 2229 3182 contigerunt,

2337 3107 2622 3162 ἁπειθείαν
2650 3107 2712 3160 οὐ
2741 3107 2982 3174 γέγονεν.
3013 3103 3352 3158 Μετανοοῦσι
3401 3103 3510 3175 γὰρ
3559 3104 3918 3175 ἐπήγγελται.

639 3197 788 3267 quod
821 3199 1216 3266 pauitantibus
1245 3198 1726 3268 proluiltereutur.
1773 3200 2042 3255 Futurum
2083 3206 2230 3258 enim

639 3298 748 3356 est,
778 3289 980 3359 inquit,
1015 3299 1074 3343 ut
1105 3307 1321 3355 eorum,
1355 3291 1451 3361 qui
1483 3291 1858 3358 crediderunt,
1884 3311 2057 3349 semen
2085 3297 2235 3350 bene-

643 3385 889 3437 dicatur:
927 3387 1038 3437 imo
1076 3390 1130 3437 et
1156 3399 1342 3453 parem
1374 3383 1559 3437 colant
1591 3385 1896 3453 vobisoum,
1925 3398 1978 3442 et
2023 3405 2232 3458 secum,

645 3477 775 3529 tiara:
841 3476 991 3546 ipsae.
1053 3474 1354 3543 Praeterea,
1413 3475 1560 3545 quod
1621 3476 1807 3532 uelum
1866 3480 2040 3535 sedem
2080 3499 2232 3537 suam

641 3584 766 3624 esse
802 3569 961 3635 dixit,
997 3569 1050 3624 in
1081 3571 1288 3625 sanctis
1326 3572 1678 3640 requiescere
1725 3588 1784 3628 se
1813 3572 2227 3632 demonstravit.

643 3659 800 3726 Quod
837 3661 1036 3715 deinde
1069 3673 1267 3715 terram
1296 3677 1406 3716 esse
1440 3663 1727 3716 scabellnm
1753 3664 1941 3732 pedum
1972 3683 2194 3721 suorum
2215 3710 2229 3732 ,

644 3758 726 3806 sc
756 3767 840 3816 ea,
883 3767 1005 3820 quae
1042 3752 1266 3806 minime
1299 3761 1487 3806 sani-la
1517 3763 1667 3818 sunt,
1695 3754 1751 3808 in
1795 3771 1896 3810 sua
1939 3772 1998 3812 se
2032 3758 2234 3814 habere
2267 3784 2273 3790 -

648 3852 926 3914 potestate
951 3843 1300 3914 signiﬁcavit.
1333 3843 1474 3910 Quia
1521 3856 1705 3900 autem
1741 3847 1919 3902 tribus
1948 3849 2070 3904 duae
2105 3865 2229 3904 cum

645 3936 900 4001 dimidia,
937 3950 1045 3989 non
1081 3950 1309 4005 operum
1343 3952 1568 3990 suorum
1600 3947 1654 3990 et
1688 3939 1937 4007 pietatis,
1963 3941 2056 3996 sed
2091 3954 2229 3997 teni-

647 4027 721 4097 pli
767 4025 862 4080 Dei
909 4025 1134 4091 virtute,
1185 4027 1650 4097 expugnationem
1687 4043 1746 4083 se
1791 4045 1914 4084 esse
1965 4035 2232 4091 vitaturas

646 4119 1095 4183 arbitrabantur,
1128 4121 1231 4173 ista
1281 4136 1387 4172 non
1447 4119 1576 4186 sibi,
1611 4121 1708 4176 sed
1767 4121 1876 4179 illis
1924 4127 2236 4183 conducere

645 4211 1034 4280 demonstrat,
1065 4220 1124 4264 ut
1162 4227 1288 4265 cum
1325 4211 1594 4283 legalibus
1629 4214 1970 4285 inhaeserint,
2000 4237 2108 4274 non
2147 4222 2233 4277 in-

647 4306 844 4378 dignos
869 4320 929 4361 se
956 4299 1240 4376 praestent,
1275 4306 1369 4376 qui
1404 4307 1459 4361 in
1512 4309 1647 4378 ipsis
1700 4309 1930 4367 habitet.
1969 4315 2230 4373 Aversari

648 4414 708 4453 se
739 4405 1006 4469 praeterea
1046 4396 1259 4451 hostias
1288 4398 1584 4467 signiﬁcat,
1616 4415 1740 4468 quae
1769 4402 1838 4456 ab
1865 4404 2033 4459 animi
2063 4411 2233 4463 recti-

2338 3201 2682 3270 Πειθομένων
2729 3199 2859 3268 γὰρ,
2917 3198 3103 3269 φησὶν,
3154 3195 3564 3266 εὐλογημένοι·
3614 3195 3792 3250 ἔσται
3859 3197 3922 3250 τὸ

2339 3293 2594 3361 σπέρμα.
2625 3289 2944 3362 Εἰρηιεύσει
2972 3307 3031 3343 τε
3059 3290 3196 3360 πρὸς
3224 3291 3368 3359 ὑμᾶς
3395 3289 3465 3340 τὰ
3480 3287 3650 3360 θηρία
3677 3289 3923 3340 καὶαύτᾰ

2341 3387 2476 3457 πρὸς
2516 3385 2708 3440 ἑαυτά.
2765 3385 2838 3438 Τὸ
2883 3383 2940 3437 δὲ
2973 3386 3006 3438 ό
3040 3384 3296 3450 οὐρανός
3341 3400 3442 3451 μοι
3473 3383 3712 3450 θρόνος,
3783 3379 3923 3434 τοῦτ’

2341 3483 2508 3548 ἔστιν,
2537 3483 2844 3544 ἀνάπαυσις
2875 3477 2944 3532 ’τὰ
2963 3478 3117 3546 ἅγια.
3175 3477 3248 3529 Τὸ
3277 3476 3335 3530 δὲ
3383 3475 3421 3542 ἢ
3452 3474 3528 3544 τῆ
3562 3473 3922 3536 ὑποπόδιον,

2342 3575 2668 3642 ὑπεξουσίαν
2695 3583 2721 3610 η
2740 3574 2834 3626 καὶ
2861 3571 2929 3626 τὰ
2964 3571 3040 3642 μὴ
3101 3569 3250 3636 ἅγια.
3325 3568 3447 3621 Τῶν
3493 3566 3589 3620 δύο
3610 3567 3668 3620 δὲ
3697 3567 3925 3638 ἡμίσεος

2341 3667 2523 3738 φυλῶν
2550 3667 2814 3736 οἰομένων
2835 3663 3148 3733 διαφεύγειν
3175 3661 3272 3733 τὴν
3301 3660 3527 3723 ἅλωσιν,
3559 3659 3649 3714 διὰ
3674 3660 3780 3729 τὴν
3795 3659 3924 3730 πρὸς

2339 3761 2431 3814 τὸν
2453 3759 2580 3813 ναὸν
2602 3758 2696 3812 τοῦ
2716 3755 2876 3820 Θεοῦ,
2903 3756 3020 3810 ἀλλ’
3053 3757 3114 3808 οὐ
3145 3753 3232 3808 διὰ
3275 3753 3494 3825 τρόπων
3537 3753 3769 3824 ἀρετὴν,
3833 3753 3926 3805 καὶ

2342 3851 2648 3913 εὐσέϐειαν,
2677 3850 2948 3904 δείκνυσιν
2978 3848 3054 3911 ὡς
3082 3848 3182 3900 οὐκ
3227 3845 3377 3916 αὐτῷ
3412 3845 3610 3910 ταῦτα,
3650 3846 3720 3898 δι’
3782 3847 3923 3898 ἑκεί-

2340 3961 2464 4007 νους
2525 3943 2582 3996 δὲ
2628 3945 2897 4014 χρήσιμα,
2933 3941 3082 4003 ὅπως
3115 3941 3230 4001 τοῖς
3287 3937 3922 4009 νομίμοιςὲμμένοντες,

2341 4035 2450 4092 εἷεν
2479 4038 2619 4104 ἄξιοι
2649 4035 2740 4090 τοῦ
2771 4035 2933 4088 αὐτὸν
2952 4036 3123 4087 οἰκεῖν
3162 4035 3220 4084 ἐν
3253 4033 3458 4094 αὐτοῖς.
3500 4032 3655 4084 Ἐπεὶ
3685 4032 3785 4084 καὶ
3832 4031 3924 4094 τὰς

2340 4129 2531 4192 θυσίας
2568 4128 2980 4200 ἀποστρέφομαι
3013 4127 3088 4197 μὴ
3119 4125 3415 4195 γινομένας
3470 4124 3569 4178 ἀπ’
3631 4122 3802 4194 ὀρθοῦ
3841 4124 3921 4175 λο-

2339 4221 2563 4292 γισμοῦ.
2614 4223 2899 4284 ῐιοιοῦντες
2945 4220 3054 4291 γὰρ
3112 4219 3293 4273 αὐτῶν
3339 4218 3408 4272 τὰ
3462 4217 3778 4289 θελήματα,
3839 4221 3928 4271 καὶ

2338 4314 2772 4388 προσκυνοῦντες
2803 4313 3069 4378 εἰδώλοις,
3103 4313 3225 4385 ἐμοὶ
3273 4311 3413 4384 μετὰ
3441 4311 3654 4366 τούτων
3689 4312 3927 4384 προσέρ-

2341 4430 2546 4484 χονται.

649 4491 841 4546 tudine
886 4506 993 4544 non
1028 4490 1476 4561 proﬁciscantur.
1514 4491 1709 4548 Solent
1733 4495 1880 4550 enim
1917 4502 2010 4568 qui
2079 4504 2450 4562 voluntatibus
2479 4507 2596 4562 suis
2659 4505 3056 4575 obsequuntur,
3120 4511 3177 4558 et
3217 4503 3284 4558 ad
3318 4503 3463 4559 idola
3535 4503 3921 4575 procumbunt,

649 4587 714 4641 ad
748 4598 874 4638 eum
897 4597 1023 4636 cum
1055 4583 1179 4638 istis
1207 4586 1492 4648 accedere,
1517 4595 1627 4642 etc.

649 4684 816 4756 750
836 4686 1003 4744 Vens.
1038 4689 1193 4744 5-H.
1222 4691 1417 4745 Audite
1444 4691 1602 4744 verba
1634 4692 1866 4760 Domini,
1904 4697 1994 4765 qui
2015 4700 2230 4755 tremitis

2413 4697 2562 4751 ε’·ιδ’.
2595 4695 2926 4750 Ἀκούσατε
2942 4693 3183 4763 ῥήματα
3229 4694 3455 4763 Κυρίου
3495 4696 3551 4748 οἱ
3608 4687 3923 4763 τρέμοντες

719 4783 787 4833 ad
806 4795 1101 4834 sermonem
1126 4781 1261 4851 ejus.
1285 4781 1458 4836 Dicite
1485 4783 1745 4853 fratribus
1761 4787 1971 4851 uestris,
1994 4792 2085 4860 qui
2114 4793 2230 4847 ode-

2341 4790 2451 4844 τὸν
2502 4787 2691 4856 λόγον
2737 4784 2946 4842 αὑτοῦ.
2985 4784 3214 4838 Εἴπατε
3263 4782 3554 4854 ἀδελφοῖς
3578 4781 3758 4852 ἡμῶν
3806 4781 3925 4849 τοῖς

724 4883 846 4926 runt
875 4889 988 4938 vos,
1024 4882 1073 4928 et
1107 4873 1510 4941 abominantur,
1545 4884 1604 4930 ut
1644 4893 1832 4932 nomen
1869 4879 2084 4936 Domini
2123 4884 2236 4954 glo-

721 4965 984 5034 riﬁcetur,
1012 4972 1070 5017 ut
1095 4977 1354 5034 appareat
1381 4967 1435 5020 in
1460 4966 1655 5021 latitia
1676 4984 1881 5036 eorum,
1913 4979 1962 5024 et
1999 4972 2082 5026 illi
2110 4989 2240 5027 con-

721 5057 1041 5129 fundentur.
1091 5057 1207 5112 Vox
1235 5059 1489 5114 clamoris
1523 5060 1588 5114 de
1617 5061 1853 5127 civitate,
1884 5079 1984 5118 eoa:
2009 5065 2074 5120 de
2109 5077 2236 5121 tem-

719 5151 832 5220 plo,
857 5166 958 5204 vos:
992 5146 1208 5206 Domini
1243 5152 1586 5208 retribuentis
1617 5156 2016 5211 retributionem
2050 5158 2237 5215 adver-

719 5243 882 5297 sariis
916 5245 1051 5298 suis.

724 5419 885 5492 751
916 5419 1283 5493 Posteaquam
1327 5425 1396 5478 iis
1431 5437 1570 5476 nova
1608 5421 1724 5476 fore
1752 5425 1960 5492 omnia,
1998 5432 2234 5499 promis-

725 5601 943 5659 "Psal.
968 5619 1110 5670 uix,
1151 5606 1236 5660 l2.
1308 5606 1351 5638 δ’
1381 5605 1574 5662 Matth.
1617 5625 1692 5676 xi,
1740 5608 1830 5663 28.

2338 4879 2633 4950 μισοῦσιν
2701 4877 2878 4948 ὑμᾶς,
2932 4875 3030 4931 καὶ
3079 4875 3635 4946 βδελυσσομένοις,
3708 4876 3814 4929 ἵνα
3863 4876 3924 4928 τὸ

2343 4973 2532 5044 ὄνομα
2561 4973 2782 5042 Κυρίου
2813 4969 3113 5037 δοξασθῇ,
3133 4968 3231 5024 καὶ
3264 4967 3422 5039 ὀφθῇ
3463 4969 3536 5023 ἐν
3594 4967 3671 5037 τῇ
3706 4970 3923 5039 εὐφρο-

2341 5067 2504 5134 σύνῃ
2537 5063 2760 5131 αὐτῶν,
2791 5063 2890 5118 καὶ
2913 5062 3136 5118 ἐκεῖνοι
3170 5061 3715 5132 αίσχυνθήσονται.
3755 5059 3920 5128 Φωνὴ

2342 5156 2612 5227 κραυγῆς
2635 5155 2704 5210 ἐκ
2725 5156 2978 5220 πόλεως,
3003 5152 3173 5223 φωνὴ
3203 5152 3273 5206 ἐκ
3295 5151 3468 5216 ναοῦ,
3498 5152 3673 5222 φωνὴ
3703 5155 3833 5223 Kv‘p
3845 5155 3920 5204 ὀυ

2341 5249 2854 5315 ἀνταποδιὸοντος
2898 5245 3375 5302 ἀνταποδίδοσιν
3423 5245 3551 5312 τοῖς
3591 5245 3919 5316 ἀντικειμέ-

2341 5358 2490 5408 νοις.
2519 5359 2574 5398 κ.
2606 5358 2658 5396 τ.
2685 5341 2737 5393 λ.

2419 5437 2600 5491 Πάντα
2623 5436 2787 5492 καινὰ
2817 5436 2959 5492 κατὰ
2993 5435 3084 5491 τὸν
3116 5436 3306 5509 καιρὸν
3347 5435 3519 5490 εἰπὼν
3553 5432 3776 5488 ἔσεσθαι
3817 5431 3919 5485 τῶν

1947 5705 2184 5763 νΑΙῖΙᾸῦ
2213 5708 2624 5777 LECTIONES.

723 5807 769 5839 ω
797 5811 888 5865 γρ.
921 5795 1262 5868 ἀνατρέχειν.
1363 5806 1390 5832 ι’
1421 5815 1510 5867 πρ.
1542 5797 1862 5868 ὑπεξούσια.
