4014 6478
181 395 318 461 ἓτθι

1348 405 1879 467 COMMENTARH
1928 406 2004 466 lN
2040 407 2322 470 lSMAM.

3349 408 3458 473 702

181 518 533 585 ἐπαγγελιῶν
588 523 697 584 τοῖς
747 522 919 574 ταῦτα
968 523 1311 592 προμαθοῦσι
1350 527 1490 578 κατᾶ
1549 527 1640 578 τὸν
1684 527 1768 577 ἐν-

1886 525 2088 578 .ionum
2119 535 2364 594 tempore
2395 523 2557 590 dixit,
2593 525 2686 597 qui
2721 527 2850 580 dum
2877 529 3150 590 viverent,
3179 527 3283 581 ista
3315 527 3458 581 didi~

182 610 400 662 εττιῖιτα
434 611 567 680 βίον,
593 613 902 678 ἀκολούθως
932 616 1103 671 ταῦτά
1129 635 1295 688 φησιν
1319 634 1331 646 ·
1370 619 1696 672 Ἀκούσατε
1719 621 1773 674 οι

185 702 508 772 τρέμοντες
532 705 673 772 τοὺς
700 707 923 776 λόγους
950 711 1166 776 αὐτου,
1215 712 1344 782 περὶ
1376 705 1451 765 ὧν
1475 711 1713 781 ἔφασκεν
1755 729 1769 744 ο

194 815 215 845 ι
240 797 364 850 Ἐπὶ
391 799 510 851 τίνα
525 799 583 851 δὲ
606 801 903 871 ὲπιόλέψω,
933 803 1044 856 ἀλλ’
1075 803 1108 874 ἦ
1138 804 1233 856 ἐπὶ
1264 803 1356 857 τὸν
1377 805 1653 868 ταπεινὸν,
1679 809 1774 860 καὶ

185 886 296 950 hau
302 909 333 959 χ
342 908 437 955 ιον,
463 894 551 945 καὶ
565 893 833 964 τρέμοντα
854 913 956 963 μου
971 897 1092 958 τοὺς
1107 897 1323 964 λόγους;
1347 916 1365 947 ι
1388 896 1470 961 οἷς
1493 897 1776 966 εὐαγγελι-

187 979 288 1030 κὸν
303 981 669 1050 παράγγελμα
689 983 810 1056 [δίδ]
829 1003 961 1038 ωσιν
979 986 1130 1039 οὐδὲν
1145 988 1402 1056 διαφέρον
1417 987 1530 1041 τοῦ·
1561 1008 1578 1039 ι
1606 990 1772 1056 ’Λγα-

186 1073 332 1124 πᾶτε
357 1074 482 1136 τοὺς
515 1073 742 1143 ἐχθροὺς
766 1076 917 1145 ὑμῶν
949 1093 963 1108 ο
1000 1077 1179 1142 καλῶς
1211 1082 1412 1132 ποιεῖτε
1441 1083 1554 1144 τοῖς
1587 1081 1773 1150 μισοῦ-

189 1181 278 1215 σιν
312 1166 474 1234 ὑμᾶς,
511 1167 882 1237 Προσεύχεσθε
914 1169 1054 1242 ὑπὲρ
1077 1170 1186 1224 τῶν
1221 1173 1773 1243 ἐπηρεαζόντων,καὶ

186 1259 499 1313 διωκόντων
522 1261 689 1329 ὑμᾶς,
719 1262 805 1316 ἶνα
831 1263 1064 1332 γένησθε
1102 1267 1208 1318 υἱοὶ
1236 1267 1328 1318 τοῦ
1357 1268 1771 1340 Πατέροςῦμῶν

187 1351 287 1403 τοῦ
326 1354 383 1404 ὲν
411 1356 522 1417 τοῖς
553 1356 822 1425 οὐρανοῖς.
857 1376 874 1406 ι
911 1358 986 1411 Οὐ
1027 1357 1134 1428 γὰρ
1161 1360 1222 1412 τὸ
1252 1359 1488 1430 τρέμειν
1511 1363 1606 1415 τοῦ
1635 1365 1772 1418 Θεοῦ

187 1445 338 1508 τοὺς
371 1449 613 1515 λόγους,
636 1450 769 1519 πρὸς
806 1449 1110 1520 τελειότητα
1137 1453 1297 1520 μόνον
1337 1455 1500 1523 ἀρκεῖ
1527 1471 1541 1486 ⁸
1571 1457 1774 1526 ἀρετῆς

184 1537 246 1589 δὲ
276 1540 365 1590 ἐπ’
397 1541 562 1609 ἄκρον
590 1543 856 1612 ἀνάληψις
889 1544 1207 1614 ἁγαπητικὴ
1238 1547 1374 1615 πρὸς
1402 1547 1528 1610 τοὺς
1559 1547 1773 1601 θλίϐον-

184 1649 295 1695 τας
321 1633 537 1704 γνώμη,
599 1636 731 1689 Ἵνα
764 1639 828 1689 τὸ
873 1639 1060 1706 ὄνομα
1091 1640 1312 1707 Κυρίου
1347 1640 1642 1709 δοξασθῇ,
1675 1643 1773 1696 καὶ

183 1729 353 1798 ὀρθῇ
373 1732 442 1783 ἐν
471 1730 543 1799 τῇ
572 1733 922 1800 εὐφροσύνῃ
957 1732 1174 1787 αὐτῶν.
1199 1734 1274 1785 Δι’
1301 1726 1376 1786 ὧν
1395 1735 1505 1802 γὰρ
1526 1735 1613 1788 ἐπ’
1670 1736 1773 1788 αὑ-

181 1825 309 1886 τοῖς
361 1824 485 1877 ἀντὶ
534 1824 724 1892 μίσους
782 1827 1198 1895 εὐφραίνεσθε,
1249 1827 1394 1891 Θεὸς
1443 1827 1768 1893 δοξάζεται,

183 1915 336 1968 κατὰ
363 1915 424 1968 τό
456 1931 473 1947 ο
510 1935 529 1967 ι
561 1917 678 1969 Ἵνα
715 1917 864 1970 ἴδωσι
889 1918 957 1970 τὰ
986 1917 1127 1971 καλὰ
1155 1919 1309 1990 ὑμῶν
1335 1920 1492 1989 ἔργα,
1513 1921 1606 1973 καὶ
1621 1920 1774 1985 δοξά-

181 2022 330 2058 σωσι
363 2007 452 2062 τὸν
477 2009 700 2079 Πατέρα
731 2010 885 2080 ὑμῶν
913 2011 1004 2064 τὸν
1026 2013 1085 2064 ὲν
1112 2014 1226 2075 τοῖς
1256 2013 1528 2081 οὐρανοῖς.
1575 2033 1594 2065 ι
1664 2014 1775 2067 Καὶ

181 2100 347 2152 αὐτοὶ
377 2100 430 2153 δὲ
459 2101 617 2171 τυχὸν
639 2101 731 2155 τοῦ
759 2102 893 2156 Θεοῦ
931 2103 1084 2172 ὑμῶν
1115 2101 1455 2166 δοξάσουσι
1485 2105 1772 2174 τοῦνομα.

161 2189 335 2244 -οῦτω
381 2192 517 2262 πρὸς
568 2194 769 2257 αὐτοὺς
823 2195 1202 2264 διακειμένους
1249 2196 1506 2266 ὁρῶντες,
1557 2200 1653 2250 καὶ
1705 2201 1772 2270 τῇ

181 2284 518 2354 χρηστότητι
551 2286 615 2355 τῇ
649 2285 778 2355 περὶ
830 2286 1030 2348 αὐτοὺς
1073 2285 1512 2356 εὐφραινόμενοι.
1540 2287 1774 2358 Σύμμα-

175 2394 288 2445 χος
317 2376 395 2440 δὲ,
433 2377 535 2430 Καὶ
575 2378 841 2446 ὀψόμεθα
889 2379 959 2430 ἐν
989 2377 1065 2448 τῇ
1093 2381 1440 2448 εὐφροσύνῃ
1473 2382 1640 2451 ὑμῶν
1682 2384 1774 2450 ἑξ·-

173 2469 412 2535 ἐδωκεν,
437 2471 514 2533 ὡς
536 2471 601 2525 ἂν
619 2474 677 2524 ἐν
706 2471 784 2542 τῷ
801 2471 946 2525 τέλει
961 2476 1060 2542 τῆς
1083 2473 1412 2544 ἐκδικήσεως
1438 2476 1646 2529 τούτων
1675 2479 1774 2545 μὲν

181 2563 436 2634 ἐκδήλως
477 2567 1004 2635 εὐφραινουμένων
1030 2583 1045 2599 ⁸
1091 2568 1314 2621 ἐκείνων
1340 2567 1402 2620 δὲ’
1433 2568 1554 2621 λίαν
1581 2570 1668 2639 ἐφ’
1691 2564 1772 2632 οἷς

175 2655 394 2726 ὁρῶσιν
421 2657 942 2727 αἱσχυνουμένων.
989 2659 1378 2730 Ἕπιστὴσεται
1413 2659 1522 2730 γὰρ
1577 2663 1606 2713 ό
1670 2661 1769 2730 τῆς

181 2746 602 2811 ἀνταποδόσεως
646 2749 771 2800 ὅσον
813 2748 968 2802 οὔπω
1025 2750 1237 2821 καιρὸς,
1278 2753 1367 2804 ὅτε
1421 2752 1601 2821 φωναὶ
1664 2752 1774 2805 τῶν

180 2838 682 2909 κολασθησομένων
712 2841 1164 2910 ἁκουσθήσονται,
1205 2841 1316 2895 τῶν
1342 2843 1442 2911 μὲν
1469 2844 1776 2914 οἰκητόρων

169 2928 476 2993 ⁶βοώντων
494 2929 560 2982 ἐκ
579 2931 682 2997 τῆς
711 2932 965 2995 πόλεως,
991 2931 1097 2982 τῶν
1125 2931 1180 2983 δὲ
1201 2932 1662 3002 λειτουργούντων
1707 2934 1775 2987 ἐκ

179 3021 302 3075 τοῦ
333 3023 506 3077 ναοῦ.
545 3021 842 3089 Βοήσεται
871 3024 926 3078 δὲ
955 3027 1049 3079 καὶ.
1067 3026 1157 3080 διὰ
1202 3026 1312 3080 τῶν
1355 3027 1697 3096 πραγμάτιον
1747 3029 1780 3080 ὁ

177 3115 428 3181 Κύριος,
463 3115 539 3178 ὡς
566 3116 732 3170 αὑτοῦ
757 3118 934 3187 κρίσει
965 3119 1178 3184 γίνεται
1231 3121 1299 3174 τὰ
1339 3121 1511 3174 δεινά.
1563 3122 1778 3176 Εἰδέναι

173 3207 246 3262 δὲ
265 3208 373 3280 χρὴ
401 3208 476 3273 ὡς
514 3209 887 3279 εὐαγγελικῶς
925 3214 1304 3285 παραγγείλας
1351 3214 1659 3283 ἀδελφοὺς
1683 3233 1776 3268 νο-
1807 3233 1850 3285 C

187 3300 378 3368 μίζειν
399 3306 525 3366 τοὺς
553 3305 820 3366 ὲθνικοὺς,
848 3308 1084 3376 νομικὴν
1133 3306 1325 3360 ἔλυσεν
1364 3308 1608 3378 ἐντολήν.
1639 3310 1780 3376 Φησὶ⁵

182 3394 307 3464 ’γὰρ
335 3397 363 3447 ὁ
391 3397 556 3466 νόμος
583 3411 596 3426 ⁸
628 3398 702 3450 Οὐ
732 3398 984 3468 λαλήσεις
1009 3400 1191 3462 αὐτοῖς
1233 3400 1504 3470 εἰρηνικά.
1543 3403 1651 3462 Καὶ
1677 3403 1783 3454 πᾶρ

187 3503 301 3540 σαν
329 3489 631 3558 ἐπιγαμίαν
661 3491 930 3562 ἀπείρηκε
959 3492 1094 3562 πρὸς
1116 3492 1335 3556 αὐτοὺς,
1359 3492 1433 3556 ὡς
1466 3493 1532 3546 ἂν
1559 3495 1632 3562 μὴ
1653 3495 1781 3566 παρ’

183 3578 382 3632 αὐτῶν
439 3581 752 3644 πεισθέντες
795 3585 876 3645 εἰς
915 3583 1356 3655 εἰδωλολατρείαν
1422 3587 1733 3642 ἐκπέσωσιν
1765 3605 1780 3619 ⁸

175 3671 315 3724 πάλλ’
353 3673 411 3723 ἑν
442 3673 664 3743 Χριστῷ
691 3673 882 3742 γέγονε
919 3673 985 3727 τὰ
1004 3675 1289 3745 ἀμφότερα
1311 3675 1392 3735 ἓν,
1424 3677 1519 3728 καὶ
1563 3675 1782 3729 λέλυται

185 3765 258 3817 τὸ
294 3765 607 3835 μεσότοιχον
639 3765 730 3818 τοῦ
759 3764 1037 3835 φραγμοῦ,
1084 3767 1433 3836 κατήργηται
1482 3768 1540 3820 δὲ
1604 3772 1698 3823 καὶ
1753 3771 1782 3822 ὁ

191 3856 363 3923 νόμος
400 3856 510 3909 τῶν
528 3857 756 3912 ἐντολῶν
787 3860 845 3911 ὲν
873 3858 1159 3927 δόγμασιν.
1189 3859 1362 3923 Αὐτὸς
1399 3860 1508 3932 γάρ
1553 3862 1702 3914 ἐστιν
1745 3865 1779 3934 ἡ

183 3946 396 4017 εἰρήνη
430 3946 610 4017 ἡμῶν.

273 4212 430 4274 Τινὲς
450 4210 505 4264 δὲ
528 4212 662 4282 πρὸς
686 4213 816 4276 τοὺς
838 4212 1170 4276 ἀποστόλους
1217 4214 1467 4286 εἰρῆσθαί
1490 4218 1676 4285 φασὶν,
1707 4219 1785 4284 ὡς

199 4302 497 4372 μέλλοντας
526 4303 631 4356 ὑπὸ
666 4303 934 4358 Ἰουδαίων
958 4305 1280 4370 κακοῦσθαι,
1305 4307 1400 4360 καὶ
1429 4308 1666 4378 μάλιστα
1680 4311 1786 4364 τῶν

185 4399 263 4450 ’ἐν
297 4397 676 4468 Ἰερουσαλὴμ,
705 4391 780 4451 ὧν
797 4398 845 4450 oi
883 4397 1142 4468 ἄρχοντες
1162 4401 1288 4463 τοὺς
1308 4402 1640 4466 ἀποστόλους
1663 4404 1787 4474 ᾐκί-

203 4505 387 4553 σαντο,
421 4486 653 4540 θάνατον
683 4487 1102 4558 ἀπειλήσαντες,
1137 4489 1186 4541 εἰ
1212 4487 1304 4541 τὸν
1324 4492 1595 4562 σωτήριον
1627 4491 1788 4561 λόγον

1875 616 2104 678 eissent,
2146 631 2256 669 non
2290 617 2594 684 incongrue
2639 617 2749 686 iam
2778 632 2895 680 eos,
2945 618 3136 687 quiat!
3181 633 3454 670 sermonen

1876 706 2044 773 ipsius
2091 707 2520 770 contremiscunt,
2563 707 2752 760 audire
2801 708 3080 777 praecipit;
3131 707 3198 761 de
3255 707 3459 776 quibus

1877 806 2038 851 antea
2073 798 2362 860 intellexit,
2409 813 2534 851 cum
2586 799 2639 851 in
2691 815 2852 867 quem
2897 799 3065 851 alium
3107 797 3458 866 inspecturus

1873 897 2042 952 esset,
2076 891 2180 943 nisi
2216 891 2269 943 in
2297 890 2557 944 humilem
2600 899 2654 943 et
2702 891 2974 962 quietum,
3005 891 3214 960 quique
3243 889 3456 942 Domini

1878 982 2042 1037 verba
2093 990 2382 1042 metueret.
2433 983 2728 1052 postulavit
2758 984 2840 1035 ‘3:
2885 985 3088 1054 quibus
3120 989 3456 1052 prmceplum

1876 1075 2254 1145 evangelicum
2289 1075 2358 1128 ab
2386 1090 2453 1129 eo
2500 1077 2634 1129 nihil
2666 1077 2996 1144 discrepans
3041 1076 3317 1147 proponit,
3346 1089 3458 1144 quo
3502 1079 3505 1082 '

1876 1167 2131 1221 inimicos
2163 1167 2424 1235 iubemur
2477 1167 2738 1237 diligere,
2778 1184 2888 1238 quo
2918 1169 3005 1232 iis,
3052 1169 3143 1238 qui
3194 1182 3294 1222 nos
3325 1165 3458 1220 odev

1878 1269 2027 1323 runt,
2065 1257 2419 1326 benefacere;
2465 1275 2577 1328 quo
2608 1261 2842 1330 denique
2871 1277 2969 1331 pro
2994 1262 3083 1326 iis,
3114 1262 3204 1330 qui
3241 1261 3458 1313 calum-

1878 1348 2124 1409 niantur,
2161 1354 2216 1400 et
2247 1360 2654 1417 persequuntur
2707 1366 2840 1414 nos,
2881 1366 3064 1414 orare,
3097 1359 3151 1402 ut
3181 1349 3328 1403 Patri
3363 1364 3459 1403 no-

1877 1450 2020 1504 stro,
2065 1440 2158 1509 qui
2209 1440 2262 1493 in
2309 1441 2468 1494 cmlis
2502 1451 2607 1507 est,
2639 1441 2849 1494 similes
2897 1441 3196 1496 elliciamur
3221 1441 3286 1495 ⁸⁸.
3340 1440 3456 1493 Non

1876 1534 2022 1586 enim
2073 1534 2250 1586 solum
2307 1542 2368 1586 ιιι
2412 1533 2642 1600 perfecti
2695 1534 2889 1596 simus,
2933 1535 3001 1587 ad
3039 1533 3129 1587 Dei
3165 1549 3458 1587 sermonem

1877 1636 2097 1679 tremere
2129 1627 2264 1680 satis
2293 1626 2484 1690 fuerit;
2514 1627 2607 1680 sed
2644 1642 2858 1681 summa
2900 1643 3038 1698 opus
3076 1629 3238 1681 etiam
3285 1627 3459 1680 virtu-

1875 1722 1949 1776 tis
1995 1721 2392 1790 resumptione,
2435 1737 2556 1790 quae
2601 1722 2916 1775 dilectionis
2967 1731 3020 1774 et
3067 1721 3460 1774 benevolentia:

1880 1811 2211 1865 voluntatem
2249 1814 2300 1865 in
2332 1812 2631 1881 amigcntes
2662 1813 2894 1866 habeat:
2926 1811 2992 1864 Ut
3036 1830 3221 1866 nomen
3249 1812 3460 1866 Domini

1876 1901 2224 1972 gloriﬁcetur,
2275 1913 2325 1955 et
2379 1912 2635 1969 appareat
2669 1902 2724 1955 in
2775 1902 2969 1954 la'titra
3000 1919 3203 1954 eorum.
3244 1902 3458 1966 Quibus

1878 1995 2022 2050 cnim
2054 1997 2107 2048 in
2137 1995 2241 2059 eis,
2271 1995 2471 2065 inquit,
2513 1995 2624 2048 odii
2673 1995 2814 2058 loco,
2864 1993 3144 2056 thamini,
3183 1993 3320 2046 Deus
3352 1995 3460 2060 ipse

1873 2088 2215 2157 gloriﬁcatur
2237 2103 2254 2149 ;
2275 2087 2432 2156 juxta
2463 2087 2593 2140 illud
2620 2105 2632 2141 :
2670 2105 2688 2137 ι
2718 2085 2788 2140 Ut
2819 2087 3042 2140 videant
3071 2102 3236 2154 Opera
3275 2094 3458 2138 vestra

1878 2181 2044 2243 bona,
2084 2189 2138 2236 et
2193 2180 2415 2234 laudent
2469 2180 2687 2234 Patrem
2753 2188 3021 2242 vestrum,
3072 2179 3166 2247 qui
3213 2178 3268 2231 in
3304 2177 3460 2230 caelis

1876 2282 1963 2328 est
1986 2272 2052 2325 ν’.
2093 2292 2111 2323 ι
2149 2271 2408 2327 Fortasse
2440 2285 2568 2327 vero
2594 2280 2648 2325 et
2679 2271 2755 2324 illi
2797 2270 2892 2324 Dei
2926 2270 3092 2324 vesu-i
3122 2286 3308 2322 nomen
3341 2267 3462 2338 glo-

1877 2365 2187 2433 riﬁcabunt,
2222 2380 2346 2419 cum
2371 2379 2436 2417 eo
2463 2379 2560 2416 vos
2588 2378 2717 2432 erga
2743 2378 2804 2416 se
2827 2361 3014 2416 animo
3047 2375 3172 2414 esse
3199 2360 3459 2421 viderim,

1875 2457 1992 2524 ipsa
2039 2443 2204 2510 etiam
2237 2456 2291 2509 in
2327 2471 2388 2509 se
2418 2454 2760 2510 humanitate
2815 2463 2867 2506 et
2900 2452 3276 2507 benevolentia
3309 2451 3460 2505 dele-

1877 2547 2030 2603 ctati.
2055 2550 2122 2601 At
2145 2547 2511 2618 Symmachus
2533 2564 2546 2599 :
2567 2545 2637 2598 Et
2665 2544 2950 2598 videbimus
2983 2545 3035 2597 in
3057 2545 3246 2597 lwtitia
3266 2554 3459 2605 vestra,

1876 2639 2160 2692 transtulit
2181 2654 2196 2702 ;
2218 2645 2473 2706 tanquam
2493 2636 2548 2690 in
2574 2635 2678 2690 line
2706 2635 2929 2690 ultionis
2959 2635 3098 2691 istos
3119 2635 3341 2704 quidem
3373 2635 3464 2690 la!-

1880 2739 1981 2792 tos,
2000 2730 2124 2784 illos
2152 2739 2333 2783 autem
2365 2730 2450 2793 iis,
2469 2744 2590 2797 quae
2609 2728 2850 2792 rideant,
2878 2729 3055 2798 palam
3080 2729 3460 2797 confusosfore

1879 2824 2170 2894 signiﬁcet.
2215 2823 2595 2892 Cognoscetur
2634 2822 2803 2886 enim,
2829 2831 3095 2889 quantum
3127 2837 3234 2874 non
3271 2829 3458 2878 antea.

1880 2917 2256 2970 retributionis
2287 2925 2530 2983 tempus;
2576 2929 2700 2969 cum
2751 2928 2941 2967 eorum
2980 2927 3164 2974 voces,
3207 2914 3299 2981 qui
3361 2928 3460 2982 pu-

1883 3007 2128 3072 nientur,
2177 3005 2532 3059 clamantibus
2593 3005 2658 3058 ab
2693 3004 2819 3058 urbe
2864 3003 3082 3065 incolis,
3133 3003 3464 3074 ipsisquede

1883 3100 2075 3170 templo
2117 3098 2408 3158 ministris,
2445 3098 2624 3152 audiri
2673 3100 2975 3166 continget.
3018 3094 3288 3152 Clamabit
3331 3112 3465 3152 vero

1885 3206 1936 3247 et
1988 3193 2249 3262 operibus
2301 3193 2434 3261 ipsis
2489 3191 2767 3253 Dominus,
2805 3206 2911 3244 non
2964 3191 3094 3254 alio,
3147 3206 3310 3260 quam
3359 3206 3465 3246 suo

1886 3287 2058 3356 ipsius
2084 3286 2296 3356 judicio
2327 3284 2488 3355 752
2520 3285 2861 3338 calamitates
2895 3283 3031 3338 istas
3063 3283 3305 3337 immitti.
3352 3283 3464 3337 No-

1885 3382 2106 3434 tandum
2162 3392 2344 3448 porro,
2398 3392 2464 3431 co
2515 3377 2658 3445 ipso,
2706 3375 2852 3444 quod
2901 3383 3094 3445 gentes
3142 3374 3466 3446 evangelica

1885 3489 2036 3527 more
2066 3471 2262 3541 fratres
2319 3485 2442 3525 esse
2498 3467 2809 3528 censendos
2866 3475 3072 3525 monet.
3126 3467 3298 3535 legem
3333 3482 3462 3521 eum

1886 3564 2175 3632 abrogare,
2210 3577 2332 3632 qua:
2366 3559 2592 3630 paciﬁca
2630 3558 2695 3612 ad
2742 3559 2869 3614 illos
2919 3559 3068 3628 loqui
3119 3558 3463 3628 prohibebat.

1885 3659 2117 3712 (laverat
2143 3665 2198 3712 et
2246 3657 2385 3724 ipsa,
2416 3669 2486 3708 ne
2519 3651 2867 3705 matrimonia
2909 3667 3034 3705 cum
3074 3653 3156 3707 eis
3187 3651 3470 3706 contrahe-

1886 3759 2043 3816 rent;
2079 3767 2146 3804 ne
2181 3749 2250 3803 ab
2283 3747 2418 3817 ipsis
2450 3745 2702 3815 persuasi
2763 3744 3133 3799 idololatriam
3167 3759 3468 3812 sequeren-

1885 3852 1974 3896 tur
1999 3843 2084 3894 ⁸⁸ι
2119 3840 2214 3895 sed
2268 3840 2321 3893 in
2372 3837 2598 3893 Christo
2633 3835 2746 3905 jam
2791 3846 3022 3904 utraque
3050 3851 3219 3889 unum
3267 3834 3466 3890 ell'ecta

1885 3946 2033 3997 sunt,
2071 3933 2492 4000 disturbatoque
2528 3929 2708 3985 medio
2747 3929 3005 3983 maceriae
3039 3931 3268 3997 pariete,
3303 3928 3466 3983 etiam

1888 4027 1973 4080 lex
2003 4026 2143 4095 ipsa,
2176 4041 2299 4094 quae
2327 4022 2712 4077 mandatorum
2742 4021 2960 4091 placitis
2990 4021 3303 4086 constabat,
3323 4021 3471 4090 jacet

1885 4119 2170 4190 abrogata.
2207 4116 2297 4171 Est
2325 4119 2470 4171 enim
2506 4116 2622 4185 ipse
2658 4129 2762 4184 pax
2797 4122 2984 4168 nostra
3020 4113 3088 4166 δ’.

1957 4214 2190 4280 Quidam
2247 4219 2433 4264 tamen
2485 4208 2551 4260 ad
2603 4206 2884 4274 apostolos
2929 4204 3038 4259 dici
3090 4203 3468 4268 arbitrantur;

1889 4317 2148 4377 tanquam
2185 4319 2214 4358 a
2243 4301 2450 4358 Iuda-is
2483 4301 2682 4354 damna
2712 4306 2898 4355 essent
2936 4297 3255 4366 accepturi;
3285 4297 3380 4352 sed
3403 4299 3474 4351 ah

1889 4401 1956 4454 iis
1980 4396 2275 4468 praecipue,
2318 4394 2412 4462 qui
2459 4390 2967 4461 Hierosolymorum
3021 4389 3211 4442 urbem
3271 4388 3477 4442 incole-

1890 4499 2046 4546 rent:
2088 4503 2321 4558 quorum
2359 4484 2452 4553 qui
2480 4483 2759 4554 principes
2789 4481 3153 4543 habebantur,
3191 4479 3472 4548 apostolos

201 4581 547 4653 κηρῦττοιεν.
584 4581 694 4634 Καὶ
715 4579 865 4633 τίδεῖ
895 4579 1097 4648 λέγειν,
1128 4580 1204 4642 ὼς
1243 4583 1280 4649 ,ἡ
1315 4591 1335 4610 ο
1377 4582 1476 4651 μὲν
1537 4580 1648 4648 τῆς
1693 4585 1779 4637 εὐ.

1899 4582 2083 4652 ﬂagris
2116 4583 2465 4647 acceperant,
2499 4581 2730 4629 mortem
2765 4571 2844 4627 eis
2873 4569 3216 4634 minitantes,
3239 4570 3284 4624 si
3323 4569 3476 4624 salu-

201 4676 519 4745 φροσύνης
538 4673 840 4743 ἐπαγγελία
863 4677 975 4737 τοῖς
1008 4673 1246 4744 Χριστοῦ
1277 4674 1468 4741 γέγονε
1495 4674 1786 4745 μαθηταῖς,

203 4767 272 4819 δι’
333 4767 514 4819 αὐτῶν
537 4765 817 4836 πανταχοῦ
869 4764 1276 4834 συνισταμένων
1308 4764 1676 4834 Ἐκκλησιῶν.
1723 4765 1788 4820 Ἡ

204 4858 263 4910 δὲ
279 4857 373 4910 τοῦ
396 4857 530 4912 Θεοῦ
562 4858 688 4920 τοὺς
711 4857 1071 4918 κακώσαντας
1099 4856 1316 4919 αὐτοὺς,
1349 4855 1614 4925 μετῆλθεν
1626 4857 1789 4928 ὀργὴ,

206 4952 583 5024 περιστάντων
653 4949 850 5013 αὐτοὺς
905 4948 1198 5018 πολεμίων.
1257 4948 1371 5002 Καὶ
1454 4947 1632 5002 ταῦτα
1688 4952 1788 5018 μὲν

208 5044 458 5106 ἐκείνοις.
479 5043 553 5095 Τὸ
571 5042 628 5095 δὲ
653 5040 904 5104 θεοσεϐὲς
929 5038 1248 5110 πολίτευμα,
1273 5041 1368 5092 καὶ
1386 5041 1419 5110 ἠ
1437 5040 1534 5094 νέα
1559 5042 1731 5108 Σιὼν,
1756 5044 1791 5114 ἡ

217 5136 518 5204 Ἐκκλησία
568 5135 634 5188 δι’
658 5133 812 5206 ὑμῶν
841 5133 1242 5203 συστησομένη,
1298 5133 1554 5186 τοσοῦτον
1575 5134 1793 5205 ἀθρόως

207 5231 496 5302 γεννήσει
520 5231 724 5300 πλῆθος
753 5229 920 5294 λαῶν,
952 5228 1028 5291 ὡς
1065 5226 1406 5297 ἐκπλαγῆναι
1439 5227 1530 5282 τὸν
1568 5228 1796 5283 ἀκούον-

207 5344 298 5380 τα.
337 5325 424 5387 Ὠς
449 5322 557 5393 γὰρ
587 5324 653 5377 ἂν
674 5321 940 5391 αἰφνίδιον
967 5319 1108 5373 κατὰ
1129 5319 1366 5390 γαστρὸς
1401 5319 1602 5391 ἔχουσα
1653 5338 1789 5392 γεν-

209 5417 390 5483 νήσει
415 5417 575 5486 γυνὴ,
617 5416 888 5486 μηδεμιᾶς
926 5412 1116 5476 ὠδῖνος
1163 5414 1522 5483 ήγησαμένης
1554 5429 1571 5445 ·
1645 5415 1710 5468 τὸ
1737 5415 1795 5467 δὲ

208 5509 448 5581 τεχθὲν,
505 5507 716 5576 ἄρσεν.
764 5504 952 5568 Οὕτως
1005 5504 1299 5575 ὀλόκληρον
1353 5504 1566 5576 ἁθρόως
1617 5507 1650 5575 ἡ
1702 5505 1798 5559 νέα

286 5628 332 5658 δ’
361 5625 462 5681 lsa.
497 5643 646 5687 var,
677 5625 734 5680 2.
823 5626 869 5658 "'
899 5626 1087 5681 Matth.
1132 5641 1196 5691 ν,
1239 5625 1330 5683 Η.

213 5716 277 5766 ιι,
307 5699 393 5754 14.
469 5699 514 5729 ⁸⁸
549 5699 670 5753 Act.
698 5713 756 5751 ιιι
781 5706 836 5753 et
871 5715 944 5754 tv.

1431 5627 1480 5657 "’
1521 5625 1714 5681 Matth.
1749 5643 1780 5679 ν
1805 5664 1822 5689 ,
1858 5622 1948 5677 16.

1897 4676 1966 4729 tis
1997 4670 2351 4740 Evangelium
2399 4666 2811 4739 promulgarent
2845 4665 2914 4717 ⁸ο.
2947 4663 3276 4733 Quanquam
3311 4663 3475 4718 etiam

1899 4781 2007 4820 non
2050 4764 2190 4817 male
2233 4760 2528 4815 conveniat
2579 4759 2752 4827 ipsam
2803 4755 3013 4810 latitia:
3057 4755 3476 4824 promissionem

1898 4855 2103 4912 Christi
2146 4852 2436 4922 discipulis
2488 4849 2688 4904 factam
2722 4863 2847 4904 esse
2893 4847 3193 4913 attinuere;
3240 4861 3476 4916 quorum

1899 4964 2064 5020 opera
2107 4946 2308 5016 ubique
2341 4952 2470 4999 sunt
2506 4951 2850 5013 congregata:
2893 4939 3174 4995 Ecclesiae.
3221 4937 3316 4993 Est
3349 4953 3478 4993 vero

1900 5057 1995 5096 eos
2021 5039 2114 5094 Dei
2143 5041 2244 5099 ira,
2285 5053 2314 5090 a
2343 5035 2543 5106 quibus
2585 5035 2787 5102 injuria
2825 5032 3004 5088 aliecli
3040 5040 3191 5096 sunt,
3222 5033 3334 5086 ulta
3357 5047 3480 5088 esse

1903 5130 2306 5195 existimanda;
2361 5144 2486 5183 cum
2534 5127 2603 5180 ab
2650 5126 2900 5180 hostibus
2939 5125 3176 5180 obsideri
3224 5125 3476 5195 contigit.

1907 5226 2086 5293 Atque
2127 5221 2239 5274 haec
2273 5218 2492 5287 quidem
2525 5216 2654 5270 illis.
2687 5214 2792 5281 Qui
2829 5223 3009 5268 autem
3045 5213 3189 5282 piam
3226 5212 3346 5266 vitae
3387 5226 3480 5266 ra-

1911 5319 2114 5374 tionem
2151 5320 2472 5384 sequuntur,
2509 5311 2738 5380 ipsaque
2769 5308 2906 5362 adeo
2947 5320 3090 5360 nova
3129 5303 3282 5369 Sion,
3314 5305 3366 5358 id
3397 5313 3482 5360 est

1907 5411 2176 5474 Ecclesia,
2201 5423 2324 5478 qua:
2361 5413 2542 5461 vestra
2594 5403 2762 5457 coibit
2788 5415 2977 5470 opera,
3011 5406 3219 5452 tantam
3256 5406 3482 5467 repente

1909 5507 2081 5578 pariet
2118 5501 2443 5572 populorum
2482 5493 2884 5551 multitudinem
2907 5530 2922 5554 ,
2964 5501 3023 5544 ut
3056 5490 3126 5546 iis
3159 5489 3348 5554 etiam,
3387 5493 3480 5559 qui

2052 5618 2098 5650 ⁸⁸
2141 5614 2316 5671 Exod.
2363 5625 2526 5674 χχιιι,
2575 5607 2676 5674 '52;
2730 5604 2885 5661 Deut.
2912 5620 3012 5670 vn,
3040 5605 3093 5660 ἓ.
3209 5603 3479 5673 1⁵εδξῖριιιιιι,

1526 5785 1762 5843 νλιιιΑῑ
1801 5779 2214 5841 ιΕιλτιοΝΕδ.

286 5897 316 5926 ⁸
345 5906 440 5962 γρ.
472 5886 570 5944 καί
594 5902 706 5940 τοι.
