4046 6386
591 379 734 446 2783

1867 377 2176 439 Ρέἶιᾋιῖιίιδι

2280 376 2494 440 iAZEl
3721 391 3839 455 970i

589 498 888 561 audierint,
932 495 1286 551 admirationi
1346 493 1590 549 futurum
1630 497 1719 550 sit.
1779 494 1848 550 Ut
1896 498 2040 550 enim
2090 512 2173 551 re-

2280 497 2561 568 γεννήσει
2581 495 2755 562 Σιὼν,
2792 497 2930 569 ὅπερ
2952 498 3040 552 ἐπ’
3071 498 3248 553 ἄλλων
3274 499 3336 552 ού
3367 500 3577 568 γέγονε.
3606 500 3718 554 Πᾶν
3743 503 3839 571 γὰρ

588 601 770 659 ponte,
805 603 928 660 «ιιι-ιο
962 596 1178 642 uterum
1209 589 1347 658 gerit
1385 588 1604 652 mulier,
1643 590 1816 657 pariet
1863 603 1990 643 eum
2039 590 2172 644 nulli

588 695 715 737 autc
746 683 964 737 dolores
985 681 1368 752 prmeesserint
1409 681 1536 750 (erit
1553 691 1732 736 autem
1751 682 1890 753 quod
1910 685 2174 753 parietur,

588 768 885 836 utasculus)
909 808 922 830 ,
949 769 1030 824 sic
1074 778 1292 838 partum
1334 768 1607 838 integrum
1644 780 1697 824 et
1732 770 2042 824 absolutum
2081 771 2177 824 de-

589 867 813 930 repente
844 858 977 915 Sion
1009 858 1130 928 ipsa
1161 873 1283 928 qua!
1310 872 1452 911 nova
1482 866 1590 921 est,
1621 857 1835 911 editura
1865 869 1978 924 est;
2028 857 2175 928 quod

589 955 650 1007 in:
674 953 888 1007 cmteris
916 960 1027 1006 non
1055 950 1308 1022 contigit.
1345 949 1495 1006 Gens
1537 951 1682 1006 enim
1720 952 2001 1022 qualibet,
2031 953 2178 1023 ipsa-

531 1045 538 1052 '
585 1059 693 1111 quo
718 1044 854 1098 adeo
876 1041 1216 1106 .lndtrornm,
1238 1045 1476 1113 sumptis
1495 1044 1564 1098 ab
1588 1045 1788 1115 exiguo
1804 1045 2067 1114 paulatim
2095 1045 2177 1098 iu-

589 1136 904 1196 ct‘t‘mt‘ntis,
929 1132 982 1185 in
1005 1132 1266 1202 populum
1287 1133 1461 1187 evasit
1485 1151 1498 1187 :
1527 1140 1584 1185 ut
1615 1135 1683 1185 ab
1711 1133 1920 1187 Jacobo
1942 1134 2176 1200 patriar-

588 1228 704 1275 chae
733 1226 1048 1289 duodecim,
1071 1224 1270 1278 deinde
1323 1225 1439 1287 lilii,
1473 1226 1672 1280 deinde
1703 1234 1953 1294 nepotes,
1975 1225 2176 1280 deinde

586 1318 753 1370 etiam
803 1317 1134 1384 abnepotes;
1181 1317 1383 1386 quibus
1431 1316 1570 1371 facta
1626 1318 1939 1370 minutatim
1991 1332 2178 1373 acces-

589 1408 745 1460 sione
777 1407 831 1460 in
867 1416 1083 1475 gentem
1125 1408 1226 1478 ipsi
1261 1421 1516 1478 magnam
1557 1417 1614 1463 et
1658 1408 1980 1478 populosam
2025 1410 2178 1464 abie-

589 1508 743 1553 runt.
777 1499 847 1553 At
885 1500 978 1554 Dei
1008 1501 1244 1570 populus
1279 1516 1389 1555 uno
1427 1501 1733 1570 eodemque
1764 1512 2010 1571 tempore
2054 1503 2178 1572 plu-

587 1593 760 1645 rimas
794 1599 959 1646 terra:
980 1599 1163 1661 partes
1185 1593 1478 1647 confertim
1511 1594 1784 1664 implevit.
1819 1593 1962 1648 Sunt
1989 1603 2174 1649 tamen

586 1685 679 1753 qui
720 1685 794 1737 ita
842 1685 1142 1755 explicent,
1178 1693 1236 1739 ut
1268 1687 1463 1753 velint,
1503 1702 1568 1741 ex
1617 1701 1730 1755 quo
1775 1685 2179 1758 Hierosolymo“-

585 1791 707 1831 rum
740 1777 894 1831 urbis
935 1779 1398 1847 expugnationem
1432 1777 1718 1848 praedixit,
1765 1779 2028 1850 reliquias
2061 1796 2178 1836 ser-

2281 591 2458 657 έθνος,
2483 590 2578 644 καὶ
2603 587 2662 642 ea
2705 590 3003 654 Ἰουδαίων,
3038 591 3097 656 eg
3129 591 3330 661 ὀλίγων
3382 592 3506 645 κατ’
3541 592 3712 659 ὀλίγον
3760 595 3841 645 αύ-

2283 679 2462 750 ξηθὲν,
2497 680 2648 745 ἔθνος
2677 680 2911 750 ἐγένετο.
2938 675 3066 735 Οἷον
3099 682 3157 750 ἐξ
3192 682 3408 748 Ἰακὼϐ,
3437 685 3485 737 οί
3523 681 3722 736 δώδεκα
3756 703 3842 739 πα-

2279 773 2558 844 τριάρχαι.
2593 769 2728 828 Εἶτα
2755 773 2943 838 παῖδες
2965 773 3201 844 ἔκγονοι,
3226 777 3322 829 καὶ
3369 775 3536 830 πάλιν
3580 776 3838 843 ἀπόγονοι.

2280 866 2394 922 Καὶ
2419 867 2452 938 ή
2479 868 2621 920 κατά
2653 867 2826 938 βραχὺ
2850 867 3138 940 προσθήκη
3163 869 3301 940 πρὸς
3317 868 3467 932 ἔθνος
3487 868 3632 939 μέγα
3653 869 3838 940 κατήν-

2278 975 2466 1028 τησεν.
2509 957 2568 1012 '0
2593 959 2649 1013 δὲ
2679 959 2778 1013 τοῦ
2805 959 2942 1012 Θεοῦ
2976 959 3103 1025 λαὸς
3136 961 3223 1030 ὑφ’
3257 961 3355 1014 ἕνα
3389 960 3582 1031 καιρὸν
3615 960 3686 1012 τὰ
3717 960 3848 1013 πλεξ-

2281 1065 2382 1105 στα
2445 1052 2592 1122 μέρη
2643 1047 2745 1124 τῆς
2805 1054 3132 1123 οἰκουμένης
3199 1053 3541 1125 ἐπλήρωσεν.
3596 1053 3746 1117 Τινὲς
3800 1053 3847 1107 δὲ

2278 1144 2453 1208 οὕτως
2481 1145 2806 1199 ἀπέδωκινο
2839 1147 3317 1217 προαναφωνήσας
3371 1145 3471 1216 τὴν
3535 1145 3735 1199 ἅλωσιν
3769 1147 3850 1199 Ἰε-

2283 1238 2588 1310 ρουσαλὴμ,
2610 1239 2883 1293 δείκνυσιν
2911 1241 2987 1303 ὡς
3022 1241 3085 1293 τὸ
3132 1240 3485 1310 κατάλευμμα
3539 1238 3845 1309 σωθήσεται.

2278 1331 2432 1385 Μετά
2476 1331 2584 1402 γάρ
2646 1329 2746 1402 τὴν
2797 1332 2890 1385 τοῦ
2919 1333 3174 1404 Σωτῆρος
3189 1329 3485 1401 ἀνάληψιν,
3541 1329 3764 1383 ἐκάλουν
3806 1331 3849 1382 οἱ

2282 1423 2521 1495 μαθηταὶ
2541 1425 2635 1478 καὶ
2663 1424 2791 1489 τοὺς
2813 1424 3184 1488 ἀπεκτονότας
3225 1424 3393 1478 αὑτὸν
3417 1424 3499 1486 εις
3557 1422 3849 1492 μετάνοιαν,

2283 1513 2490 1582 Πέτρου
2521 1512 2773 1581 λέγοντος
2804 1528 2820 1546 ο
2847 1509 2980 1568 Οἶδα
3007 1513 3092 1568 ὅτι
3117 1513 3262 1568 κατά
3322 1513 3551 1583 ἄγνοιαν
3572 1513 3847 1582 ἐπράξατε.

2277 1603 2390 1656 Καὶ
2411 1603 2786 1674 ἐπιφέροντος,
2827 1604 3200 1676 μετανοήσατε
3253 1600 3369 1666 οὖν,
3410 1605 3516 1659 καὶ
3564 1603 3732 1657 ταῦτα
3772 1603 3848 1657 λέ-

2279 1711 2488 1763 γοντος,
2539 1695 2950 1766 προσετέθησαν
3009 1699 3074 1750 ἐν’
3121 1701 3187 1770 τῇ
3227 1697 3414 1770 ἡμέρᾳ
3457 1697 3648 1768 ἐκείνῃ
3699 1697 3850 1768 ψυχαὶ

2281 1785 2416 1838 timet
2462 1787 2785 1858 τρισχίλιαι.
2820 1783 2955 1842 Εἶτα
3000 1788 3232 1843 τοιαῦτα
3265 1789 3642 1844 διδασκόντων
3671 1789 3850 1860 χρόνου

585 1879 771 1922 vatum
803 1869 870 1922 iri
909 1868 1242 1938 significare.
1277 1871 1476 1926 Statim
1521 1871 1666 1926 enim
1703 1873 1950 1942 atquein
1978 1874 2176 1927 emtum

2282 1879 2605 1943 διελθόντος,
2657 1882 2691 1948 ἡ
2745 1881 2846 1952 τῆς
2875 1882 3082 1946 πόλεως
3117 1883 3321 1946 ἅλωσις
3358 1883 3605 1953 γέγονεν.
3634 1858 3732 1954 ήδη
3756 1884 3852 1936 τῶν

583 1962 838 2017 Christus
855 1971 1176 2028 remeasset,
1208 1979 1305 2016 eos
1335 1965 1524 2029 etiam,
1547 1981 1575 2018 a
1607 1966 1810 2035 quibus
1839 1977 1985 2022 esset
2011 1968 2180 2023 truci!-

585 2057 766 2117 datus,
791 2055 856 2109 ad
877 2055 1435 2127 ptenitentiam753
1453 2072 1681 2114 vocasse
1702 2059 2004 2129 discipulos
2019 2078 2033 2127 ;
2049 2076 2173 2115 cum

587 2149 795 2202 diceret
825 2147 1044 2212 Petrus,
1077 2165 1184 2202 non
1227 2149 1484 2204 dubitare
1511 2165 1572 2206 se
1614 2151 1668 2205 id
1697 2166 1793 2206 eos
1832 2152 2176 2222 ignoratione

590 2239 824 2296 fecisse:
871 2256 996 2295 cum
1046 2241 1242 2296 deinde.
1289 2241 1356 2296 ad
1395 2243 1778 2312 pmniten'tiam
1822 2247 2171 2310 hortaretur;

590 2346 710 2384 uno
726 2331 814 2386 die
840 2333 946 2387 tria
981 2333 1291 2388 animarum
1326 2333 1494 2387 millia
1541 2335 1847 2389 accessisse
1877 2337 1942 2388 ³⁸.
1979 2333 2173 2391 Postea

589 2440 728 2477 cum
766 2425 893 2478 talia
921 2427 1199 2492 docerent,
1234 2438 1532 2496 progressu
1574 2427 1860 2496 temporis.
1895 2428 2010 2496 ipsa
2044 2441 2175 2482 con-

589 2517 710 2587 tigit
751 2516 910 2571 urbis.
951 2518 1308 2587 expugnatio,
1343 2531 1468 2572 cum
1497 2517 1611 2588 jam
1648 2520 1740 2587 qui
1772 2520 2175 2575 mansuetiores

589 2619 772 2662 essent
818 2609 884 2662 ad
935 2609 1095 2664 tidem
1144 2619 1526 2666 accurrerent.
1560 2610 1742 2680 Atque
1785 2611 2023 2680 idipsum
2069 2621 2174 2676 est,

591 2701 736 2768 quod
761 2701 1047 2766 intellexit,
1074 2715 1198 2756 cum
1223 2708 1516 2771 antequam
1547 2702 1668 2756 urbi
1693 2701 1900 2757 labores
1926 2703 2178 2759 immine-

2283 1970 2712 2043 ἐπιεικεστέρων
2743 1974 3210 2044 προσδραμόντων
3229 1976 3298 2046 τῇ
3343 1974 3560 2029 πίστει.
3583 1975 3688 2028 Καὶ
3714 1974 3852 2028 τοῦτο

2280 2060 2432 2132 δηλοῖ
2455 2061 2517 2114 τὸ
2537 2064 2668 2133 πρὶν
2698 2065 2986 2134 ἐπιστῆναι
3013 2068 3112 2129 τάς
3132 2065 3233 2136 τῆς
3264 2066 3477 2130 πόλεως
3508 2065 3743 2131 ὠδῖνας.
3770 2069 3850 2121 καὶ

2279 2152 2377 2215 τὰς
2410 2154 2716 2225 συμφορὰς,
2743 2156 2940 2210 τεκεῖν
2965 2157 3174 2224 ἄρσεν.
3206 2159 3284 2212 Οὐ
3317 2158 3426 2231 γὰρ
3451 2158 3740 2230 θηλύνεται
3757 2162 3782 2212 ὁ
3801 2162 3851 2212 ὲν

2277 2243 2497 2315 Χριστῷ
2527 2245 2658 2310 λαὸς
2679 2248 2816 2314 πρὸς
2852 2249 3255 2321 μαλακισμούς.
3282 2250 3389 2306 Ἔν
3429 2249 3630 2319 ἡμέρᾳ
3649 2249 3705 2303 δὲ
3736 2249 3847 2319 μιᾶ,

2276 2336 2363 2392 διὰ
2392 2337 2489 2403 τὰς
2524 2341 2852 2411 τρισχιλίας,
2884 2342 3032 2408 λέγει
3064 2343 3262 2414 ψυχάς.
3309 2344 3454 2414 Ἐγὼ
3509 2344 3567 2398 δέ
3625 2361 3784 2416 φησιν
3813 2348 3842 2400 ό

2277 2431 2546 2499 ποιήσας
2604 2434 2906 2506 (ἐνήργησε
2931 2437 3043 2507 γὰρ
3095 2436 3184 2490 διὰ
3222 2435 3332 2490 τῶν
3381 2436 3723 2507 ἀποστόλων)
3770 2438 3850 2490 καί

2279 2524 2427 2594 δοὺς
2443 2527 2559 2595 τὴν
2588 2529 2969 2598 προσδοκίαν
2999 2531 3227 2604 ταύτην.
3283 2531 3384 2587 Διά
3419 2535 3719 2605 προφητῶν
3757 2534 3850 2603 γὰρ

2283 2619 2421 2690 αὐτῇ
2484 2620 2617 2685 Θεὸς
2641 2623 2742 2694 τὴν
2769 2623 3134 2679 πολυπαιδῖαν
3194 2625 3560 2696 ἐπήγγελται,
3597 2626 3848 2700 σωτηρίας

2285 2713 2456 2784 αὐτῆς
2487 2713 2695 2772 εἵνεκα.
3768 2724 3776 2731 ’

591 2803 735 2858 rent,
786 2795 1090 2863 parituram
1133 2810 1248 2850 esse
1298 2796 1602 2850 masculum
1655 2797 2010 2865 significavit.
2053 2797 2171 2853 Non
2217 2803 2364 2857 enim
2419 2807 2771 2864 effeminatur
2814 2811 3046 2866 mollitie
3085 2811 3292 2868 Christi
3343 2798 3632 2882 populus.
3701 2811 3839 2878 Quod

589 2885 946 2940 vernd'ierma
970 2885 1128 2951 dixit,
1159 2886 1226 2941 ad
1258 2895 1341 2941 ter
1374 2887 1526 2942 mille
1545 2888 1758 2942 animas
1790 2889 1996 2941 retulit.
2019 2888 2175 2955 Quod
2218 2894 2419 2950 deinde
2453 2913 2514 2953 se
2537 2916 2680 2966 esse,
2746 2902 2837 2972 qui
2907 2903 3053 2972 fecit.
3087 2904 3315 2974 adjecit,
3353 2906 3562 2974 quique
3595 2906 3750 2960 talem
3777 2917 3856 2957 ex.-

589 2982 971 3048 spcctationem
995 2979 1175 3048 dedit,
1227 2979 1278 3035 id
1319 2980 1445 3036 ideo
1469 2982 1629 3048 dixit,
1663 2983 1807 3052 quod
1845 2982 2015 3038 Deum
2075 3001 2172 3056 per
2212 2994 2494 3060 apostolos
2545 3011 2671 3053 esse
2723 3009 3011 3070 operatum
3087 3011 3324 3058 constet.
3376 3002 3471 3060 Est
3531 3004 3676 3059 enim
3760 3000 3848 3072 ipsi

590 3093 689 3147 per
730 3078 1027 3147 prophetas
1059 3093 1086 3131 a
1117 3076 1246 3140 Deo,
1281 3077 1477 3134 salutis
1504 3079 1625 3148 ejus
1649 3093 1839 3148 causa,
1873 3081 2172 3138 liberorum
2217 3091 2485 3156 promissa
2522 3096 2835 3151 multitudo.

663 3169 767 3225 Sed
817 3171 938 3235 mei,
983 3172 1178 3242 inquit,
1205 3189 1308 3227 non
1349 3184 1427 3227 est
1484 3175 1800 3229 recordata:
1832 3192 2010 3248 neque
2042 3181 2174 3234 tnihi
2203 3187 2245 3247 ρ

592 3262 778 3332 (quem
829 3272 1010 3317 tamen
1043 3265 1158 3318 suis
1191 3265 1505 3334 ipsa'oculis
1534 3267 1731 3322 intuita
1759 3269 1864 3338 est)
1913 3273 2172 3326 credidit.

592 3355 755 3424 Atqui
779 3372 870 3426 ego
901 3357 1133 3412 sterilem
1158 3365 1206 3412 et
1224 3361 1514 3427 parientem
1545 3362 1714 3430 e/feci.
1746 3362 1859 3417 Non
1892 3365 2058 3436 igitur
2084 3383 2175 3422 es-

592 3456 675 3501 set
704 3448 826 3503 sine
853 3449 1039 3504 liberis
1067 3450 1208 3520 (cum
1239 3466 1339 3521 ego
1362 3451 1650 3507 fecundam
1680 3455 1894 3510 efiicere
1920 3459 2174 3527 possim),

592 3542 637 3595 si
685 3541 910 3597 credere
941 3543 1227 3600 voluisset.
1273 3545 1508 3614 Ideoque
1537 3546 1792 3601 effectum
1827 3559 1930 3616 est,
1970 3559 2028 3605 ut
2058 3567 2178 3622 qua)

592 3634 796 3689 sterilis
835 3644 975 3700 erat,
1021 3637 1148 3706 quia
1203 3635 1458 3701 credidit,
1507 3639 1648 3694 ﬁlios
1691 3642 1896 3696 multos
1943 3643 2173 3697 habeat:

591 3725 736 3795 quod
778 3735 862 3780 est
887 3728 956 3781 de
985 3728 1227 3797 gentium
1263 3727 1507 3785 Ecclesia
1541 3731 1981 3802 intelligendum.
2022 3735 2178 3801 Quod

592 3826 774 3873 autem
814 3819 1064 3884 habetur,
1100 3819 1219 3875 Non
1249 3832 1303 3875 tu
1334 3823 1618 3878 recordata
1650 3841 1709 3879 es
1746 3827 1873 3888 mei,
1909 3826 2043 3881 dicit
2076 3827 2181 3879 Do-

594 3912 814 3987 minus;
842 3911 984 3980 apud
1017 3919 1246 3968 caateros
1277 3914 1608 3985 interpretes
1643 3933 1750 3970 non
1777 3919 2040 3988 reperias.
2073 3918 2178 3974 Scil

594 4004 737 4073 apud
776 4004 1172 4075 Symmachum
1200 4005 1344 4060 hunc
1367 4007 1421 4060 in
1465 4009 1720 4064 modum:
1764 4008 1914 4064 Num
1941 4029 2053 4082 ego,
2089 4014 2178 4074 qui

593 4097 773 4152 sedere
822 4097 966 4168 facio
999 4097 1070 4151 ad
1107 4098 1446 4169 pariendum,
1482 4101 1592 4170 ipse
1638 4119 1740 4156 non
1769 4105 2028 4172 pariam?
2050 4105 2180 4159 dicit

591 4191 881 4261 Dominus.
911 4193 1018 4246 Aut
1044 4210 1157 4265 ego.
1189 4193 1279 4264 qui
1309 4193 1475 4263 fetum
1504 4212 1804 4265 promoveo,
1846 4199 2009 4252 etiam
2037 4215 2182 4252 com-

589 4288 850 4354 primunt?
879 4285 1050 4355 inquit
1089 4285 1229 4339 Deus
1265 4294 1409 4341 tuus.
1433 4285 1540 4353 Qui
1575 4291 1722 4343 enim
1758 4290 1894 4360 ipse,
1928 4290 2022 4362 qui
2055 4307 2180 4346 cor-

588 4379 740 4448 porei
775 4389 962 4446 partus
985 4387 1178 4434 auctor
1206 4397 1353 4445 sum,
1386 4391 1494 4434 non
1515 4397 1661 4446 eum,
1689 4384 1780 4452 qui
1805 4395 2020 4454 gentem
2050 4385 2175 4438 univ

587 4483 802 4522 versam
837 4469 1132 4524 confertim
1164 4471 1417 4526 editurus
1450 4481 1560 4533 est,
1581 4475 1780 4538 enitar,
1817 4484 1876 4528 ut
1904 4475 2050 4544 quod
2088 4477 2175 4530 die

588 4560 796 4614 riuitus
823 4560 964 4614 idem
1005 4562 1312 4631 generabit,
1370 4563 1599 4618 illaesum
1635 4565 1895 4634 prodeat?
1934 4568 2042 4620 Aut
2077 4568 2170 4638 qui

2283 4577 2418 4631 ἀλλὰ
2477 4547 2891 4650 γὰρΠλείπεται,
2928 4547 3082 4653 φησὶ,

587 4650 751 4717 fctum
782 4652 1152 4720 comprimam,
1190 4665 1247 4706 ut
1300 4653 1446 4724 qmid
1495 4667 1650 4725 p-irtu
1704 4657 1906 4719 editur,
1945 4661 2176 4728 pereat?

590 4742 694 4796 Sed
719 4745 863 4797 enim
894 4751 1086 4808 restat,
1112 4746 1312 4816 inquit,
1340 4756 1397 4801 ut
1429 4764 1550 4817 quae
1583 4766 1720 4805 nova
1747 4759 1832 4806 est
1863 4753 1994 4808 Sion
2027 4755 2173 4824 iique

586 4837 746 4901 adeo,
773 4837 866 4908 qui
904 4838 959 4890 in
987 4853 1049 4891 ea
1075 4849 1223 4901 sunt,
1246 4849 1297 4892 et
1332 4842 1422 4911 qui
1441 4859 1558 4895 eam
1596 4842 1848 4913 diligunt,
1883 4845 2047 4900 simul
2076 4847 2170 4901 la."-

586 4939 804 4998 tcntur;
853 4931 1053 5002 quibus
1115 4933 1298 4989 verbis
1337 4951 1435 4989 eos
1474 4935 1745 5004 intelligit,
1793 4954 2027 5007 quorum
2077 4939 2176 4994 do-

583 5024 780 5076 ctrinae
810 5025 1142 5080 abundantia
1170 5027 1778 5101 confirtnatnr;quique
1803 5033 1980 5103 lugent
2011 5035 2064 5088 in
2094 5051 2177 5090 ea.

583 5111 750 5166 Juxta
792 5115 959 5170 illud:
990 5137 1007 5168 ι
1041 5117 1194 5172 Beati
1227 5121 1321 5190 qui
1365 5122 1553 5190 lugent
1576 5139 1745 5191 ιιιιιιιτ,
1775 5127 2034 5194 quoniam
2070 5127 2176 5196 ipsi

586 5204 1026 5260 consolabuntur
1081 5209 1149 5262 ".
1205 5227 1223 5259 ι
1285 5210 1680 5280 Significantur
1739 5225 1922 5270 autem
2000 5219 2174 5273 luctus

586 5293 752 5368 754
781 5300 1166 5366 appellatione,
1195 5317 1283 5357 res
1308 5320 1406 5367 em,
1432 5321 1560 5374 qua}
1592 5323 1699 5360 non
1738 5309 1838 5363 nisi
1873 5309 2174 5366 sudoribus

583 5390 721 5444 liene
756 5400 808 5445 et
843 5396 1105 5462 prmclare
1142 5406 1428 5466 geruntur,
1465 5407 1522 5452 ut
1548 5399 1859 5455 divinorum
1883 5419 2167 5459 uulnerum

587 5479 799 5534 fructus
832 5486 1230 5554 percipiantur.
1279 5487 1434 5544 Unde
1470 5491 1546 5553 lit,
1597 5501 1674 5558 ut,
1717 5509 1820 5563 quo
1850 5497 2083 5563 sugatis,‘
2119 5508 2166 5551 et

584 5571 918 5642 impleamini
948 5577 1012 5630 ab
1041 5579 1201 5634 ubere
1217 5581 1606 5638 consolationis
1624 5583 1766 5652 ejus,
1793 5585 2039 5655 adjiciat.
2068 5590 2176 5643 lm-

586 5673 834 5718 moratur
850 5675 1034 5724 autem
1061 5672 1113 5726 in
1140 5673 1258 5743 ipso
1290 5675 1548 5746 loquendi
1580 5692 1800 5748 genere,
1834 5679 1980 5749 quod
2002 5697 2029 5732 ιι
2059 5697 2171 5734 ιιιιιυ

2363 3189 2504 3242 Ἀλλ’
2528 3193 2640 3246 οὐκ
2666 3192 2948 3262 ἐμνήσθη.
2974 3213 3116 3264 μου,
3142 3196 3330 3267 φησιν,
3383 3197 3508 3251 οὐδὲ
3543 3197 3656 3261 τοῖς
3679 3195 3851 3267 ὀφθαλο

2283 3283 2404 3350 μοῖς
2435 3283 2618 3336 ίδοῦσά
2651 3303 2737 3349 με,
2768 3287 3156 3344 πεπίστευκεν.
3193 3289 3300 3344 Καί
3347 3307 3429 3344 τοι
3459 3293 3730 3359 ate/par,
3760 3290 3842 3343 ml

2281 3373 2593 3442 γεννῶσαν
2619 3375 2734 3445 ἐγὼ
2755 3379 3073 3447 πεποίηκα.
3098 3380 3215 3434 Οὐκ
3244 3379 3309 3433 ἂν
3327 3376 3419 3435 οὖν
3436 3382 3666 3450 γέγονεν
3679 3380 3848 3444 ἄπαις,

2279 3463 2414 3533 ἐμοῦ
2437 3465 2663 3537 γόνιμον
2698 3467 2996 3540 δυναμένου
3021 3475 3218 3538 ποιεῖν,
3258 3473 3306 3524 εί
3360 3474 3647 3525 πιστεύειν
3676 3471 3849 3541 ⁴Ιιθέλη-

2284 3573 2396 3611 σεν.
2451 3559 2752 3631 Τοιγαροῦν
2804 3563 2838 3630 ἡ
2896 3563 3240 3617 πιστεύσασα
3294 3564 3546 3632 στείρα,
3603 3563 3849 3624 πολύπαις

2281 3652 2519 3720 ἐγένετο,
2578 3656 2612 3726 ἠ
2651 3655 2758 3708 τῶν
2814 3657 2984 3710 ἐθνῶν
3040 3657 3360 3729 Ἐκκλησία.
3407 3659 3481 3712 Τὸ
3515 3658 3574 3712 δὲ
3619 3659 3697 3712 σὺ
3755 3655 3849 3711 οὐκ

2280 3749 2591 3818 ἐμνήσθης
2639 3770 2760 3821 μου
2806 3749 2978 3807 εἶπεν
3005 3755 3246 3822 Κύριος,
3287 3755 3349 3808 οὐ
3385 3759 3567 3809 κεῖται
3601 3753 3850 3825 παράτοῖς

2282 3841 2460 3904 ἄλλοις
2520 3843 2906 3914 ἐρμηνευταῖς.
2956 3845 3115 3900 Κατά
3163 3847 3220 3900 δὲ
3276 3845 3654 3919 Σύμμμαχον,
3695 3847 3848 3907 οὕτως

2281 3932 2497 4002 εἴρηται
2528 3948 2541 3962 ’
2597 3935 2695 4003 Μὴ
2739 3935 3186 4005 ἐγὼόκαθίζων
3229 3939 3329 3995 ἐπὶ
3379 3941 3448 3995 τὸ
3514 3939 3726 4002 τεκεῖν,
3755 3941 3849 3993 οὐκ

2279 4023 2571 4087 ἑκτοκίζὶο.
2603 4027 2773 4081 εἶπεν
2806 4029 3060 4098 Κύριος;
3104 4033 3141 4101 ἢ
3173 4032 3291 4104 ἐγὼ
3346 4035 3380 4088 ό
3399 4031 3847 4093 συνεκτοκίζων,

2283 4115 2380 4169 καὶ
2419 4117 2676 4185 συνέξω,
2702 4116 2871 4176 εἶπεν
2894 4125 2926 4176 ό
2951 4124 3096 4191 Θεός
3129 4141 3272 4191 σου;
3304 4125 3363 4180 '0
3377 4125 3487 4196 γὰρ
3509 4126 3610 4196 τῆς
3635 4142 3851 4194 σωματιο

2275 4197 2385 4278 ’κῆς
2406 4213 2749 4281 γεννήσεως
2761 4215 2931 4282 αἴτιος
2945 4218 3042 4286 ὢν,
3060 4219 3179 4284 πῶς
3207 4222 3308 4293 τὴν
3325 4220 3632 4292 μέλλουσαν
3659 4220 3848 4291 ἀθρόως

2280 4302 2342 4354 τὸ
2371 4301 2600 4357 καθόλου
2632 4305 2783 4371 ἔθνος
2801 4310 3018 4381 γεννᾷν,
3051 4311 3153 4364 οὑκ
3171 4311 3426 4379 ὲκτοκιῶ,
3461 4313 3606 4390 πρὸς
3629 4312 3686 4366 τὸ
3724 4311 3850 4364 θεῖον

2281 4395 2454 4464 αὐτῆς
2484 4397 2732 4469 γέννημα
2756 4401 3042 4472 προελθεῖν
3069 4403 3353 4473 ἀϐλαϐὦς;
3390 4405 3424 4479 ἢ
3448 4405 3571 4470 πῶς
3624 4403 3845 4468 συνέξω

2284 4484 2390 4538 τὸν
2412 4487 2613 4553 τόκον,
2649 4488 2725 4549 ὡς
2776 4491 3143 4564 ἀφανισθῆναι
3201 4495 3410 4568 ταύτης
3472 4499 3533 4551 τὸ
3581 4497 3843 4567 γέννημας

3129 4587 3228 4658 τὴν
3255 4590 3383 4642 νέαν
3437 4590 3651 4661 χαίρειν
3693 4587 3844 4651 Σιών,

2284 4669 2600 4738 συγχαίρειν
2638 4671 2694 4725 δὲ
2723 4673 2972 4740 καὶτοὺς
3001 4678 3072 4731 ἐν
3120 4679 3297 4748 αὐτῇ,
3352 4681 3451 4734 καὶ
3509 4679 3847 4752 ἀγαπῶντας

2281 4761 2494 4828 αὑτήν.
2529 4763 2692 4833 Λέγει
2719 4765 2776 4819 δὲ
2818 4769 2944 4832 τοὺς
2969 4771 3335 4844 πολυτρόποις
3383 4775 3555 4845 αὐτὴν
3610 4775 3844 4829 διδασκα-

2281 4852 2423 4915 λίαις
2457 4855 2834 4926 στηρίζοντας,
2875 4861 2966 4912 καὶ
2997 4863 3112 4915 ὅσοι
3165 4865 3500 4920 πενθοῦσιν
3548 4867 3640 4919 ἐπ’
3683 4861 3846 4930 αὐτῆς

2283 4945 2422 4997 κατὰ
2479 4946 2541 4999 τό
2566 4961 2578 4974 ·
2617 4967 2634 4999 ι
2673 4950 2953 5022 Μακάριοι
3001 4956 3050 5006 οἱ
3099 4956 3427 5022 πενθοῦντες
3456 4957 3574 5020 νῦν,
3611 4957 3844 5011 ὃτιαὺτοὶ

2281 5038 2818 5112 παρακληθήσονται.
2844 5044 2918 5098 Τὸ
2958 5046 3014 5099 δὲ
3064 5047 3306 5116 πένθος,
3332 5050 3431 5122 τὴν
3467 5053 3588 5121 μετ’
3620 5047 3839 5119 ἱδρώτων

2284 5129 2539 5198 σημαίνει
2562 5131 2668 5185 τῶν
2701 5134 3212 5208 ἀνδραγαθημάτων
3259 5142 3621 5212 κατόρθωσιν,
3653 5142 3730 5194 ἵνα
3751 5138 3844 5191 τῶν

2281 5219 2443 5274 θείων
2478 5223 2876 5282 ἀπολαύσονται
2900 5230 3138 5299 δωρεῶν.
3175 5233 3266 5286 Διό
3294 5253 3480 5306 φησιν,
3551 5237 3648 5289 ἵνα
3675 5230 3841 5298 θηλάς

2279 5331 2447 5384 ante,
2484 5320 2582 5372 καὶ
2603 5322 2996 5391 ἐμπλησθῆτε
3017 5325 3134 5379 ἀπὸ
3155 5327 3396 5395 μαστοῦ
3429 5325 3843 5397 παρακλήσεως

2281 5411 2492 5481 αὐτῆς.
2548 5415 2626 5486 Τῇ
2664 5416 2722 5469 δὲ
2754 5418 2881 5489 περὶ
2942 5421 3205 5488 γυναικὸς
3231 5422 3484 5491 ἐπιμένει
3515 5424 3711 5493 τροπῇ,
3761 5418 3841 5471 καὶ

2278 5505 2376 5573 τὴν
2441 5509 2817 5581 πνευματικὴν
2866 5513 2924 5564 ἐν
2986 5513 3122 5584 αὐτῇ
3193 5515 3542 5587 παράκλησιν
3607 5509 3840 5584 μαστοῖς

2274 5596 2587 5662 ἀπεικάζει,
2637 5599 2737 5654 καὶ
2784 5600 3060 5670 γάλακτι.
3113 5605 3346 5676 Εἴρηται
3397 5609 3508 5678 γὰρ
3559 5605 3691 5676 πρὸς
3743 5602 3830 5670 τὴν

2272 5685 2493 5759 νύμφην
2523 5707 2537 5720 ο
2576 5691 2797 5760 ’Λγαθοὶ
2822 5695 3016 5763 μαστοί
3041 5713 3136 5749 σου
3179 5698 3319 5769 ὑπὲρ
3341 5693 3503 5755 οἶνον.

585 5756 719 5813 ιζςιιο
771 5759 1097 5835 desumpsit,
1147 5779 1198 5823 et
1234 5771 1578 5840 spiritualent
1628 5790 1751 5845 qua:
1796 5775 1849 5829 in
1888 5777 2004 5845 ipsa
2060 5787 2164 5842 est,
2210 5786 2672 5855 (fﬂllSt)i:lll0110lll,
2709 5793 2958 5849 uberibus
3026 5804 3075 5849 et
3145 5756 3300 5848 lacti.
3330 5801 3631 5865 comparat.
3693 5787 3830 5857 1Αεὶ-

586 5873 704 5909 ιι.ιις
749 5860 891 5914 eniti.
951 5863 1000 5916 in
1039 5867 1289 5931 (lautico,
1351 5870 1479 5924 \‘illO
1527 5872 1756 5928 meliora
1817 5872 1992 5943 ipsius
2045 5891 2168 5932 esse
2208 5879 2375 5936 ubera
2408 5885 2477 5938 ³³.

661 5950 704 5984 ⁵⁸
740 5952 861 6006 Act.
905 5971 962 6023 ιι,
1009 5959 1186 6014 14-41.
1265 5962 1309 5994 ⁸⁸
1351 5961 1538 6017 Matth.
1577 5981 1626 6030 ν,
1664 5966 1711 6022 5.

1796 5967 1838 6004 ³³
1869 5965 2026 6022 Cant.
2067 5985 2102 6035 ι,
2142 5972 2188 6027 l.
