4046 6386
250 348 395 411 2705

1391 350 1931 411 CONUIENTA-R'II
1972 350 2054 410 IN
2095 350 2382 412 ISAIAM.

3360 355 3505 421 ρέος.
3558 319 3587 416 ί

316 462 482 525 Τινὲς
511 462 570 516 δὲ
596 461 754 516 τοῦτο
784 464 920 532 πρὸς
948 465 1046 528 τὰς
1079 463 1173 516 δύο
1227 463 1493 534 διαθήκας
1548 464 1825 531 ἐδέξαντο,

2004 466 2142 521 Sunt
2170 476 2371 532 tamen,
2403 468 2493 537 qui
2522 468 2665 524 istud
2693 469 2760 524 ad
2800 471 2909 524 duo
2951 476 3279 525 testamenta
3310 475 3510 528 retule-

248 556 562 618 ἀκολούθως
592 566 620 606 ι)
659 551 797 609 εἶναι
826 555 1081 623 λέγοντες
1100 557 1199 627 τὴν
1230 557 1437 627 ἁθρόως
1469 557 1596 610 λαὸν
1615 559 1825 627 γεννή-

230 665 459 703 σασαν
491 650 720 718 ἄρσενα
746 649 827 719 τῷ
853 648 995 720 Θεῷ,
1033 651 1138 703 καὶ·
1195 649 1491 719 γάλακτος
1519 652 1598 714 εἰς
1640 653 1830 721 ,ἐκτρο-

249 743 353 812 φὴν
404 742 515 795 τῶν
560 742 730 811 αὺτῆς
784 742 1138 813 ,πληροῦσθαι
1188 743 1572 813 νηπίων,ηό·δὴ
1605 743 1828 812 λογικὸν

250 834 420 888 Γάλα
440 835 510 886 ἐκ
540 834 650 887 τῶν
672 833 767 887 δύο
793 834 974 903 ρεύσει
1000 832 1297 899 διαθηκῶν.
1320 834 1491 887 Λύταὶ
1518 835 1625 905 γὰρ
1656 834 1829 902 αὐτῆς

248 932 294 982 ol
314 929 410 981 δύο
454 930 650 997 μαστοὶ
669 929 864 995 ἀγαθοὶ
894 928 1052 991 ὄντες
1100 928 1241 997 ὑπὲρ
1296 924 1459 980 οἶνον.
1516 928 1827 995 Παρακλή-

247 1035 401 1083 σεως
432 1020 490 1073 δέ
514 1037 702 1091 φησιν,
737 1022 1034 1092 ἐπειδήπερ
1096 1023 1152 1074 οἱ
1203 1022 1634 1090 παρακλητικοί
1680 1021 1828 1088 λόγοι

249 1114 351 1165 τῶν
372 1112 744 1181 ἀτελεστέρων
770 1113 964 1182 ψυχῶν
1022 1112 1181 1182 τάλα
1240 1114 1449 1184 κυρίως
1502 1113 1828 1184 ὠνομάσθη-

248 1221 367 1267 σαν,
414 1204 515 1269 τῆς
574 1204 804 1273 στερεᾶς
826 1204 1047 1274 τροφῆς,
1098 1205 1160 1257 ἐν
1210 1203 1476 1272 δόγμασιν
1547 1205 1829 1272 μυστικοῖς

248 1294 565 1365 νοουμένης,
623 1295 746 1365 ἥτις
807 1294 1144 1364 πρέπειτοϊς
1208 1296 1288 1357 είς
1329 1294 1498 1364 ἄνδρα
1525 1293 1827 1363 προήκουσι

246 1387 472 1452 τέλειον,
495 1387 570 1457 μὴ
601 1387 992 1455 ἐναπομείνασι
1027 1386 1103 1456 τῷ
1143 1386 1323 1456 νηπίῳ
1353 1401 1367 1416 ·
1415 1385 1495 1437 διὸ
1552 1383 1828 1455 προσέθη-

248 1498 359 1541 κεν,
401 1482 507 1533 ἵνα
527 1482 980 1549 ἐκθηλὰσαντες
1043 1480 1391 1549 spumidum
1431 1479 1552 1533 ἀπὸ
1581 1479 1826 1533 εἰσόδου

244 1571 430 1639 δόξης
448 1571 648 1638 αὐτῆς
675 1587 691 1602 ο
726 1572 871 1625 τοῦτ’
896 1572 1043 1625 ἐστιν
1078 1571 1375 1643 ἔξωθήλης
1406 1572 1710 1640 γεγονότες.
1736 1573 1828 1625 καλ

246 1663 872 1734 ἀπογεγαλακτισμὲνοι.
898 1665 1008 1717 Καὶ
1041 1663 1231 1727 δόξαν
1302 1664 1400 1733 μὲν
1420 1663 1592 1732 αὐτῆς
1619 1664 1824 1733 ὀνομά-

244 1751 323 1816 ζει
352 1754 613 1821 Χριστδν,
629 1753 705 1816 ὡς
723 1754 817 1807 καὶ
834 1754 1019 1819 Δαΰὶδ,
1055 1772 1074 1804 t
1107 1753 1214 1807 Τοῦ
1234 1753 1654 1824 κατασκηνῶσαι
1669 1752 1826 1820 δόξαν

245 1846 299 1896 ἐν
311 1846 378 1915 τῇ
409 1847 485 1915 γῇ
516 1843 697 1915 ἡμῶν.
738 1863 756 1894 ι
785 1843 1047 1903 Εἷσοδον
1065 1843 1122 1897 δὲ
1148 1843 1248 1913 τῆς
1266 1844 1415 1913 μετὰ
1445 1843 1648 1913 σαρκὸς
1673 1846 1822 1897 οἰκο-

241 1935 430 2005 νομίας
476 1935 538 1988 τὺ
597 1936 915 2006 μυστήριον.
976 1938 1154 1990 Οίονεὶ
1192 1936 1300 2006 γὰρ
1355 1936 1446 1989 διὰ
1484 1935 1688 2007 σαρκὸς
1743 1938 1823 2000 είς

244 2025 423 2080 τοῦτον
451 2013 546 2079 τὸν
574 2028 787 2098 κόσμον
825 2028 1169 2098 εἰσϐἑϐηκεν.
1232 2027 1507 2096 Ὶρυφῶσι
1536 2028 1715 2081 τοίνυν
1774 2029 1825 2081 οἱ

241 2121 329 2172 τὸν
352 2123 448 2174 ἐπὶ
477 2122 654 2193 τούτῳ
698 2122 857 2191 λόγον
889 2121 1297 2192 μεμαθηκότες.
1358 2122 1451 2174 Διὸ
1480 2124 1578 2175 καὶ
1600 2123 1630 2174 ὁ
1693 2138 1825 2192 προ-

246 2215 415 2284 φήτης
483 2211 949 2285 παρεζευγμένως
1001 2215 1100 2285 τὴν
1155 2214 1460 2284 ἐμφάνειαν
1502 2214 1680 2268 αὐτοῦ
1726 2217 1825 2284 τὴν

244 2306 377 2375 μετὰ
394 2307 602 2378 σαρκὸς
652 2308 857 2377 ἐναργῆ
888 2318 915 2355 (ι
937 2306 1008 2366 di;
1034 2306 1100 2359 ἂν
1126 2306 1291 2359 αὐτοῦ
1342 2306 1596 2374 λέγοντος
1623 2324 1636 2337 ·
1666 2305 1824 2359 Ἰδοὺ

242 2393 349 2463 ἐγὼ
371 2395 636 2450 ἐκκλίνω
671 2397 762 2451 ἐπ’
836 2396 1081 2460 αὐτοὺς,
1118 2396 1196 2461 ὡς
1222 2397 1499 2465 ,ποταμὸς
1553 2398 1821 2466 εἰρήνης,

242 2488 333 2541 καὶ
393 2488 482 2554 ὠς
504 2489 862 2558 χειμάίρους
888 2487 1223 2547 ἐπικλύζων
1252 2488 1443 2553 δόξαν
1474 2488 1684 2555 ἐθνῶν,
1712 2492 1827 2543 πά-

243 2577 320 2629 iw
349 2579 639 2633 κ’ὀινταῦθα
707 2580 823 2646 τὴν
852 2579 971 2637 τῶν
1000 2577 1191 2634 ἐθνῶν
1218 2578 1407 2642 δόξαν
1445 2580 1732 2634 συνάπτων
1755 2583 1821 2652 τῇ

248 2672 605 2744 προλεχθείσῃ
650 2672 748 2743 νέᾳ
795 2672 985 2735 Σιὼν,
1048 2674 1142 2731 καὶ
1177 2670 1421 2741 ποταμῷ
1472 2674 1825 2743 παρεικάζων

243 2766 336 2831 τὴν
397 2765 692 2834 δεδομένην
724 2764 937 2828 τούτοις
1003 2764 1278 2833 εἰρήνην.
1336 2766 1446 2819 Καὶ
1478 2764 1715 2835 ἀλλαχοῦ
1768 2766 1824 2818 δέ

247 2871 423 2926 φησιν’
451 2875 471 2908 t
492 2856 554 2910 Ὀ
574 2857 815 2927 ποταμὸς
826 2857 919 2913 τοῦ
938 2856 1072 2911 Θεοῦ
1086 2856 1379 2927 ἐπληρώθη
1397 2857 1667 2911 ὑδάτων-»
1694 2858 1821 2911 Καί·

252 2968 268 2999 ι
306 2948 407 3001 Τοῦ
434 2948 682 3019 ποταμοῦ
727 2949 797 3002 τὰ
828 2952 1129 3020 ὁρμήματα
1154 2949 1509 3019 εὐφραίνουσι
1540 2948 1639 3019 τὴν
1673 2949 1826 3004 πόλιν

250 3040 335 3095 τοῦ
351 3041 546 3095 Θεοῦ.»
565 3042 676 3097 Καὶ
705 3042 887 3098 πάλιν·
924 3062 940 3093 ι
962 3042 1082 3097 Καὶ
1109 3042 1198 3094 τὸν
1226 3044 1563 3113 χειμάρρουν
1580 3043 1679 3113 τῆς
1694 3060 1826 3113 τρυ-

1931 561 2063 624 rint,
2115 571 2539 618 consentaneum
2588 578 2711 621 esSe
2744 564 3026 629 arbitrati,
3068 574 3127 619 ut
3153 581 3275 633 quae
3309 583 3507 619 marem

1932 650 2192 720 populum
2228 650 2340 705 Deo
2370 651 2659 707 confertim
2698 654 3013 722 peperisset,
3048 655 3185 709 lacte
3228 656 3393 710 etiam
3438 657 3507 709 ad
3602 654 3613 663 “

1931 740 2217 795 infantium
2264 742 2617 799 nutritiouem
2654 744 3022 815 impleretur:
3058 746 3369 815 eujusmodi
3421 762 3511 800 n-

1930 833 2134 888 tionale
2183 834 2338 889 lactis
2371 851 2543 906 genus
2589 838 2660 891 ab
2690 848 2926 908 utroque
2961 845 3291 893 testamento
3319 838 3509 892 ﬂuxu-

1930 938 2050 977 rum
2101 940 2224 980 esse
2259 935 2560 982 constaret.
2621 927 2762 983 Sunt
2797 930 2944 983 enim
2996 929 3048 983 hi
3101 930 3279 985 fontes
3335 930 3509 999 ipsius

1930 1014 2153 1082 gemini,
2179 1016 2306 1069 vino
2327 1017 2447 1086 ipso
2472 1020 2914 1087 prmstantiores.
2946 1020 3349 1075 Consolationis
3377 1037 3511 1076 voce

1929 1113 2190 1174 praeterea
2221 1106 2342 1162 ideo
2383 1123 2518 1163 usus
2548 1116 2652 1173 est,
2678 1110 2826 1180 quod
2861 1111 3037 1166 vicem
3087 1112 3240 1166 lactis
3264 1112 3510 1167 habeant

1929 1198 2072 1267 apud
2094 1198 2524 1267 imperfectiores
2555 1201 2769 1258 animas
2805 1218 3088 1261 sermones
3121 1204 3470 1258 consolatorii
3488 1219 3510 1257 :

1929 1289 2141 1346 solidus
2173 1301 2356 1346 autem
2395 1292 2558 1347 .cibus
2593 1292 2648 1346 in
2683 1294 3067 1349 abstrusorum
3122 1297 3508 1366 mysteriorum

1930 1383 2144 1439 ratione
2174 1391 2472 1454 spectetur,
2501 1385 2598 1455 qui
2648 1386 2795 1440 viros
2828 1387 2987 1443 decet
3024 1387 3325 1456 perfectos,
3369 1403 3510 1456 quos

1928 1479 2086 1543 nihil,
2123 1480 2266 1549 quod
2305 1481 2514 1550 puerile
2536 1482 2643 1544 sit,
2666 1490 2999 1537 remoretur.
3024 1480 3173 1535 'I‘linc
3202 1492 3287 1537 est
3318 1481 3509 1550 igitur,

1928 1571 2074 1639 quod
2118 1573 2344 1634 addidit,
2374 1582 2433 1625 ut
2462 1582 2739 1644 postquam
2769 1575 3050 1639 smritis,
3083 1573 3414 1628 delectemini
3444 1575 3510 1626 ab

1927 1664 2156 1718 introitu
2191 1664 2375 1733 gloria:
2400 1666 2516 1734 ejus
2541 1682 2561 1731 ;
2597 1668 2787 1723 eodem
2820 1667 2978 1737 plane
3005 1682 3192 1733 sensu,
3229 1682 3294 1721 ac
3316 1668 3363 1721 si
3391 1667 3515 1720 sine

1930 1758 2119 1824 ubere,
2150 1768 2208 1812 et
2236 1774 2264 1812 a
2296 1759 2436 1814 lacte
2453 1758 2803 1829 depellendos
2833 1777 2957 1817 esse
2986 1760 3280 1831 signiﬁcet.
3312 1760 3510 1816 ϐιονὶδ

1929 1856 2191 1919 praeterea
2226 1849 2452 1904 nomine
2476 1851 2766 1906 Christum
2799 1851 2984 1921 ipsum
3019 1850 3335 1923 significat:
3368 1861 3427 1903 ut
3459 1858 3513 1903 ct

1928 1940 2121 2007 David,
2154 1942 2244 1996 ubi
2278 1942 2344 1996 in
2384 1951 2535 1997 terra
2580 1956 2771 1995 eorum
2814 1943 3200 1998 habitatorem
3226 1958 3362 1997 esse
3396 1943 3515 2011 glo-

1927 2032 2063 2086 riam
2097 2032 2302 2087 ceciuit
2326 2032 2394 2084 “.
2424 2030 2588 2097 ,ρυοά
2622 2030 2820 2086 deinde
2838 2032 3108 2085 introitus
3142 2031 3414 2096 meminit,
3438 2029 3517 2082 ad

1924 2125 2321 2181 incarnationis
2353 2124 2718 2180 (econouiiam
2753 2123 2875 2178 ideo
2906 2124 3113 2186 retulit,
3155 2123 3302 2192 quod
3342 2121 3515 2175 veluti

1927 2232 2022 2286 per
2052 2231 2273 2270 carnem
2302 2215 2355 2270 in
2397 2216 2545 2270 hunc
2568 2215 2848 2271 mundum
2885 2214 3136 2269 intravit.
3169 2214 3517 2267 Deleclaulur

1926 2323 2055 2378 ergo
2087 2307 2180 2377 qui
2215 2322 2526 2362 sermonem
2564 2305 2632 2361 de
2667 2306 2769 2360 hac
2820 2307 2935 2376 ipsa
2978 2322 3038 2360 re
3077 2306 3411 2361 didicerunt.
3442 2302 3516 2359 Et

1925 2400 2052 2453 hinc
2090 2399 2253 2469 igitur
2282 2397 2535 2453 effectum
2567 2406 2689 2458 est.
2724 2410 2784 2452 ut
2834 2399 2969 2472 ejus.
2991 2398 3048 2451 in
3079 2413 3244 2453 carne
3283 2396 3513 2453 manife-

1924 2491 2219 2545 stationem
2268 2490 2543 2559 propheta
2599 2490 2785 2544 statim
2826 2500 3071 2559 apertam
3127 2489 3352 2552 faceret,
3391 2496 3516 2541 tau-

1925 2594 2087 2650 quam
2126 2581 2245 2649 ipso
2278 2582 2345 2634 ad
2381 2581 2526 2636 hunc
2562 2581 2784 2636 modum
2821 2583 3115 2652 loquente:
3146 2581 3280 2636 Erce
3307 2599 3400 2652 ego
3425 2583 3517 2643 de-

1924 2671 2060 2724 clina
2090 2671 2159 2725 ad
2191 2688 2304 2734 eos,
2337 2672 2493 2742 quasi
2523 2673 2716 2741 ﬂuvius
2748 2675 2920 2739 pacis,
2940 2683 2989 2726 et
3015 2674 3169 2742 quasi
3197 2684 3406 2729 torrens
3428 2676 3518 2725 in-

1923 2761 2133 2818 undans
2171 2762 2399 2833 gloriam
2446 2764 2719 2834 gentium:
2764 2766 2816 2819 in
2851 2779 2959 2835 quo
2999 2766 3230 2835 gloriam
3274 2766 3512 2833 gentium

1927 2873 2052 2915 cum
2088 2858 2250 2914 Sione
2278 2860 2389 2925 illa,
2422 2874 2545 2929 quae
2581 2873 2776 2914 recens
2798 2866 2924 2913 ante
2948 2861 3230 2913 nominata
3252 2866 3358 2920 est,
3383 2872 3515 2911 con-

1921 2950 2139 3021 jungit,
2198 2960 2253 3007 et
2316 2967 2499 3021 pacem
2558 2965 2683 3020 quae
2731 2951 2854 3005 istis
2900 2950 3113 3004 tradita
3173 2957 3292 3011 est,
3351 2950 3514 3017 ﬂuvio

1926 3045 2060 3099 facit
2092 3061 2201 3100 non
2241 3044 2588 3100 dissimilem.
2618 3043 2693 3097 :Et
2745 3043 2946 3098 alicubi
3000 3044 3146 3098 enim
3198 3043 3459 3101 scribitur
3499 3081 3521 3099 .

248 3137 347 3204 φῆς
377 3153 471 3190 σου
493 3139 701 3200 ποτιεῖς
726 3135 949 3198 αὐτούς.
975 3153 993 3185 i
1030 3134 1228 3197 Δόξαν
1254 3134 1310 3187 δὲ
1340 3132 1456 3186 τῶν
1493 3134 1688 3188 ἐθνῶν
1702 3135 1825 3198 τοὺς

1935 3156 1954 3189 ‹
1989 3136 2217 3194 Flumen
2253 3137 2363 3206 Dei.
2394 3138 2664 3208 repletum
2702 3144 2787 3193 est
2829 3136 2989 3206 aquis
3014 3137 3083 3192 ⁸⁵.
3123 3156 3143 3187 ι
3185 3136 3290 3190 Et:
3336 3155 3356 3187 ι
3389 3135 3519 3190 Flu-

246 3229 310 3292 ἐξ
324 3228 524 3283 αὐτῶν
541 3227 971 3290 πεπιστευκότας
995 3228 1170 3293 καλεῖ,
1192 3225 1334 3281 κατὰ
1356 3226 1437 3292 τὸ,
1460 3244 1478 3277 ι
1506 3225 1611 3290 Οὓς
1628 3226 1686 3280 δὲ
1709 3228 1831 3285 ἐκά-

250 3320 419 3386 λεσεν,
453 3320 677 3384 τούτους
706 3322 802 3373 καὶ
835 3319 1103 3383 ἐδόξασεν.
1134 3337 1151 3370 ι

1937 3228 2099 3285 minis
2147 3228 2387 3299 impetus
2443 3228 2681 3284 laetificat
2726 3229 3000 3284 civitatem
3046 3227 3140 3284 Dei
3169 3229 3239 3282 ⁸⁸.
3275 3246 3293 3280 ι
3355 3227 3521 3298 755

1936 3321 2213 3392 Itemque:
2256 3322 2363 3377 «De
2392 3330 2639 3378 torrente
2667 3322 2993 3377 deliciarum
3025 3323 3363 3393 potabiseos
3388 3320 3457 3374 ⁵⁷.
3492 3338 3514 3372 ι

250 3415 499 3485 lttleiligif.
542 3429 672 3470 vero
712 3429 810 3485 per
846 3417 1074 3485 gloriam
1113 3415 1380 3485 gentium,
1417 3429 1513 3470 eos
1542 3416 1722 3483 ipsos,
1780 3416 1870 3485 qui
1906 3417 1973 3470 de
2005 3400 2237 3486 gentium
2284 3432 2513 3472 numero
2562 3415 2719 3473 fidem
2767 3415 3003 3484 amplexi
3057 3425 3213 3481 sunt;
3249 3413 3410 3485 quale
3450 3412 3520 3467 il-

253 3506 331 3559 Iud
371 3514 478 3567 «δεῖ,
515 3504 663 3573 quod
704 3503 847 3573 apud
883 3502 1229 3572 Apostolum,
1294 3502 1516 3563 eosdem
1547 3504 1710 3557 etiam
1740 3504 2101 3573 gloriﬁcasse,
2140 3520 2278 3573 quos
2307 3507 2539 3571 vocavit,
2570 3506 2873 3575 reperimus
2902 3505 2970 3559 ³⁸.

324 3598 670 3660 Ὲξέκλινεν
694 3597 751 3650 δὲ
779 3600 866 3663 εὶς
894 3598 968 3653 τὰ
1013 3597 1181 3662 ἔθνη,
1217 3594 1328 3647 τῶν
1369 3594 1427 3661 ἐξ
1491 3595 1710 3665 Ἰσραὴλ
1744 3596 1819 3667 μὴ

247 3689 549 3759 δεξαμένων
574 3689 757 3755 αὑτὸν,
786 3690 921 3759 πρὸς
947 3688 1041 3751 οὒς
1077 3683 1211 3760 ἦλθε
1243 3687 1692 3759 προηγουμένως.
1724 3690 1821 3742 El-

244 3783 393 3851 ρήνη
426 3783 483 3836 δὲ
511 3782 785 3853 βαθυτάτη
816 3782 997 3853 πολλῷ
1030 3781 1111 3847 τῷ
1133 3782 1386 3850 ῥεύματι
1434 3781 1534 3852 τὴν
1590 3782 1824 3851 Ἐκκλη-

252 3877 363 3927 σίαν
388 3874 752 3939 ἐπέκλυσεν,
793 3877 1190 3945 πνευματικοῖς
1230 3874 1435 3944 νάμασι
1469 3874 1596 3936 τοὺς
1620 3873 1823 3945 ταύτης

252 3967 495 4037 ἐπάρδων
518 3967 689 4030 υἱούς.
734 3967 836 4021 Διὰ
865 3967 974 4039 γὰρ
1001 3967 1096 4021 τοῦ
1135 3966 1408 4037 σωτηρίου
1443 3964 1825 4036 κηρύγματος,

244 4060 357 4125 ιτῖιν
389 4060 640 4130 εῐρήνην
656 4059 757 4131 τὴν
788 4060 924 4132 πρὸς
953 4060 1312 4131 τὸνηΙΙατέρα,
1338 4059 1404 4112 δι’
1436 4057 1602 4111 αὑτοῦ
1634 4075 1825 4129 κεκερ-

252 4152 528 4217 δὰνκασιν,
554 4153 642 4207 ὅτε
670 4151 1047 4215 τιθηνοίντινες
1079 4151 1208 4214 τοὺς
1235 4151 1410 4220 αὐτῆς
1433 4150 1663 4219 νηπίους
1694 4151 1825 4203 ὑπο-

252 4246 592 4311 ϐαστάξουσι,
619 4246 928 4299 διδάσκαλοί
955 4262 1101 4309 τινες
1131 4244 1484 4315 Ἐκκλησίας,
1516 4244 1549 4314 ἢ
1577 4243 1822 4312 ἄγγελοι,

254 4338 386 4391 κατὰ
412 4338 499 4400 τὸ,
536 4356 555 4388 ‹
592 4337 683 4409 Μὴ
710 4338 1163 4407 καταφρονήσητε
1192 4335 1313 4399 ἑνὸς
1332 4334 1441 4388 τῶν
1464 4335 1676 4404 μικρῶν
1704 4333 1825 4386 τού-

253 4445 369 4485 των.
405 4430 471 4483 Οἱ
500 4429 610 4500 γὰρ
637 4429 858 4497 ἄγγελοι
885 4429 1065 4483 αὐτῶν
1104 4428 1193 4481 διὰ
1243 4428 1444 4489 παντὸς
1463 4426 1736 4519 Δβλέπουσι
1762 4425 1823 4479 τὸ

1994 3596 2292 3652 Declinavit
2320 3614 2453 3654 vero
2476 3598 2547 3652 ad
2579 3608 2775 3661 gentes,
2795 3614 2918 3651 cum
2973 3597 3043 3652 ab
3072 3595 3357 3658 lsraelitis,
3384 3609 3531 3665 quo-7

1928 3703 2049 3742 rum
2075 3688 2299 3745 nomine
2322 3688 2597 3757 prmcipue
2620 3696 2866 3749 venerat,
2909 3693 3180 3755 exceptus
3214 3701 3323 3738 non
3349 3693 3517 3740 esset.

1924 3777 2162 3848 Copioso
2197 3778 2391 3833 deinde
2419 3778 2641 3847 ﬂumine
2679 3777 3138 3847 tranquillissima
3193 3791 3301 3842 pax
3331 3774 3520 3829 Eccle-

1914 3871 2061 3927 siam
2090 3871 2394 3936 inundavit,
2430 3886 2556 3927 cum
2595 3870 2981 3940 spiritualihus
3007 3868 3167 3923 undis
3199 3868 3362 3937 hujus
3381 3867 3520 3929 ﬁlios

1927 3961 2200 4031 irrigaret.
2233 3959 2334 4016 l’er
2368 3962 2670 4016 salutarem
2710 3960 2859 4014 enim
2890 3958 3386 4029 promulgationem
3425 3974 3521 4024 pa-

1932 4066 2047 4106 cem
2077 4052 2180 4106 sibi
2219 4066 2343 4107 cum
2384 4051 2545 4108 Patre
2586 4050 2707 4120 ejus
2754 4066 2919 4120 opera
2968 4058 3341 4119 pepcrcrunt;
3370 4064 3517 4111 cum,

1935 4146 2100 4201 veluti
2138 4145 2354 4201 nutritii
2398 4145 2644 4215 quidam,
2685 4143 2926 4197 infantes
2978 4143 3154 4211 ipsius
3211 4150 3518 4210 gestarum,

1932 4239 2225 4293 doctorum
2250 4238 2426 4291 vicem
2456 4236 2509 4289 in
2554 4232 2825 4296 Ecclesia,
2853 4232 2936 4287 vel
2975 4232 3294 4301 angelorum
3328 4246 3521 4300 geren-

1931 4340 2033 4395 tes,
2057 4329 2216 4399 juxta
2249 4326 2383 4381 illud
2414 4345 2428 4381 :
2471 4345 2489 4377 ι
2524 4326 2602 4381 Ne
2628 4324 3077 4394 contempseritis
3102 4339 3267 4377 unum
3301 4338 3364 4375 ex
3392 4337 3518 4390 par-

1929 4421 2071 4475 vulis
2125 4419 2265 4474 istis.
2312 4418 2505 4488 Angeli
2571 4417 2718 4472 enitn
2775 4417 3017 4485 ipsorum
3072 4428 3291 4483 semper
3332 4413 3521 4466 vident

254 4521 535 4587 πρόσωπον
564 4520 656 4575 τοῦ
684 4522 927 4591 Πατέρος
959 4538 1063 4591 μου
1112 4518 1207 4574 τοῦ
1239 4520 1296 4573 ἐν
1332 4506 1759 4589 τοῖςόύρανοῖς.
1795 4536 1815 4566 ι

1930 4512 2124 4567 faciem
2158 4511 2338 4566 Patris
2370 4510 2500 4577 mei,
2531 4510 2619 4580 qui
2665 4510 2720 4564 in
2754 4509 2911 4563 ctelis
2943 4515 3027 4563 est
3054 4507 3123 4559 δ’.
3166 4526 3183 4557 ι
3221 4506 3324 4572 Qui
3356 4507 3521 4576 igitur

252 4610 312 4663 Ol
332 4612 425 4679 μὲν
455 4608 547 4664 οὖν
574 4609 792 4671 τέλειοι,
823 4611 947 4673 τοὺς
982 4608 1370 4678 εἰσαγομένους
1402 4606 1494 4659 ἐπ’
1525 4603 1696 4674 ὤμων
1724 4604 1820 4657 καὶ

256 4704 531 4773 γονάτων,
561 4704 718 4775 δίκην
741 4703 1090 4773 τιθηνοῦνται
1121 4700 1393 4770 μητέρος.
1456 4697 1597 4766 Ἐγὼ
1624 4697 1702 4758 δὲ,
1749 4696 1823 4759 ὼς

258 4797 463 4851 πάντων
498 4796 707 4868 Πατὴρ,
739 4794 1145 4864 παρακαλέσω
1171 4793 1297 4855 τοὺς
1346 4790 1460 4845 τῶν
1505 4788 1824 4843 ὑποδεεστέ-

257 4899 356 4951 ρων
387 4884 871 4954 παρακλήτορας,
898 4882 989 4935 Διό
1020 4897 1184 4952 φησιν
1219 4880 1247 4931 ὀ
1286 4880 1604 4942 Ἀπόστολος
1628 4896 1641 4909 ο
1670 4896 1687 4928 ι
1718 4878 1824 4931 Εὐ-

250 4972 472 5044 λογητὸς
504 4977 533 5028 ὁ
574 4974 725 5039 Θεὸς,
781 4974 809 5026 ὁ
850 4971 1052 5044 Πατὴρ
1084 4970 1192 5025 τῶν
1220 4968 1541 5041 οἰκτιρμῶν,
1570 4969 1661 5023 καὶ
1692 4967 1827 5030 Θεὸς

260 5064 425 5134 πάσης
460 5064 883 5135 παρακλήσεως,
919 5066 946 5116 ὁ
976 5060 1313 5133 παρακαλῶν
1364 5062 1513 5131 ἡμᾶς
1558 5061 1650 5113 ἐπὶ
1677 5060 1826 5130 πάσῃ

258 5157 315 5222 τῇ
343 5155 516 5226 θλίψει
541 5156 723 5228 ἡμῶν,
758 5156 894 5226 πρὸς
924 5154 987 5208 τὸ
1018 5152 1281 5207 δύνασθαι
1311 5153 1461 5222 ἡμᾶς
1485 5149 1824 5221 παρακαλεῖν

258 5246 371 5309 τοὺς
400 5251 456 5301 ἐν
488 5248 636 5321 πάσῃ
656 5246 853 5315 θλίψει,
874 5246 963 5300 διὰ
982 5246 1082 5315 τῆς
1106 5244 1527 5316 παρακλήσεως,
1554 5239 1623 5313 ἧς
1651 5258 1824 5308 napa-

262 5341 560 5410 καλούμεθα
587 5340 745 5394 αὐτοὶ
775 5341 879 5392 ὑπὸ
914 5339 1005 5392 τοῦ
1036 5338 1192 5391 Θεοῦ.
1244 5357 1261 5389 ι
1298 5330 1398 5388 Ὧν
1431 5336 1573 5388 οὕτω
1610 5335 1827 5405 γινομέ-

262 5448 285 5483 ν
306 5450 375 5495 δν,
401 5434 648 5501 ὄψεσθε,
674 5434 829 5503 φησὶ,
858 5432 956 5502 τὴν
978 5430 1309 5501 ἐπουράνιον
1351 5428 1757 5496 Ἰερουσαλὴμ,
1789 5428 1821 5497 ἦ

1931 4601 2153 4670 perfecti
2187 4611 2334 4662 sunt,
2367 4614 2484 4663 eos,
2536 4599 2629 4668 qui
2670 4598 2985 4661 initiantur,
3028 4596 3272 4650 humeris
3325 4607 3373 4649 et
3430 4612 3520 4665 ge-

1929 4696 2098 4746 nubus
2128 4693 2263 4762 ipsis
2292 4692 2652 4756 sustinentes,
2684 4690 2851 4745 veluti
2893 4697 3091 4742 matres
3132 4688 3518 4742 nutricautnr.

1928 4785 2040 4856 Ego
2066 4799 2195 4840 vero
2228 4792 2487 4853 tanquam
2514 4797 2713 4853 parens
2743 4782 3014 4846 omnium,
3044 4797 3161 4845 eos,
3188 4780 3280 4849 qui
3305 4781 3519 4833 tenuio-

1930 4894 2017 4933 res
2071 4878 2494 4946 egentioresque
2546 4874 2934 4938 consolantur,
2986 4875 3103 4944 ipse
3145 4872 3520 4926 consolaturus

1930 4986 2069 5023 sum.
2107 4968 2228 5035 Quo
2269 4967 2350 5034 fit,
2385 4977 2445 5021 ut
2486 4968 2630 5025 hunc
2672 4966 2727 5022 in
2779 4966 3001 5021 modum
3039 4966 3248 5021 scribat
3285 4964 3518 5033 Aposto-

1931 5062 2061 5117 lus;
2097 5081 2121 5113 ιΔ
2158 5061 2484 5115 Benedictus
2538 5060 2706 5122 Deus,
2764 5060 2928 5114 Pater
2988 5057 3526 5123 misericordiarum,

1930 5164 1983 5206 et
2020 5148 2160 5207 Deus
2189 5151 2359 5206 totius
2389 5151 2812 5209 consolationis.
2840 5150 2935 5221 qui
2967 5149 3291 5206 consolatur
3333 5163 3432 5205 nos
3461 5150 3518 5205 in

1931 5243 2079 5297 omni
2111 5242 2463 5299 tribulatione
2495 5250 2705 5307 nostra,
2740 5251 2798 5297 ut
2852 5241 3132 5311 possimus
3167 5249 3222 5294 et
3255 5240 3360 5309 ipsi
3387 5256 3521 5295 cou-

1931 5336 2096 5389 solari
2128 5350 2243 5398 eos,
2277 5334 2370 5404 qui
2402 5336 2456 5388 in
2504 5335 2651 5389 omni
2698 5349 2962 5404 pressura
2996 5343 3124 5390 sunt
3148 5350 3162 5399 ;
3186 5348 3291 5403 per
3320 5348 3521 5387 conso-

1930 5429 2208 5489 lationem,
2242 5442 2347 5497 qua
2379 5425 2853 5493 consolamuripsi
2901 5439 2931 5477 a
2970 5425 3078 5478 "eo
3119 5423 3185 5479 ⁸ο.
3220 5442 3239 5475 ι
3287 5422 3419 5489 Quae
3462 5423 3511 5475 si

323 5551 366 5581 ⁸⁵
388 5549 532 5606 Psal.
561 5568 781 5616 univ,
817 5553 900 5606 10.
978 5552 1024 5582 ⁸⁸
1050 5551 1197 5605 Psal.
1221 5565 1367 5617 wa,
1396 5547 1483 5605 10.
1560 5547 1606 5578 ⁸ο
1640 5545 1783 5601 Psal.
1824 5594 1825 5597 η

1931 5588 1944 5602 .
2106 5547 2150 5577 ⁵⁷
2177 5545 2321 5601 l’snl.
2356 5561 2519 5610 xxxv,
2552 5543 2604 5599 9.
2679 5542 2724 5574 ⁵⁸
2758 5544 2916 5598 Rom.
2944 5554 3060 5606 vut,
3097 5539 3187 5595 50.
3253 5537 3506 5594 “Matth.

267 5635 382 5675 itaut
408 5664 420 5686 ,
458 5624 543 5683 l0.
620 5622 665 5653 ⁶⁰
702 5622 740 5677 ll
769 5623 894 5678 Cur.
924 5638 966 5683 ι,
1012 5623 1063 5683 ’5,
1097 5623 1150 5675 4.

1592 5708 1823 5767 VARle
1869 5709 2266 5765 Llﬁtl'l‘lUNES.

341 5815 362 5851 Ρ
390 5825 471 5875 γρ.
511 5807 821 5859 ακὸληυθον.
912 5818 935 5856 ει
968 5808 1111 5860 γοναί,
1148 5808 1309 5857 ποιεῖ.
