4046 6386
451 315 468 329 ’
493 349 650 413 sror

1803 351 2186 422 .PROCOPII
2224 354 2470 417 GAZ/El'

3632 345 3776 408 2708

495 465 568 519 ita
601 463 718 519 ﬁeri
769 463 1074 536 contingat,
1122 465 1388 531 videbitis,
1428 463 1628 536 inquit,
1664 467 1947 523 caelestem
1977 467 2070 522 Je-

2206 470 2273 523 αἱ
2298 471 2462 524 αὐτὸν
2487 468 2580 521 τὸν
2599 466 2756 532 Θεδν,
2778 465 2842 519 τδ
2874 463 3088 536 ἐφετὸν,
3110 461 3208 516 καὶ
3239 459 3430 531 χαρᾶς
3459 456 3772 526 ἀνάμεστον

497 558 765 624 exsulem;
802 568 897 613 aut
935 561 1100 614 etiam
1131 557 1300 614 Deum
1333 559 1539 628 ipsum,
1578 560 1672 628 qui
1721 559 1846 615 linis
1873 568 1960 615 est
1983 575 2080 629 op-

497 663 664 716 tatus,
696 660 750 708 et
779 653 970 706 (tetitia
1009 652 1224 722 plenus.
1270 652 1561 706 Enimvero
1591 661 1646 707 et
1678 652 1936 708 Salvator
1962 653 2082 722 ipse

498 745 622 800 ideo
654 746 844 800 beatos
871 743 1155 814 praedicat,
1185 743 1281 812 qui
1319 742 1525 796 mundo
1551 753 1682 797 sunt
1709 742 1896 808 corde,
1935 742 2084 811 quod

502 838 668 894 Dequ
705 837 874 892 visuri
909 837 1022 891 sint
1064 836 1135 888 ⁶¹.
1164 835 1427 904 Sequitur
1459 853 1472 888 :
1505 833 1574 888 Et
1619 853 1744 890 ossa
1778 846 1950 890 vestra
1975 838 2085 890 sic-

500 939 558 983 ut
617 928 777 982 herba
832 927 1227 997 germinabunt.
1267 925 1506 998 Surgent
1562 928 1709 982 enim
1756 928 1991 992 mortui,
2031 937 2086 982 et

499 1020 892 1075 excitabuntur
956 1020 1050 1090 qui
1099 1020 1290 1088 jacent
1338 1019 1391 1073 in
1441 1021 1815 1075 monumentis
1859 1020 1938 1077 ⁶².
1989 1021 2083 1074 ubi

504 1128 629 1170 rore
663 1113 780 1179 illo,
815 1115 908 1185 qui
937 1127 1120 1170 manat
1146 1130 1175 1168 a
1207 1114 1452 1179 Christo,
1484 1115 1692 1185 Spiritu
1720 1115 1984 1170 nimirum
2003 1115 2088 1168 vi-

505 1206 666 1259 viﬁco
695 1207 854 1261 ditati
887 1207 1117 1270 fuerint,
1162 1207 1230 1262 de
1275 1223 1386 1278 quo
1430 1209 1512 1263 sic
1541 1205 1686 1276 apud
1719 1205 1957 1261 Psaltem
2010 1207 2106 1260 Ie-.

505 1294 684 1364 gimus
712 1312 727 1348 :
761 1313 784 1346 ι
818 1294 1018 1350 Emitte
1049 1296 1304 1366 Spiritum
1348 1307 1500 1351 tuum
1546 1304 1599 1351 et
1632 1296 1992 1361 creabuntur,
2033 1303 2090 1349 et

506 1386 797 1440 renovabis
825 1385 1019 1441 faciem
1049 1397 1208 1441 teme
1236 1388 1310 1452 ‘3;
1349 1407 1369 1438 ι
1415 1403 1522 1442 non
1570 1388 1730 1442 aliter
1762 1403 1924 1457 quam
1965 1404 2090 1458 (tua:

507 1477 560 1532 iu
598 1479 745 1547 agris
783 1479 1108 1544 ﬂoruerunt,
1163 1481 1453 1547 occidere,
1488 1496 1618 1535 vere
1666 1490 1846 1536 autem
1894 1496 2091 1536 rursus

506 1569 637 1623 oriri
670 1570 940 1626 videmus.
975 1572 1055 1626 Ad
1103 1572 1246 1626 hunc
1287 1588 1416 1628 vero
1457 1574 1680 1628 modum
1729 1575 1896 1628 etiam
1935 1575 2092 1629 inno-

509 1671 665 1716 tescet
710 1665 974 1720 omnibus
997 1665 1100 1719 ista
1137 1665 1254 1720 fieri
1291 1680 1402 1721 non
1458 1666 1698 1720 humana
1743 1666 1817 1731 vi,
1862 1667 1958 1722 sed
1997 1666 2090 1722 Dei

509 1767 707 1816 manu;
745 1753 796 1807 id
837 1764 920 1808 est
957 1754 1256 1826 Uuigeuiti,
1292 1772 1388 1826 per
1421 1773 1583 1826 quem
1609 1767 1663 1811 et
1701 1758 1822 1826 ipsa
1872 1759 2092 1814 exsistit

509 1851 856 1898 mortuorum
903 1846 1068 1917 756
1130 1848 1418 1903 suscitatio
1457 1868 1473 1902 ι

509 1938 862 1994 metuentibus
913 1956 1016 1994 non
1049 1940 1274 1995 obseura
1313 1940 1497 2010 futura
1526 1952 1626 1996 est.
1686 1941 1786 1998 Ubi
1844 1959 2087 2012 namque

509 2026 604 2082 Dei
639 2041 857 2096 metum,
914 2033 1008 2101 qui
1068 2048 1132 2088 ex
1190 2034 1458 2101 sapientia
1510 2041 1617 2097 est,
1687 2037 2088 2105 resumpserint

2181 561 2355 625 τέλος.
2390 560 2501 613 Καὶ
2531 560 2560 612 ὁ
2593 556 2782 630 Σωτὴρ
2803 557 2863 612 δὲ
2895 555 3192 627 μακαρίζει
3220 553 3348 615 τοὺς
3398 549 3686 620 καθαροὺς
3709 550 3778 618 τῇ

2183 654 2406 725 καρδίᾳ,
2434 655 2517 708 ὅτι
2569 653 2728 706 αὐτοὶ
2768 651 2859 705 τὸν
2893 651 3026 704 Θεὸν
3056 649 3301 718 ὄψονται.
3365 645 3479 701 Καὶ
3515 644 3595 698 τὰ
3628 642 3783 699 ὀστᾶ

2185 745 2373 814 ὑμῶν,
2407 743 2563 814 φησὶ,
2595 744 2751 808 πόας
2792 741 2974 807 δίκην
3013 738 3292 809 ἀνθήσει.
3347 735 3785 806 Ἐγερθήσονται

2185 837 2295 906 γὰρ
2313 836 2364 887 οἱ
2391 833 2600 905 νεκροὶ,
2619 833 2714 885 καὶ
2735 832 3138 902 ἀναστήσονται
3157 830 3207 882 οἱ
3238 829 3296 883 ὲν
3318 829 3434 890 τοίς
3463 824 3786 896 μνημείοις,

2186 925 2285 997 τὴν
2318 925 2471 995 παρὰ
2504 921 2745 994 Χριστοῦ
2781 922 3187 990 πλουτήσαντες
3217 918 3432 990 δρόσον,
3468 916 3534 970 τὺ
3561 913 3790 980 πνεῦμα

2187 1018 2390 1090 δηλαδὴ
2441 1018 2502 1070 τὸ
2573 1016 2863 1082 ζωοποιόν.
2932 1015 3069 1085 Περὶ
3097 1008 3173 1069 ῶν
3226 1016 3255 1068 ὁ
3306 1013 3546 1066 Ψάλλων
3580 1011 3784 1081 φησίν·

2196 1131 2214 1163 ι
2258 1110 2669 1175 Ἐξαποστελεῖς
2703 1109 2762 1162 τὸ
2821 1106 3040 1178 πνεῦμά
3088 1124 3183 1160 σου
3227 1107 3324 1159 καὶ⁵
3358 1105 3783 1176 κτισθήσονται,

2190 1202 2284 1255 καὶ
2334 1203 2671 1264 ἀνακαινιείς
2731 1199 2793 1254 τὸ
2843 1199 3141 1276 πρόσωπον
3191 1197 3292 1266 τῆς
3337 1197 3478 1267 γῆς·
3516 1197 3596 1259 ῶς
3626 1196 3698 1248 τὰ
3729 1199 3790 1248 ἐν

2191 1295 2382 1362 ἀγροῖς
2443 1293 2754 1363 ἀνθήσαντα
2815 1292 3026 1355 πίπτει,
3074 1291 3172 1342 καὶ
3220 1290 3386 1343 πάλιν
3441 1289 3662 1359 ἀνίσχει
3690 1288 3792 1340 τοῦ

2192 1387 2374 1455 ὲὰρος.
2407 1385 2566 1440 Οὕτω
2615 1385 2674 1437 δὲ
2707 1385 2804 1438 καὶ
2837 1382 3255 1454 γνωσθήσεται
3311 1383 3502 1445 πᾶσιν,
3553 1380 3632 1444 ὡς
3686 1381 3789 1434 οὑκ

2194 1478 2510 1549 ἀνθρωπίνη
2541 1476 2718 1532 ταῦτα
2752 1474 3024 1545 πεποίηκε
3056 1473 3311 1544 δύναμις,
3341 1472 3479 1526 Θεοῦ
3518 1473 3576 1526 δὲ
3620 1473 3784 1540 χείρ,

2194 1574 2222 1624 ὁ
2244 1570 2579 1640 Μονογενὴς,
2603 1569 2670 1622 δι’
2698 1563 2759 1623 οὗ
2790 1569 2884 1622 καὶ
2915 1571 2949 1638 ἡ
2981 1567 3092 1621 τῶν
3120 1568 3330 1639 νεκρῶν
3357 1568 3682 1628 ἀνάστασις
3720 1567 3790 1618 Ἦ

2195 1664 2292 1718 καὶ
2327 1662 2744 1733 γνωσθήσεται
2765 1660 2890 1726 τοῖς
2917 1659 3312 1728 φοϐουμένοις
3339 1658 3548 1712 αὐτόν.
3592 1658 3790 1710 Φόϐον

2196 1758 2304 1830 γὰρ
2332 1755 2686 1826 ἀνειληφότες
2719 1753 2856 1807 Θεοῦ
2885 1755 2979 1807 τὸν
3007 1754 3071 1808 ἐκ
3107 1753 3298 1822 σοφίας
3328 1753 3534 1825 (Ἀρχὴ
3558 1751 3673 1821 γὰρ
3701 1767 3787 1804 σο·

1529 1847 1663 1913 Qute
1707 1850 1870 1902 etiam
1923 1849 2093 1904 Deum

2206 1819 2328 1920 eicit;
2360 1819 2778 1918 (péﬁoc'Kupioa)
2808 1847 3116 1917 νοήσουσιν,
3161 1819 3238 1909 ῶς
3271 1819 3372 1900 οὐκ
3589 1819 3798 1914 χειρὸς

2198 1941 2360 2004 Θεοῦ,
2394 1939 2631 2010 τοσαύτη
2660 1939 2823 2009 χάρις
2849 1940 2929 2002 εἰς
2961 1937 3283 2009 ἀνθρώπους
3311 1940 3641 2022 ἐνήργησεν.
3665 1937 3788 1998 Τοῖς

2194 2033 2252 2086 δὲ
2284 2033 2359 2103 μὴ
2393 2030 2659 2092 τοιούτοις
2687 2028 3014 2097 ἀπειλήσει
3031 2029 3100 2082 τὰ
3121 2029 3466 2100 ὲπαγόμενα.

509 2121 769 2188 (initium
809 2124 954 2178 enim
1008 2127 1292 2194 sapientiae
1337 2128 1500 2180 timor
1553 2127 1764 2182 Domini
1801 2129 1883 2192 “,
1915 2130 1934 2200 )
1969 2146 2083 2185 non
2118 2130 2328 2198 absque
2356 2141 2519 2180 manu
2548 2123 2666 2191 Dei,
2707 2131 2916 2177 tantam
2971 2125 3205 2193 gratiam
3289 2125 3438 2199 inter
3517 2122 3811 2178 mortales-

510 2216 655 2269 vires
699 2231 831 2272 suas
893 2233 1148 2274 exercere
1210 2221 1474 2288 potuisse,
1549 2220 1876 2293 intelligent.
1926 2223 2040 2279 illis
2086 2232 2296 2286 autem,
2344 2217 2438 2290 qui
2489 2217 2628 2273 tales
2693 2231 2805 2271 non
2858 2214 3089 2283 iuerint,
3139 2231 3226 2282 ea,
3281 2231 3403 2286 quae
3453 2217 3800 2286 sequuntur,

511 2308 830 2366 minabitur.

581 2403 725 2458 Sunt
765 2422 918 2472 vero,
957 2410 1109 2478 quia
1151 2413 1334 2468 verbis
1385 2415 1526 2479 istis,
1585 2433 1686 2471 vox
1724 2417 1958 2480 Domini,
2017 2419 2090 2472 ita

508 2499 803 2567 explicent,
831 2510 889 2555 ut
923 2505 1107 2559 omnia
1142 2509 1382 2578 undique
1413 2509 1626 2578 justum
1679 2511 1771 2567 Dei
1814 2513 2121 2582 judicium~

508 2593 684 2648 velint
737 2611 1032 2663 resonare,
1091 2599 1342 2657 hostibus
1388 2606 1608 2674 quidem
1670 2585 1994 2676 subjugalis.
2039 2614 2093 2662 et

510 2688 718 2755 vietis;
763 2689 1031 2746 Ezechias
1073 2701 1256 2750 autem
1307 2695 1374 2751 de
1412 2697 1617 2768 templo
1650 2699 1932 2764 redeunte,
1970 2699 2094 2754 Dei-

509 2794 623 2848 que
661 2781 1000 2849 maiestatem
1034 2784 1370 2854 praedicante
1415 2787 1491 2855 ⁶⁵;
1532 2789 1665 2858 ipsis
1697 2789 1953 2860 denique,
1999 2791 2092 2860 qui

514 2869 629 2926 Deo
655 2871 1112 2940 adversabantur,
1165 2877 1357 2932 ultioni
1417 2881 1656 2934 traditis.
1719 2880 1858 2935 Sunt
1909 2889 2092 2936 tamen

514 2979 707 3034 ρωπος»
733 2967 976 3032 vitaturi,
1029 2971 1073 3024 si
1127 2971 1395 3040 pmuitere
1445 2973 1752 3042 contingat.
1789 2988 1898 3027 non
1935 2957 2096 3028 aliter

514 3073 684 3126 quam
733 3076 855 3130 qua:
893 3064 1189 3117 masculum
1248 3066 1464 3132 peperit.
1524 3066 1885 3122 Obliviscitur
1947 3068 2093 3121 enim

515 3147 782 3213 dolorum,
813 3165 878 3204 eo
906 3151 1026 3219 ipso
1054 3153 1199 3222 quod
1233 3156 1468 3224 peperit,
1501 3157 1936 3210 coasolationem
1965 3157 2095 3210 ade-

2270 2412 2428 2475 Τινὲς
2462 2411 2520 2464 δὲ
2567 2409 2674 2463 ἀπὸ
2703 2407 2821 2470 τοῦ,
2873 2408 3044 2477 φωνὴ
3087 2409 3330 2477 Κυρίου,
3377 2405 3554 2470 οὕτως
3581 2407 3798 2477 tam-

2201 2523 2381 2559 σαντο.
2418 2505 2604 2557 Πάντα
2635 2502 2745 2571 γὰρ
2769 2501 3114 2571 πανταχόθεν
3135 2500 3261 2568 βοᾷ
3289 2501 3389 2572 τὴν
3421 2501 3640 2553 δικαίαν
3671 2503 3802 2570 κρί-

2201 2615 2285 2651 σιν
2314 2596 2408 2650 τοῦ
2436 2595 2594 2659 Θεοῦ,
2630 2595 2909 2666 πολεμίων
2934 2595 3032 2666 μὲν
3057 2593 3618 2664 καταστρεφομὲνων,
3639 2592 3800 2656 Ἐζεο

2200 2691 2322 2744 κίου
2351 2689 2408 2742 δὲ
2439 2691 2503 2742 ὲκ
2526 2688 2621 2741 τοῦ
2651 2687 2783 2742 ναοῦ
2819 2687 3158 2750 ἐπανιόντος,
3190 2685 3263 2756 μὴ
3287 2684 3653 2754 κηρύττοντος
3695 2682 3801 2735 τοῦ

2200 2781 2337 2836 Θεοῦ
2365 2781 2465 2852 τὴν
2495 2781 2914 2852 μεγαλειότητα,
2939 2780 3034 2834 καὶ
3074 2778 3187 2832 τῶν
3229 2777 3630 2847 ἀντικειμένων
3673 2776 3804 2842 θεῷ

2200 2873 2652 2944 τιμωρουμένων.
2700 2871 3123 2941 Ἐκςρεύξονται
3144 2869 3318 2940 δὲτὴν
3339 2870 3495 2939 δίκην
3521 2870 3798 2938 μετανοήο

2204 2987 2394 3031 σαντες
2430 2969 2574 3022 καθά
2597 2969 2692 3022 καὶ
2726 2967 2864 3038 γυνὴ
2897 2968 3162 3021 τεκοῦσα
3199 2965 3410 3033 ἄρσεν.
3462 2962 3808 3016 Ἐπιλανθὰο

2203 3077 2352 3114 vetat
2388 3060 2496 3131 γὰρ
2528 3059 2648 3113 τῶν
2671 3058 2933 3122 ὠδίνων,
2967 3055 3318 3127 παραμύθιον
3366 3055 3566 3126 ἔχουσα
3601 3055 3664 3106 τὸ
3701 3071 3798 3106 τε-

2205 3149 2349 3220 χθὲν,
2387 3151 2528 3203 κατὰ
2575 3150 2657 3214 τὸ,
2709 3149 2826 3202 ”Οτ’
2877 3147 2943 3203 ἂν
2978 3150 3035 3202 δὲ
3079 3151 3339 3221 γεννήσῃ,
3374 3148 3520 3218 χαρᾷ
3587 3148 3801 3218 χαίρει,

519 3242 650 3303 pta;
681 3238 843 3305 quale
871 3247 955 3293 est
989 3241 1142 3305 illud,
1169 3244 1311 3312 quod
1347 3245 1629 3299 mulierem
1657 3261 1784 3299 cum
1814 3249 2091 3314 genuerit,

2206 3244 2278 3296 in
2309 3242 2576 3313 ἐγεννήθη
2612 3241 2900 3313 ἄνθρωπος
2935 3241 3030 3294 ἐπὶ
3057 3241 3157 3310 τῆς
3181 3241 3285 3308 γῆς
3325 3242 3406 3302 εις
3443 3240 3538 3292 τὸν
3564 3241 3798 3308 κόσμον.

521 3327 646 3382 ideo
681 3329 851 3383 lauari
885 3330 1141 3399 allirmat,
1184 3336 1328 3404 quod
1369 3337 1530 3392 homo
1582 3339 1636 3391 in
1685 3340 1947 3413 mundum
1983 3341 2100 3394 edi-

519 3429 609 3474 tus
644 3422 720 3475 sit
764 3423 830 3476 ⁸⁸.
874 3422 971 3478 Est
1017 3425 1185 3496 igitur
1217 3428 1419 3497 inquit,
1456 3430 1703 3485 dolorum
1740 3439 1954 3501 tempus
1986 3413 2100 3502 pm-

523 3511 748 3567 nitentia
794 3517 1348 3584 przevertendumwt
1407 3527 1668 3591 tauquam
1719 3539 1971 3592 puerum,
2011 3541 2104 3580 ve-

522 3615 693 3660 stram
725 3608 828 3677 ipsi
854 3609 1084 3665 salutem
1112 3621 1269 3681 partu
1299 3613 1616 3669 euitamiui.
1670 3615 1868 3670 Volunt
1922 3626 2103 3672 autem

526 3696 924 3770 Hierosolymis
976 3702 1079 3757 ista
1130 3706 1449 3776 contigisse,
1489 3722 1613 3776 quae
1650 3707 1801 3763 brevi
1857 3717 2106 3777 tempore

523 3797 698 3860 gentes
746 3794 1038 3860 quaslibet,
1099 3812 1342 3864 suosque
1397 3799 1736 3854 habitatores
1792 3817 2106 3870 resumpse-

527 3881 658 3933 rint.
700 3879 796 3936 Est
830 3884 979 3937 enim
1018 3885 1160 3940 Deus
1204 3886 1342 3956 ipse,
1390 3889 1483 3956 qui
1540 3891 1878 3944 sterilitatem
1924 3891 2121 3958 fecun-‘

525 3972 851 4043 ditatemque
903 3976 1151 4046 largitur.
1214 3978 1354 4045 Quia
1406 3989 1585 4036 autem
1623 3983 1861 4037 animam
1906 3985 2107 4040 futuris

527 4065 687 4120 bouis
711 4075 870 4120 antea
908 4081 1204 4130 reerearat.
1234 4073 1406 4140 ipsam
1428 4073 1732 4130 Jerusalem
1764 4076 1942 4130 (tt-tari
1970 4094 2108 4147 prmv

524 4158 679 4227 eipit,
717 4176 824 4214 non
855 4163 1194 4217 eversionem
1227 4182 1382 4220 suam
1425 4167 1600 4238 lugere
1623 4211 1639 4234 ,
1670 4171 1764 4225 sed
1799 4188 1920 4240 qua:
1953 4181 2106 4241 post-

524 4267 586 4305 ca
626 4261 881 4307 secutura
915 4266 1032 4317 est.
1080 4260 1308 4327 gloriam
1343 4263 1695 4317 considerare
1723 4305 1736 4328 ,
1787 4281 2100 4334 puerosque

525 4360 655 4400 suos
697 4357 957 4418 tauquam
992 4350 1058 4404 ab
1088 4353 1333 4406 uberibus
1375 4370 1598 4423 pascere
1640 4376 1654 4410 :
1706 4358 1836 4426 quia
1869 4373 1968 4412 eos
2019 4359 2106 4412 in-

521 4437 770 4494 tuiturus
798 4442 872 4495 sit
907 4441 1188 4507 Dominus,
1225 4461 1512 4515 pacemque
1561 4447 1787 4500 multam
1842 4449 2102 4514 (laturus,

524 4528 809 4596 ﬂuviorum
852 4550 1002 4587 more
1039 4540 1502 4592 concurrentibus
1540 4539 1608 4591 ad
1641 4555 1765 4592 eum
1812 4541 2099 4596 omnibus.

525 4620 664 4690 ipsis
693 4625 836 4676 enim
869 4627 1100 4695 gentium
1128 4632 1357 4698 gloriam
1390 4631 1670 4701 largietur,
1706 4642 1765 4686 ιιι
1796 4633 1937 4688 ﬁlios
1973 4633 2108 4703 ipsa:

525 4718 579 4761 et
610 4709 750 4764 tilias
779 4713 1010 4768 humeris
1066 4716 1119 4770 iu
1175 4720 1452 4773 civitatem
1499 4720 1800 4776 Jerusalem
1861 4735 2108 4792 portent,

529 4798 640 4853 Deo
668 4800 808 4871 ipso,
839 4807 1028 4860 matris
1062 4806 1259 4874 instar,
1296 4811 1561 4865 auxilium
1615 4829 1916 4882 eiu-umque
1952 4829 2107 4868 suam

525 4891 878 4963 adjungente,
920 4899 1019 4966 qui~
1051 4914 1146 4954 eos
1178 4917 1343 4970 super
1388 4904 1571 4957 futura
1625 4907 1940 4959 calamitate
1987 4923 2114 4959 con-

526 4984 748 5054 soletur,
783 5004 1037 5060 novaque
1057 4992 1293 5059 quadam
1329 4997 1568 5058 ratione,
1601 5005 1659 5048 ut
1691 5015 1838 5062 ossa,
1880 4997 1948 5050 de
1977 4999 2109 5067 qui-

527 5077 632 5133 bus
662 5087 764 5149 est
823 5083 967 5151 apud
1023 5082 1364 5141 Ezechielem
1419 5088 1500 5152 θ’,
1542 5090 1595 5142 iu
1651 5092 1818 5143 vitam
1869 5101 2108 5146 revocet.

526 5165 850 5225 Gestamina
899 5189 1088 5240 porro,
1133 5175 1251 5229 sive
1300 5193 1468 5232 onera
1517 5181 1786 5249 ipsorum,
1843 5183 2108 5235 honorem

527 5277 655 5316 eum
712 5263 983 5333 intellige,
1015 5283 1180 5336 quem
1213 5268 1277 5322 tte
1321 5271 1564 5339 gentibus
1594 5273 1702 5327 sibi
1754 5283 2110 5344 pepererunt,

529 5371 644 5423 quo
703 5367 968 5428 tempore,
1007 5363 1317 5416 secundum
1375 5365 1895 5431 praeordinatiouem
1943 5367 2105 5436 757

531 5447 769 5514 Domini,
812 5467 937 5506 cum
977 5454 1120 5506 Darii
1170 5455 1426 5524 praesidio
1455 5456 1720 5512 adhibitis
1765 5457 1946 5527 epulis
1995 5465 2114 5511 tuta

601 5566 648 5597 “
683 5565 880 5627 Matth.
911 5587 960 5632 ν,
985 5571 1036 5621 8.

530 5651 650 5699 ltx,
683 5638 703 5689 l
743 5654 900 5709 seqq.

1117 5570 1162 5602 "
1198 5570 1330 5624 Dan.
1368 5589 1473 5647 xu.
1507 5573 1563 5647 ἓ,
1591 5572 1846 5647 5;“.ioan.
1875 5591 1927 5634 ν,
1952 5574 2046 5637 28,
2080 5573 2172 5627 29.

1002 5641 1047 5672 ⁶⁶
1066 5639 1224 5696 Joan.
1258 5659 1380 5710 xw,
1415 5639 1540 5705 ειιζ
1579 5648 1623 5683 ⁸⁷
1657 5643 1853 5699 Ezech.
1887 5661 2081 5711 xxxvu,
2142 5647 2162 5696 l
2200 5659 2357 5711 seqq.

2205 3336 2554 3406 Προληπτέον
2588 3331 2703 3400 οὖν,
2753 3334 2908 3404 φησὶ,
2937 3337 3002 3405 τῇ
3032 3333 3292 3403 μετανοίᾳ
3320 3333 3413 3386 τὸν
3455 3335 3650 3403 καιρὶν
3678 3332 3812 3386 τῶν

2205 3425 2458 3480 ὠδίνων.
2509 3427 2622 3480 Καὶ
2678 3425 2870 3498 ὥσπερ
2921 3426 3110 3490 παῖδα,
3137 3425 3237 3495 τὴν
3273 3425 3486 3478 ἑαυτῶν
3518 3426 3808 3496 σωτηρίαν

2206 3520 2581 3589 ἀποκυήσατε.
2629 3519 2755 3572 Ἐπὶ
2775 3518 2832 3571 δὲ
2857 3517 2958 3586 τῆς
2984 3517 3348 3588 Ἰερουσαλὴμ
3372 3515 3548 3570 ταῦτα
3573 3518 3805 3587 γεγενῆο

2209 3612 2332 3667 σθαι
2365 3629 2532 3681 φασιν
2578 3613 2640 3664 ἐν
2686 3611 2884 3682 βραχεί
2927 3611 3106 3681 χρόνῳ
3154 3611 3304 3664 ἆπαν
3355 3610 3422 3664 τὸ
3467 3611 3666 3677 ἔθνος,
3705 3613 3807 3663 καὶ

2205 3707 2331 3770 τοὺς
2367 3705 2530 3768 ἰδίους
2558 3703 3061 3774 ἀπολαμϐανούσης
3099 3703 3416 3773 οἰκήτορας.
3449 3703 3582 3766 Θεὸς
3611 3703 3724 3772 γὰρ
3774 3705 3810 3753 ὁ

2208 3797 2530 3865 στείρωσιν
2552 3795 2750 3859 διδοὺς,
2777 3794 2876 3848 καὶ
2909 3793 3122 3864 γονήν.
3167 3794 3562 3865 Προεστιαθεὶς
3610 3795 3668 3846 δὲ
3701 3798 3806 3864 τὴν

2207 3885 2384 3956 ψυχὴν
2410 3885 2503 3939 ἐπὶ
2526 3888 2637 3949 τοίς
2663 3885 2952 3956 μέλλουσιν
2977 3885 3224 3954 ἀγαθοῖς,
3255 3889 3321 3956 τῇ
3356 3884 3512 3938 πόλει
3542 3885 3814 3954 εὐφράν-

2209 3980 2358 4044 θητι,
2396 3978 2580 4047 φησὶν,
2621 3977 3027 4046 Ἰερουσαλὴμ
3061 3979 3134 4047 μὴ
3162 3977 3475 4033 πενθοῦσα
3497 3979 3598 4047 τὴν
3624 3995 3808 4032 κατα-

2212 4073 2473 4141 στροφὴν,
2493 4067 2602 4142 τὴν
2635 4072 2773 4142 μετὰ
2803 4071 2979 4125 ταῦτα
3008 4072 3066 4126 δὲ
3097 4072 3288 4136 δόξαν
3313 4071 3668 4142 λογιζομένη.
3695 4074 3814 4126 Καὶ

2209 4165 2285 4228 ῶς
2313 4165 2432 4218 ἀπὸ
2462 4164 2714 4234 μαστῶν
2739 4165 2909 4235 τρέφε
2958 4166 3088 4228 τοὺς
3112 4164 3308 4228 παῖδας
3344 4181 3465 4228 σου,
3497 4164 3634 4217 διότι
3685 4165 3812 4218 ἐπι-

2210 4255 2468 4324 σκέψεται
2499 4256 2704 4326 Κύριος
2731 4257 2930 4320 αὐτοὺς
2953 4298 2967 4322 ,
3009 4257 3276 4327 πλείστην
3307 4257 3559 4326 εἰρήνην
3601 4258 3810 4322 διδοὺς,

2210 4348 2305 4402 καὶ
2333 4349 2552 4401 πάντων
2585 4347 2934 4415 ποταμηδόν
2964 4351 3042 4411 εἰς
3070 4348 3240 4416 αὐτὴν
3266 4349 3635 4418 συρρεόντων.
3678 4348 3814 4401 Td»-

2210 4441 2316 4511 γὰρ
2341 4438 2538 4494 ἐθνῶν
2589 4441 2775 4502 αὐτοῖς
2834 4443 3110 4509 χαριεῖται
3145 4442 3262 4506 τὴν
3312 4442 3524 4507 δόξαν,
3553 4441 3627 4504 ὡς
3674 4442 3813 4504 τοῦς

2213 4533 2362 4596 uiola;
2395 4531 2569 4598 αὐτῆς
2604 4542 2650 4598 τ,
2688 4531 2783 4585 καὶ
2812 4531 3123 4602 θυγατέρας
3153 4533 3246 4584 ἐπ’
3282 4534 3456 4602 ὤμων
3485 4533 3695 4602 φέρειν
3719 4536 3815 4599 εις

2227 4624 2641 4692 Ἰερουσαλὴμ,
2703 4623 2859 4687 Θεοῦ,
2921 4624 3079 4693 δίκην
3131 4623 3407 4693 μητέρος,
3448 4627 3548 4695 τὴν
3608 4626 3815 4678 ἑαυτοῦ

2214 4717 2544 4788 κηδεμονίαν
2567 4717 2920 4786 παρέχοντος,
2958 4717 3052 4770 ἐπὶ
3086 4720 3149 4786 τῇ
3204 4717 3555 4790 προλαδούσῃ
3610 4734 3812 4786 παρω-

2213 4810 2550 4875 καλοῦντος
2581 4809 2780 4872 αὐτοὺς
2817 4811 3096 4880 συμφορᾷ,
3130 4810 3224 4861 καὶ
3248 4810 3450 4879 τρόπον
3476 4811 3597 4862 τινὰ
3638 4811 3813 4864 πάλιν

2214 4901 2510 4956 ἀναϐιῶναι
2547 4903 2898 4971 ποιήσαντος,
2955 4903 3094 4953 κατᾶ
3125 4902 3191 4953 τὰ
3223 4901 3373 4971 παρά
3421 4901 3500 4971 τῷ
3545 4901 3815 4973 Ἰεζεκιὴλ

2215 4993 2388 5051 ὀστᾶ.
2433 4995 2810 5064 Βαστάγ-ματα
2835 4993 2891 5046 δὲ
2923 4994 3104 5047 αὐτῶν
3138 4993 3235 5064 τὴν
3265 4993 3383 5047 ἀπὸ
3441 4993 3562 5047 τῶν
3612 4995 3816 5048 ἐθνῶν

2215 5089 2324 5140 νόει
2377 5087 2584 5158 τιμὴν,
2651 5088 2792 5140 κατᾶ
2847 5087 3110 5156 πρόταξιν
3166 5087 3394 5154 Κυρίου,
3435 5087 3530 5139 καὶ
3571 5087 3815 5157 Δαρείου

2219 5180 2356 5250 μετὰ
2391 5179 2714 5250 δορυφορίας
2748 5179 3216 5248 παραπέμψαντος
3270 5181 3470 5242 αὐτοὺς
3493 5181 3552 5231 ἐν
3598 5179 3816 5249 εὐωχίᾳ

2222 5291 2281 5326 τε
2311 5276 2406 5326 καὶ
2439 5275 2652 5343 εἰρήνῃ,
2686 5272 2796 5324 τῶν
2830 5271 2990 5340 ἱερῶν
3025 5274 3209 5334 αὐτοῖς
3239 5272 3452 5325 σκευῶν
3477 5271 3815 5341 ἁποδεδομὲδ

2225 5381 2351 5427 κων,
2379 5364 2475 5416 καὶ
2504 5362 2642 5432 μετὰ
2668 5362 2762 5415 τοῦ
2806 5363 2934 5416 ναοῦ
2989 5363 3391 5434 ἀνοικισθείσης
3421 5364 3521 5433 τῆς
3572 5364 3810 5428 πόλεως.

2228 5458 2292 5508 Ὀ
2322 5456 2412 5508 καὶ
2448 5455 2585 5526 μετὰ
2627 5455 2725 5527 τὴν
2759 5454 2853 5508 τοῦ
2897 5456 3151 5527 Σωτῆρος
3175 5457 3425 5526 φαίνεται
3475 5456 3810 5526 παρουσίαν.

2269 5573 2314 5604 ⁸³
2343 5572 2488 5626 Psal.
2526 5587 2657 5637 CIII,
2697 5573 2792 5628 ὅθ.
2903 5573 2950 5605 ⁸⁸
2981 5572 3124 5629 Psal.
3172 5585 3262 5638 cx,
3305 5571 3389 5627 l0.
3491 5569 3536 5603 "
3565 5569 3634 5625 Ν
3664 5569 3812 5646 Reg.

1821 5736 2052 5794 VARIJE
2090 5734 2501 5794 LECTIONES.

579 5830 602 5864 ¹
635 5842 722 5895 :‘p.
756 5826 916 5880 αὐτὰ.
