4014 6556
76 462 262 529 21709

1289 459 1824 522 COMMENTARII
1872 460 1954 521 IN
1997 461 2281 521 ISAIAM.

3267 459 3422 522 271i)

77 579 221 651 Τὴν
257 582 464 655 ἀληθῆ
489 579 598 653 γὰρ
628 578 830 640 πάντες
875 573 1288 647 μεταδιώκομεν
1341 571 1734 643 Ἰερουσαλὴμ

1840 587 1970 643 pace
2009 573 2229 629 dimissi
2269 580 2433 641 sunt;
2479 587 2603 629 cum
2656 571 2797 644 ipsis
2855 571 3020 628 etiam
3067 571 3279 628 reddita
3319 583 3406 630 est

76 676 431 742 φέροντες
472 675 599 737 τοὺς
645 669 866 741 ἀληθεῖς
919 667 1207 731 Ἰουδαίους
1250 667 1345 720 ἐπ’
1390 662 1586 734 ὤμων,
1626 666 1724 718 καί

1840 665 2101 736 supellex,
2135 680 2259 720 cum
2313 665 2574 736 templum
2622 665 2879 736 denique,
2929 664 3158 736 ipsaque
3205 665 3400 720 civitas

78 766 438 833 γονάτων,
473 767 561 820 ὅτε
608 763 758 833 μετὰ
805 759 1008 830 χεῖρας
1052 760 1250 830 ἔχομεν
1272 759 1399 821 τοὺς
1426 757 1730 827 μακαρίους

82 859 460 929 προφήτας,
483 856 576 910 ἐπὶ
597 855 690 909 τὸν
717 855 849 907 Θεὸν
883 852 1193 916 ἐλπίζοντες
1237 850 1490 921 Ἀϐραάμ
1513 866 1528 882 ·
1564 849 1644 904 ἔτι
1671 851 1729 903 δὲ

83 950 210 1000 καὶ
253 950 389 1001 τῶν
424 946 742 1001 ἀποστόλων
796 941 934 1013 μετὰ
986 940 1082 994 τοῦ
1133 940 1388 1010 Σωτῆρος
1440 938 1510 991 τὰ
1551 939 1732 1009 βιϐλία

81 1038 258 1106 ταῖς
313 1039 493 1110 χερσί
544 1035 950 1108 περιφέρομεν·
985 1034 1077 1086 καὶ
1126 1032 1218 1085 ἐπὶ
1273 1031 1374 1100 τῆς
1419 1029 1652 1083 ἐνταῦθα
1672 1029 1730 1082 δὲ

100 1130 550 1200 Ἰερουσαλὴμ
573 1128 780 1197 ἀληθὴς
801 1128 831 1180 ὁ
854 1126 1035 1194 λόγος,
1063 1126 1144 1186 είς
1163 1123 1231 1196 ἦν
1255 1120 1548 1176 σπεύδουσι
1577 1118 1732 1190 βασις

85 1219 235 1286 λεῖς
278 1224 386 1276 καὶ
418 1221 546 1291 ἔθνη
569 1216 660 1272 διὰ
685 1217 777 1270 τὸν
807 1216 1056 1286 Σωτῆρα.

1836 757 2144 812 instaurata
2175 766 2306 812 sunt
2353 757 2440 813 "z
2494 756 2640 828 quod
2695 757 2862 812 etiam
2921 751 3046 827 post
3101 755 3403 811 Salvatoris

1836 846 2130 901 adventuum
2162 847 2465 918 contigisse
2495 848 2732 903 videtur.
2778 847 2859 902 Ad
2891 863 3074 902 veram
3100 849 3245 904 enim
3291 863 3410 901 om-

1837 953 1936 994 nes
1964 937 2262 994 Jerusalem
2297 941 2600 1002 tendimus;
2625 955 2786 995 veros
2823 938 3042 1013 Iudaeos
3085 940 3142 995 in
3179 940 3412 994 humeris

1837 1041 1888 1086 et
1916 1032 2158 1102 gentibus
2187 1043 2480 1102 portantes,
2524 1047 2649 1088 cum
2691 1033 2880 1089 beatos
2909 1032 2964 1086 in
2999 1033 3240 1086 manibus
3281 1047 3413 1103 pro-

1838 1125 2037 1194 phetas
2062 1134 2362 1196 gestamus,
2395 1124 2491 1194 qui
2524 1124 2578 1179 in
2633 1123 2798 1180 Deum
2829 1124 3126 1179 Abrahami
3165 1139 3292 1195 spes
3319 1140 3414 1178 no-

1841 1221 1988 1269 stras
2017 1215 2377 1271 collocamus.
2409 1214 2796 1284 Apostolorum
2824 1230 3038 1281 rursus,
3081 1213 3415 1270 Salvatoris-

93 1332 236 1386 que
276 1318 463 1371 libros
511 1313 758 1368 manibus
793 1311 1266 1366 circumferitnus.
1297 1309 1396 1364 Est
1427 1318 1693 1380 prmterea
1720 1307 1789 1362 de
1821 1307 2145 1375 Jerusalem,
2180 1325 2304 1381 quas
2330 1310 2421 1365 hic
2446 1309 2694 1376 habetur,
2735 1312 2958 1366 minime
2988 1310 3223 1368 mendax
3289 1326 3416 1367 ora-

93 1412 225 1476 tio,
281 1411 359 1466 ad
390 1425 553 1482 quam
583 1419 636 1463 et
660 1423 817 1477 reges
847 1407 1016 1474 ipsos,
1056 1416 1110 1460 et
1155 1416 1341 1474 gentes
1385 1406 1547 1460 etiam
1593 1411 1816 1474 propter
1847 1400 2184 1457 Salvatorem
2211 1418 2506 1474 properare
2535 1412 2742 1459 certum
2777 1415 2882 1460 est.

193 1505 423 1559 ιε’-κδ’.
455 1501 603 1555 Ἰδοὺ
632 1501 740 1571 γὰρ
770 1501 985 1566 Κύριος
1013 1497 1094 1562 ὡς
1145 1496 1265 1563 πῦρ
1314 1495 1470 1563 ἣξει,
1523 1495 1622 1548 καί
1652 1494 1734 1559 ὡς

99 1592 419 1662 καταιγίς
471 1593 545 1645 τὰ
603 1589 834 1658 ἅρματα
880 1585 1068 1640 αὑτοῦ
1101 1583 1434 1640 ἀποδοῦναι
1475 1583 1543 1637 ἑν
1571 1580 1735 1651 θυμῷ

102 1687 490 1753 ἐκδίκησιν,
522 1683 622 1737 καί
660 1677 1198 1747 ἀποσκορακισμὸν
1235 1677 1422 1731 αὑτοῦ
1450 1677 1520 1730 ἐν
1555 1675 1735 1746 φλογί

106 1781 364 1848 πυρός.
403 1778 500 1830 Ἐν
525 1774 635 1845 γὰρ
663 1772 742 1839 τῷ
763 1771 906 1840 πυρί
931 1771 1152 1838 Κυρίου
1183 1768 1526 1838 κριθήσεται
1565 1765 1735 1820 πᾶσα

110 1871 160 1938 ἡ
206 1869 326 1939 τῆ,
379 1868 476 1923 καί
511 1869 580 1920 ἐν
622 1863 697 1934 τῇ
741 1864 1011 1932 ῥομφαίᾳ
1062 1861 1271 1926 αὐτοῦ,
1326 1859 1495 1916 πᾶσα
1551 1858 1731 1927 σάρξ.

110 1923 378 2016 i‘lohlwol
417 1923 767 2028 τραυματίαι
795 1923 1037 2008 scorta:
1068 1953 1188 2008 ὑπὸ
1230 1923 1476 2020 Κυρίου,
1511 1923 1737 2021 ἀτνίζό-
1767 1923 1808 1978 Β

110 2072 342 2125 μενοι,
371 2053 469 2107 καί
491 2049 937 2118 καθαριζόμενοι
969 2050 1057 2111 είς
1093 2045 1237 2110 τοὺς
1260 2043 1518 2111 κήπους,
1551 2042 1648 2096 καί
1669 2043 1738 2095 ἐν

115 2147 274 2214 τοῖς
299 2146 618 2215 προθύροις
637 2143 922 2206 ἔσθοντες
943 2139 1120 2209 κρέας
1149 2139 1338 2201 ὕειον,
1369 2137 1468 2191 καὶ
1497 2138 1568 2190 τὰ
1592 2135 1738 2201 ,βδε-

119 2240 447 2309 λύτμίιτα,
482 2236 579 2290 καὶ
609 2235 718 2289 τὸν
745 2234 888 2304 μῦν,
919 2232 1018 2286 ἐπὶ
1039 2235 1104 2284 τὸ
1129 2232 1273 2284 αὐτὸ
1305 2227 1735 2295 ἀναλωθήσον-

122 2347 266 2394 ται,
295 2325 428 2383 εἷπε
459 2329 695 2395 Κύριος.
733 2325 906 2393 Κάγὼ
952 2324 1025 2376 τὰ
1054 2323 1198 2395 ἔργα
1243 2318 1464 2384 αὐτῶν,
1500 2318 1601 2373 καί
1630 2321 1739 2374 τὸν

123 2420 453 2491 λογισμὸν
487 2418 688 2473 αὐτῶν
705 2417 1051 2484 ἐπίσταμαι.
1089 2432 1143 2470 κ.
1175 2432 1228 2468 τ.
1258 2413 1309 2468 λ.

213 2511 336 2575 Τὰς
367 2511 476 2564 τῶν
503 2510 909 2564 πιστευσόντων
937 2507 1274 2576 ἐπαγγελίας
1309 2505 1500 2571 εἰπὼν,
1533 2507 1629 2560 καὶ
1659 2507 1736 2571 ὡς

127 2603 446 2673 ἀπειλήσει
478 2603 592 2665 τοῖς
626 2600 960 2668 ἀπειθήσασι
1011 2599 1111 2669 τὴν
1154 2597 1406 2668 ἀπειλὴν,
1458 2597 1736 2650 ἐκτίθεται

132 2696 251 2750 νῦν
281 2695 381 2766 τὴν
432 2693 640 2758 ἔνδοξον
687 2691 852 2746 αὑτοῦ
908 2691 1215 2760 παρουσίαν
1237 2730 1251 2754 ,
1283 2689 1460 2760 δηλῶν
1489 2691 1579 2742 ὅτε
1604 2688 1738 2756 ἣξει

142 2787 304 2858 μετὰ
331 2789 431 2856 τῆς
455 2785 613 2853 δόξης
648 2783 744 2836 τοῦ
777 2783 1044 2854 Πατέρος,
1085 2783 1181 2837 καὶ
1211 2783 1321 2834 τῶν
1347 2781 1596 2849 ἀγγέλων
1644 2783 1740 2834 αὑ-

133 2878 272 2941 τοῦ,
301 2879 484 2946 κρῖναι
514 2875 722 2940 ζῶντας
751 2876 844 2929 καὶ
875 2874 1122 2944 νεκρούς.
1156 2873 1231 2926 Τὸ
1281 2873 1338 2928 δὲ
1388 2872 1638 2941 ὡς’πῦρ,
1669 2873 1740 2926 ἐν

133 2970 299 3037 πυρί
330 2971 674 3041 ἑρμὴνευσαν
695 2968 744 3020 oi
780 2967 980 3020 λοιποί.
1015 2967 1274 3035 "Apparet
1297 2965 1354 3018 δὲ
1387 2965 1582 3033 λέγων,
1611 2965 1739 3029 τοὺς

135 3061 442 3129 ἀγγέλους,
478 3062 571 3114 καὶ
601 3059 700 3122 τὰς
732 3059 861 3131 περὶ
889 3059 1052 3112 αὐτὸν
1085 3059 1342 3126 δυνάμεις
1382 3058 1566 3126 δηλοῖ,
1595 3058 1739 3112 κατὰ

88 3188 92 3190 -
136 3153 210 3205 τὸ
243 3154 300 3203 ὲν
329 3151 610 3221 Ψαλμοῖςο
646 3168 664 3201 ι
702 3150 775 3202 Τὸ
802 3149 954 3220 ἆρμα
994 3147 1088 3200 τοῦ
1125 3147 1259 3200 Θεοῦ
1309 3147 1734 3218 μυριοπλάσιον,

1911 1491 2076 1548 Vens.
2113 1493 2306 1549 15-24.
2345 1493 2478 1548 Ecce
2500 1497 2637 1549 enim
2677 1495 2950 1561 Dominus,
2983 1498 3138 1566 quasi
3171 1498 3308 1569 ignis
3331 1515 3415 1553 ee-

1838 1583 1968 1646 niet,
1995 1583 2164 1654 758
2185 1594 2234 1637 et
2266 1586 2422 1654 quasi
2453 1595 2731 1654 tempestas
2753 1598 2947 1640 currus
2971 1589 3105 1656 ejus,
3131 1600 3190 1642 ut
3228 1590 3417 1644 reddat

1837 1676 1891 1730 in
1915 1676 2093 1744 furore
2119 1677 2395 1738 ultionem,
2421 1688 2470 1731 et
2495 1679 2903 1743 increpationem
2926 1695 3080 1734 suam
3118 1682 3172 1734 in
3194 1683 3415 1750 ﬂamma

1838 1765 1997 1832 ignis.
2035 1764 2099 1819 In
2129 1767 2244 1836 igne
2271 1767 2409 1819 enim
2434 1766 2653 1821 Domini
2676 1767 3008 1836 iudicabitur
3033 1771 3206 1824 omnis
3249 1781 3413 1833 terra,

1838 1869 1888 1913 et
1916 1860 1969 1912 in
1997 1859 2182 1930 gladio
2219 1858 2334 1928 ejus
2374 1859 2526 1914 cadet
2558 1861 2803 1914 universa
2853 1877 3001 1917 caro.
3038 1861 3202 1916 Mulli
3239 1866 3414 1918 vulne-

1839 1952 1946 2004 rati
1984 1961 2139 2005 erunt
2177 1951 2231 2004 in
2263 1950 2510 2006 Domino.
2549 1952 2657 2018 Qui
2689 1955 3118 2022 sanctiﬁcanlur,
3151 1966 3199 2010 et
3229 1957 3419 2025 puriﬁ-

1839 2058 2032 2098 cantur
2071 2047 2126 2098 in
2149 2047 2350 2110 hortis,
2391 2056 2442 2101 et
2483 2049 2536 2100 in
2578 2047 2870 2112 liminibus,
2916 2049 3241 2104 comedentes
3295 2067 3415 2103 car-

1840 2156 1954 2192 nem
2001 2142 2298 2208 porcinam,
2334 2150 2382 2195 et
2423 2141 2866 2207 abominatioues,
2899 2151 2950 2196 et
2975 2159 3205 2207 murem,
3257 2145 3417 2198 simul

1839 2240 2232 2295 consumentur,
2276 2232 2405 2285 dicit
2445 2231 2724 2285 Dominus.
2762 2230 2828 2285 Et
2873 2249 2968 2303 ego
3020 2250 3181 2303 opera
3211 2251 3414 2297 eorum,

1837 2331 1887 2376 et
1921 2323 2270 2391 cogitationes
2303 2339 2486 2377 eorum
2533 2325 2673 2391 novi,
2711 2331 2816 2378 etc.

1910 2503 2209 2576 Postquam
2267 2521 2459 2561 eorum
2512 2506 2934 2577 promissiones,
2993 2509 3084 2577 qui
3151 2509 3417 2564 credituri

1838 2606 2045 2661 essent,
2095 2607 2149 2650 et
2179 2612 2263 2661 ea,
2296 2613 2416 2668 qum
2461 2612 2520 2652 se
2554 2597 2932 2666 pertinacibus
2967 2599 3302 2654 minatur-um
3335 2600 3421 2654 di-

1842 2687 1944 2752 xit,
1991 2690 2296 2752 enarravit,
2328 2688 2551 2758 exponit
2577 2688 2690 2758 jam
2722 2690 3023 2758 gloriosum
3065 2690 3184 2758 ejus
3217 2691 3422 2746 adven-

1839 2785 1978 2840 tum,
2032 2779 2419 2833 demonstrans
2469 2794 2579 2849 quo
2628 2790 2873 2848 tempore
2921 2780 3100 2835 Patris
3135 2782 3334 2849 gloria,
3369 2792 3424 2838 et

1839 2875 2050 2944 angelis
2090 2874 2212 2943 ejus
2263 2875 2584 2938 comitatus,
2636 2874 2789 2930 vivos
2835 2885 2886 2929 et
2937 2877 3421 2946 n-ortuosjudica-

1839 2974 1953 3019 tum
2005 2975 2255 3020 venturus
2279 2966 2347 3020 sit
2396 2966 2461 3019 θ’.
2495 2964 2650 3031 Quod
2681 2972 2864 3019 autem
2905 2965 3043 3019 sicut
3069 2966 3206 3036 ignis
3258 2968 3426 3023 habe-

1841 3071 2001 3119 tnus,
2036 3059 2090 3112 in
2121 3058 2241 3128 igne
2295 3059 2477 3113 cmteri
2537 3057 2798 3113 dixerunt
2858 3057 3208 3128 interpretes.
3261 3059 3428 3130 759

1841 3145 2113 3202 Curruum
2160 3150 2358 3204 deinde
2387 3150 2627 3215 nomine,
2683 3149 2930 3220 angelos,
2967 3160 3040 3216 et,
3089 3167 3210 3220 qua:
3243 3151 3422 3222 ipsum

140 3241 394 3313 χιλιάδες
426 3239 818 3309 εὐθηνούντων.
858 3257 877 3290 ι
921 3239 1016 3304 Ὧς
1055 3237 1322 3307 καταιγὶς
1353 3237 1411 3290 δὲ
1451 3237 1580 3306 ἥξει
1609 3237 1734 3304 τοῖς

1841 3240 2114 3306 ambiunt,
2173 3248 2488 3322 potestates.
2533 3240 2847 3295 intellexit:
2911 3241 3074 3310 quale
3125 3242 3260 3296 illud
3317 3252 3425 3305 est,

140 3332 434 3401 τιμωρίας
463 3331 652 3397 ἀξίοις.
700 3332 759 3384 Ὀ
786 3329 840 3382 δὲ
873 3329 1404 3398 ἁποσκορακισμὸς
1448 3329 1599 3398 δηλοῖ
1644 3329 1739 3399 τὴν

141 3423 363 3476 τούτων
386 3421 680 3492 ἀποσολὴν,
717 3422 985 3493 ἐροῦντος·
1015 3440 1031 3471 ι
1057 3420 1360 3492 Πορεύεσθε
1402 3421 1498 3475 ἀπ’
1519 3421 1653 3492 ἐμοῦ
1688 3422 1739 3474 oi

127 3513 530 3584 ’κατηραμένοι
551 3516 630 3575 είς
650 3513 711 3565 τὸ
726 3513 833 3583 πῦρ
853 3511 913 3565 τὸ
936 3510 1172 3586 αξώνιον·
1202 3530 1218 3561 ι
1241 3513 1613 3580 ἡδὲρομεραία
1637 3513 1736 3581 τὴν

144 3606 432 3676 τιμωρίαν
463 3605 740 3677 σημαίνει,
778 3604 1025 3675 συνήθως
1072 3605 1186 3672 ἅμα
1213 3605 1307 3656 καὶ
1357 3605 1603 3674 φοϐερῶς
1629 3608 1740 3667 τοῖς

148 3697 550 3768 ἀκροωμένοις.
567 3696 819 3750 Τοιοῦτον
848 3697 908 3750 τὸ
931 3697 1308 3750 ἀποστολικὸψ
1329 3716 1346 3748 ι
1371 3696 1530 3751 Κατὰ
1557 3697 1613 3750 δὲ
1639 3697 1738 3766 τὴν

151 3790 507 3862 σκληρότητά
543 3807 636 3842 σου
668 3789 760 3841 κα)⁸
785 3789 1197 3859 ἀμεταμέλητον
1221 3788 1443 3859 καρδίαν
1474 3789 1736 3860 θησαυρί-

151 3882 271 3945 ζεις
293 3881 502 3949 σεαυτῷ
523 3879 710 3951 ὀργὴν,
735 3899 753 3932 ι
789 3881 881 3933 καὶ
903 3879 974 3935 τὰ
1002 3883 1093 3932 ἐπὶ
1125 3879 1356 3943 τούτοις.
1375 3881 1655 3952 Ἐπιφὲρει
1678 3881 1734 3934 δὲ

149 3977 300 4027 τίσιν
337 3973 666 4043 ἡτοίμασται
720 3971 919 4042 μᾶλλον
972 3972 1037 4024 τὸ
1077 3970 1219 4040 πῦρ,
1274 3973 1368 4025 καὶ
1408 3973 1456 4024 εί
1500 3973 1599 4042 μὲν
1632 3974 1738 4043 πρὸ

153 4069 260 4136 τῆς
307 4065 644 4134 ἐπιδημίας,
700 4067 810 4127 τοῖς
865 4065 939 4135 μὴ
975 4064 1119 4117 κατὰ
1165 4066 1329 4134 νόμον
1360 4065 1736 4134 ἅγνιζομένοις

154 4158 297 4226 φησὶ
332 4156 512 4226 σποδῷ
565 4173 625 4209 τε
688 4156 994 4226 δαμάλεως,
1025 4156 1122 4210 καὶ
1164 4156 1398 4220 θυσίαις,
1433 4159 1481 4209 εί
1508 4157 1563 4209 δὲ
1601 4157 1736 4226 μετὰ

153 4249 386 4315 ταύτην,
443 4249 557 4308 τοῖς
613 4247 734 4299 ἀντὶ
790 4246 883 4299 τοῦ
939 4246 1083 4300 θείου
1135 4246 1540 4317 βαπτίσματος,
1583 4247 1736 4302 ὕδατι

159 4339 326 4406 κήπο
357 4337 531 4408 ὑψιλῷ
561 4350 607 4402 ι,
646 4338 798 4407 ἦκαὶ
851 4340 1264 4410 μεμαγευμένῳν
1299 4339 1733 4411 καθαιρομένας,

159 4431 219 4482 ὲν
252 4431 479 4501 δρυμοῖς
519 4447 578 4482 τε
623 4431 717 4484 καὶ
750 4431 972 4484 ἄλσεσιν
1019 4431 1146 4483 ἔνθα
1192 4432 1284 4484 καὶ
1334 4432 1433 4494 τὰς
1481 4432 1736 4500 λατρείας

161 4523 525 4593 προσὲςερον.
557 4523 976 4594 Περιηγνίζοντο
1015 4523 1122 4593 γὰρ
1155 4524 1299 4590 πυρί
1321 4541 1377 4575 τε
1408 4523 1509 4576 καὶ
1541 4523 1732 4586 ὕδατι,

1841 3332 1986 3398 quod
2014 3331 2158 3401 apud
2192 3331 2428 3386 Psaltem
2475 3333 2526 3385 in
2563 3333 2678 3386 haec
2718 3333 2881 3387 verba
2921 3332 3158 3404 legimus
3188 3351 3201 3387 :
3238 3353 3256 3385 ι
3287 3334 3426 3388 Cur-

1840 3439 1936 3476 rus
1975 3422 2064 3476 Dei
2098 3423 2286 3478 decem
2326 3424 2571 3478 millibus
2624 3424 2936 3495 multiplex,
2992 3424 3164 3478 millia
3217 3427 3425 3482 exube-

1842 3513 2080 3566 rantium
2116 3513 2183 3564 7°.
2227 3532 2245 3564 ι
2312 3512 2604 3568 Venturum
2666 3521 2954 3584 praeterea,
3010 3517 3166 3586 quasi
3229 3527 3427 3585 tempe-

1839 3617 2052 3671 statem,
2080 3607 2305 3676 adjicit;
2345 3616 2403 3662 ut
2434 3625 2551 3670 eos,
2585 3609 2676 3678 qui
2711 3609 2863 3678 digni
2911 3616 3063 3672 sunt,
3105 3609 3422 3664 ulciscatur.

1838 3697 1993 3763 Quod
2033 3713 2251 3750 rursum
2295 3699 2668 3766 increpationis
2704 3697 2872 3751 verbo
2913 3713 3048 3753 usus
3074 3708 3192 3762 est,
3233 3714 3423 3752 eorum

1840 3801 1868 3839 a
1913 3803 1971 3842 se
2003 3788 2357 3857 rejectionem
2410 3789 2762 3859 signiﬁcavit,
2801 3787 2894 3858 qui
2939 3803 2968 3840 a
3010 3803 3068 3843 se
3118 3803 3214 3842 eos
3245 3787 3427 3844 disce-

1838 3877 1968 3931 dere
1998 3878 2089 3947 qui
2119 3877 2458 3946 sempiterno
2489 3876 2596 3945 igni
2623 3877 2808 3931 devoti
2840 3887 3026 3930 essent
3053 3877 3136 3940 ⁷⁸»,
3163 3876 3425 3945 iussurus

1839 3969 2038 4025 fuerat.
2076 3969 2362 4040 Signilieat
2394 3985 2558 4040 porro
2588 3970 2849 4024 ultionem
2885 3969 3100 4039 gladius
3124 4007 3138 4031 ,
3183 3970 3275 4040 qui
3307 3986 3426 4025 nios

1839 4061 2004 4116 simul
2033 4068 2084 4114 et
2127 4061 2360 4116 usitatus
2397 4070 2502 4124 est,
2537 4069 2591 4114 et
2623 4070 2828 4114 metunt
2877 4059 3231 4115 audientibus
3267 4060 3424 4114 incu-

1838 4154 1920 4218 tit,
1964 4152 2125 4223 quale
2170 4160 2256 4206 est
2309 4151 2455 4222 apud
2479 4154 2801 4221 Apostoluni
2836 4151 2966 4205 illud
3004 4167 3017 4203 :
3052 4171 3070 4203 ι
3109 4149 3421 4206 Secundum

1838 4253 2018 4301 autem
2059 4245 2314 4299 duritiem
2345 4254 2492 4298 tuam
2529 4254 2581 4298 ct
2627 4245 2979 4314 impaenitens
3019 4258 3153 4304 cor,
3194 4244 3420 4297 thesau-

1837 4341 1982 4394 rizas
2004 4339 2098 4392 tibi
2127 4338 2261 4390 iram
2279 4338 2344 4398 τ’,
2368 4357 2385 4386 ι
2419 4345 2472 4390 et
2494 4352 2625 4405 qua:
2648 4337 2925 4404 deinceps.
2961 4335 3162 4404 Adjicit
3195 4349 3413 4389 rursum

1840 4430 2043 4501 quibus
2086 4427 2358 4497 prazcipue
2389 4428 2459 4480 sit
2491 4429 2626 4498 ignis
2673 4428 2776 4483 iste
2815 4435 3173 4497 praeparatus.
3208 4426 3340 4493 Quae
3366 4429 3409 4479 si

1841 4523 1905 4575 ad
1946 4530 2213 4590 tempora,
2261 4535 2382 4590 quae
2423 4521 2715 4574 adventum
2768 4527 3188 4590 praecesserunt,
3222 4519 3422 4573 retule-

159 4613 341 4682 ψυχῆς
373 4613 682 4683 μολυσμοὺς
719 4613 809 4666 διὰ
830 4614 1031 4666 τούτων
1061 4613 1347 4666 ὲκπλύνειν
1373 4615 1628 4686 οἰόμενοι,
1654 4614 1735 4678 οὒς

1853 4613 1967 4679 ris;
2000 4614 2067 4667 de
2104 4612 2210 4674 his,
2247 4613 2337 4681 qui
2390 4613 2614 4666 minime
2675 4610 2975 4666 secundum
3031 4610 3202 4680 legem
3237 4610 3422 4664 vitulze

159 4703 219 4767 ἐξ
253 4704 548 4771 ἀσελγείας
573 4703 671 4758 καὶ
700 4704 875 4773 φόνων
909 4704 1342 4774 ὲναπεμάξαντο.

1845 4704 2052 4769 cinere,
2090 4711 2144 4758 et
2179 4703 2467 4758 sacrificiis
2497 4704 2770 4773 puriﬁcati
2806 4703 3029 4769 fuerint,
3063 4703 3416 4758 intellexerit.

161 4792 259 4848 Sin
307 4805 510 4861 autem,
541 4796 607 4851 ad
638 4813 724 4862 ea,
753 4811 876 4868 quas
904 4799 1154 4853 eumdem
1186 4808 1375 4852 secuta
1414 4809 1562 4864 sunt,
1604 4799 1838 4871 respicis
1863 4838 1877 4864 ,
1905 4814 2000 4854 eos
2038 4799 2188 4868 ipsos
2219 4797 2418 4862 innuit,
2490 4798 2580 4867 qui
2646 4814 2744 4868 pro
2811 4798 2998 4852 divino
3066 4798 3417 4867 baptismate,

158 4904 312 4943 mera
341 4888 575 4943 hortensi
606 4904 772 4958 aqua,
809 4896 902 4943 aut
942 4889 1104 4943 etiam
1141 4890 1369 4958 magica,
1415 4890 1470 4943 in
1504 4890 1731 4944 saltibus
1770 4899 1823 4943 et
1852 4888 1939 4942 ubi
1968 4887 2144 4944 sacris
2173 4888 2560 4956 cperabantur,
2593 4887 2988 4942 lustrabantur.
3061 4886 3193 4958 Igne
3251 4888 3426 4958 siqui-

160 4983 286 5037 dem
319 4991 369 5036 et
398 4998 538 5051 aqua
571 4981 968 5045 lustrabantur,
1011 4981 1083 5034 ita
1156 4981 1348 5036 sordes
1389 4984 1606 5046 animae,
1677 4998 1816 5054 quas
1855 4979 2002 5036 caede
2062 4987 2114 5036 et
2150 4980 2378 5036 libidine
2431 4989 2842 5045 contraxerant,
2887 4983 3072 5038 eluere
3119 4997 3179 5036 se
3227 4982 3423 5037 existi-.

158 5082 397 5128 mantcs.

245 5167 392 5219 ’Ἂν-ἐι
418 5163 474 5216 δὲ
502 5162 595 5216 τοῦ
621 5180 634 5193 ’
665 5165 777 5218 Kal
815 5163 886 5218 ἐν
920 5163 1046 5232 τοῖς
1082 5166 1401 5236 προθύροις
1430 5166 1678 5233 ἕσοντες
1716 5167 1735 5201 ί

1917 5162 2116 5219 V‘erum
2169 5178 2279 5232 quo
2319 5163 2474 5228 loco,
2548 5161 2617 5216 Et
2666 5164 2719 5217 in
2776 5163 3044 5217 liminibus
3094 5161 3418 5219 comedentes

159 5260 343 5331 κρέας
371 5258 556 5322 ὕειον,
589 5258 618 5309 ὁ
647 5257 945 5328 Σύμμαχος
971 5275 1136 5328 φησιν
1159 5277 1172 5290 ·
1207 5258 1432 5314 Ὀπίσω
1452 5257 1735 5324 ἀλλήλων

1844 5272 2056 5310 carnem
2077 5257 2374 5323 porcinam,
2409 5255 2692 5321 habemus,
2720 5256 2793 5309 ita
2827 5257 2989 5310 vertit
3015 5255 3376 5326 Symmachus
3401 5271 3425 5308 :'

157 5353 418 5421 ἐνμέσῳ
444 5352 773 5405 ἐσθιόντων
790 5351 864 5404 τὸ.
878 5349 1057 5419 κρέας
1088 5350 1154 5405 τὸ
1193 5353 1472 5421 χοίρειον,
1508 5350 1606 5404 οὐκ
1643 5351 1735 5404 αὐ-

1844 5346 2005 5401 Retro
2032 5364 2088 5402 se
2129 5357 2312 5401 mutuo
2366 5349 2420 5402 in
2451 5348 2622 5402 medio
2673 5347 3000 5402 comedentes
3050 5363 3236 5403 carnes
3287 5349 3420 5403 suil-

159 5447 286 5506 τοὺς
318 5444 494 5514 λέγων
525 5443 777 5505 ἐσθίειν,
811 5444 1014 5511 μεταξὺ
1045 5444 1100 5496 δὲ
1137 5443 1237 5515 ζῇν
1281 5444 1390 5496 τῶν
1440 5442 1633 5507 ἐθνῶν,
1663 5441 1735 5495 dii.

1846 5439 1928 5492 las
1959 5455 1977 5492 :
2006 5454 2115 5493 non
2155 5447 2212 5494 ut
2249 5453 2346 5496 eos
2385 5440 2650 5495 comedere
2683 5441 2974 5512 signiﬁcet,
3007 5441 3099 5496 sed
3125 5442 3268 5497 inter
3287 5458 3414 5512 gen-

162 5534 260 5586 σὺν
286 5532 469 5594 αὐτοῖς
493 5531 843 5596 ἀπολοῦνται,
877 5531 971 5584 τοῦ
1019 5532 1156 5586 Θεοῦ
1198 5533 1274 5605 μὴ
1323 5533 1482 5604 μόνον
1516 5533 1735 5603 πράξεις

1846 5543 1931 5587 tes
1963 5532 2166 5597 vivere,
2200 5531 2433 5604 ideoque
2468 5549 2594 5588 cum
2648 5534 2757 5589 illis
2785 5548 2910 5588 esse
2945 5533 3258 5601 perituros;
3293 5549 3429 5588 cum.

234 5639 367 5763 “sill
394 5638 552 5695 Esdr.
588 5656 639 5704 ν,
678 5641 700 5694 1
738 5656 894 5712 seqq.

164 5727 242 5775 ll,
282 5727 332 5765 ἰ).

991 5641 1034 5674 ⁸⁸
1064 5640 1255 5697 Matth.
1286 5658 1410 5708 xxv,
1461 5643 1521 5696 51
1566 5658 1725 5713 εριιιι.

1840 5641 2015 5698 ’Psal.
2042 5658 2188 5700 vatt
2219 5684 2235 5710 ,
2291 5644 2379 5701 18.
2485 5648 2526 5679 ’⁷⁸
2562 5644 2752 5701 Matth.
2817 5662 2940 5712 xxv,
2981 5645 3069 5702 41.
3182 5643 3427 5706 "Bonis

1799 5643 1845 5674 ⁷⁸
1867 5641 2015 5698 Psal.
2042 5658 2188 5700 vatt
2219 5684 2235 5710 ,
2291 5644 2379 5701 18.
2485 5648 2526 5679 ’⁷⁸
2562 5644 2752 5701 Matth.
2817 5662 2940 5712 xxv,
2981 5645 3069 5702 41.

1451 5804 1699 5881 ΝΛΜ,ἰῖ
1742 5803 2148 5863 LECTIONES.

240 5915 266 5954 ι
295 5915 387 5969 πο.
418 5899 598 5968 κήπου
638 5893 802 5967 una.
887 5894 903 5930 ί
937 5890 1208 5958 ἔσθοντες.
