4046 6386
632 311 769 378 πη

1957 265 2306 377 ΡΒΟΟΟΡΠ
2345 314 2586 376 ΟΑΖᾸΕΙ

3739 318 3862 384 2712

630 445 740 486 non
770 426 1023 500 corporis
1049 432 1289 494 tantum,
1349 427 1445 484 sed
1500 429 1703 485 mentis
1750 429 1913 485 etiam
1963 431 2210 486 actiones

2322 427 2573 498 όρῶντος,
2605 426 2742 481 ἀλλὰ
2799 427 2895 481 καὶ
2953 427 3292 504 λογισμούς..
3333 446 3352 480 ι
3394 427 3749 483 Ὀποῖόνὲστι
3789 433 3859 496 τὸ,

633 521 778 579 Deus
806 521 1305 590 intueatur.Cujus
1332 521 1550 590 generis
1579 531 1664 577 est
1714 523 1874 590 illud,
1911 524 2002 578 tibi
2042 543 2060 576 ι
2099 525 2209 576 lm-

637 614 948 685 perlectum
982 628 1163 670 meum
1195 611 1454 668 viderunt
1491 614 1634 669 oculi
1671 615 1753 669 tui
1783 615 1864 682 ⁷³,
1906 636 1924 669 ›
1958 616 2208 687 legimus.

632 705 754 762 Non
785 707 984 763 desunt
1006 719 1160 772 vero,
1194 705 1289 776 qui
1337 705 1757 763 abominationes
1797 722 1908 762 non
1936 707 2006 762 ad
2035 709 2210 773 cibos,

632 797 728 854 sed
759 799 826 854 ad
859 797 1004 853 idola
1029 799 1373 862 retulerunt;
1414 799 1557 866 quod
1594 799 1668 853 illi
1710 815 1777 854 eo
1809 815 2003 870 usque.
2037 801 2213 865 aiunt,

635 891 909 961 progressi
957 899 1170 956 essent,
1220 900 1278 947 ut
1324 907 1528 948 murem
1575 892 1837 957 fortasse,
1873 908 2032 962 quem
2065 892 2212 946 cole—

634 990 777 1047 rent,
803 981 857 1035 in
899 982 1143 1038 delubris
1176 984 1464 1040 haberent.
1509 982 1650 1040 Sunt
1687 997 1868 1040 tamen
1898 985 2090 1054 aliqui,
2121 984 2214 1054 qui

634 1091 811 1130 mures
836 1084 1128 1132 terrestres
1173 1077 1340 1132 etiam
1374 1092 1524 1134 nunc
1556 1078 1855 1134 comedant.
1899 1077 2003 1134 Ubi
2053 1093 2214 1148 porro

633 1177 1070 1240 congregatarum
1099 1185 1154 1223 se
1173 1169 1418 1240 linguam
1444 1188 1651 1225 onmem
1686 1172 1822 1225 dixit
1850 1188 1864 1232 ;
1895 1172 2057 1224 etiam
2101 1171 2217 1241 glo-

633 1263 771 1316 riam
801 1276 958 1315 suam
991 1262 1196 1316 visuros
1226 1278 1360 1327 esse,
1397 1278 1652 1332 superque
1684 1279 1769 1316 eos
1796 1263 2003 1332 signant
2034 1277 2089 1315 se
2127 1277 2214 1315 re-

635 1355 925 1419 licturum;
957 1361 1012 1408 et
1039 1367 1106 1408 ex
1143 1352 1236 1416 iis,
1266 1354 1356 1423 qui
1379 1355 1542 1425 760
1562 1354 1756 1407 saluati
1781 1353 1999 1422 fuerint,
2022 1367 2134 1406 esse
2163 1366 2220 1405 se

634 1445 925 1499 missurum
969 1443 1190 1514 adjecit.
1227 1443 1386 1511 Quod
1430 1446 1674 1514 apertius
1705 1445 1758 1497 in
1792 1442 2218 1513 Evangeliisin-

634 1537 775 1606 quit,
807 1535 899 1590 ubi
938 1535 1059 1589 ait:
1104 1553 1123 1585 ι
1164 1535 1302 1590 Cum
1355 1544 1536 1591 autem
1579 1536 1788 1592 venerit
1832 1534 2004 1589 Filius
2043 1533 2218 1588 homi-

636 1627 723 1682 nis
756 1626 810 1680 in
841 1625 1016 1697 gloria
1054 1625 1237 1682 Patris
1277 1627 1388 1692 sui,
1439 1637 1492 1682 et
1517 1642 1710 1682 omnes
1743 1626 1952 1697 angeli-
1975 1641 2100 1680 eum
2131 1639 2242 1688 eo,.

636 1730 768 1774 tunc
797 1717 1010 1773 sedebit
1039 1733 1208 1788 super
1239 1717 1423 1774 sedem
1466 1716 1772 1789 majestatis
1817 1732 1964 1782 suae;
2003 1725 2056 1772 et
2085 1731 2220 1772 con-

2325 520 2760 592 Ἀκατέργαστόν
2790 537 2895 592 μου
2934 520 3151 574 δίδοσαν
3181 522 3233 574 οἱ
3254 520 3522 592 ὀφθαλμοί
3573 537 3687 574 σου.
3724 539 3742 572 ι
3779 521 3862 575 Τι-

2313 612 2402 677 νὲς
2425 613 2482 666 δὲ
2511 613 2581 667 τὰ
2597 613 3008 684 βδελύτματα,
3048 613 3150 666 οὐκ
3175 613 3270 667 ἐπὶ
3291 613 3627 684 βρωμάτων,
3660 613 3767 666 ἀλλ’
3792 614 3866 669 ἔπ’

2314 703 2547 758 εἰδώλων
2573 705 2845 770 ἐδέξαντο,
2869 705 2944 769 ὠς
2966 705 3064 760 καὶ
3085 705 3216 774 μῦν
3244 721 3430 774 φασιν,
3460 706 3595 768 ἴσως
3623 705 3680 758 ὲν
3704 708 3866 776 σηκοῖς

2313 799 2458 868 ἔχειν
2489 798 2805 869 σεϐόμενον.
2841 799 2991 870 Πλὴν
3018 798 3147 861 τοὺς
3176 798 3507 869 ἀρουραίους
3534 796 3680 860 τινὲς
3709 798 3869 868 εἰσέτι

2314 886 2409 939 νῦν
2464 887 2742 942 ἐσθίουσι
2773 887 2915 957 μῦς.
2962 886 3258 952 Συνάξειν
3304 887 3363 939 δὲ
3423 883 3636 940 πᾶσαν·
3691 886 3868 956 γλῶσ-

2314 991 2437 1032 σαν
2467 979 2660 1046 εἰπὼν,
2692 979 3008 1048 Ὄψονται,
3038 979 3194 1048 φησὶ,
3233 977 3332 1048 τὴν
3382 976 3574 1042 δόξαν
3607 994 3749 1047 μου,
3788 977 3872 1030 καί

2315 1068 2657 1138 καταλείψω
2685 1070 2780 1123 ἐπ’
2811 1068 3011 1123 αὐτῶν
3046 1067 3323 1137 σημεῖον,
3361 1069 3459 1122 καὶ
3506 1069 3873 1134 ἐξαποστελῶ

2313 1161 2385 1226 ἐξ
2413 1161 2612 1216 αὐτῶν
2637 1161 3091 1232 σεσωσμένους.
3124 1162 3189 1215 Ὃ
3217 1161 3549 1232 σαφέστερον
3568 1162 3626 1213 ὲν
3656 1159 3875 1228 Εὑαγγε-

2316 1254 2450 1318 λίοις
2475 1254 2640 1324 φησίν
2659 1269 2672 1283 ⁸
2710 1271 2729 1305 ι
2760 1253 2880 1306 “Οτ’
2913 1253 2979 1307 ἂν
3008 1253 3064 1306 δὲ
3094 1251 3223 1323 ἔλθῃ
3254 1254 3281 1305 ὁ
3315 1251 3439 1314 Υίδς
3486 1251 3585 1305 τοῦ
3608 1251 3873 1324 ἀνθρώπου

2318 1349 2376 1400 ὲν
2401 1349 2467 1417 τῇ
2491 1345 2619 1418 δόξῃ
2649 1345 2739 1399 τοῦ
2766 1345 3008 1417 Πατέρος
3039 1344 3225 1408 αὑτοῦ,
3260 1345 3354 1397 καὶ
3381 1345 3587 1407 πάντες
3607 1346 3657 1397 οἱ
3677 1345 3874 1414 ἄγγελοι

2321 1438 2440 1510 μετ’
2457 1437 2645 1502 αὐτοῦ,
2663 1438 2758 1490 καὶ
2777 1435 3063 1501 συνάξουσι
3078 1437 3253 1491 πάντα
3275 1436 3343 1490 τὰ
3370 1435 3520 1507 ἔθνη,
3552 1454 3570 1487 ι
3603 1437 3696 1489 καὶ
3718 1439 3780 1489 τὰ
3797 1439 3874 1490 ἐπὶ

2317 1530 2511 1600 τούτῳ.
2555 1529 2642 1592 Ὠς
2670 1529 2736 1584 ἂν
2763 1529 2824 1582 δὲ
2856 1529 3006 1601 δείξῃ
3028 1528 3141 1583 τῶν
3173 1529 3406 1582 ἐθνικῶν
3433 1529 3565 1591 τοὺς
3589 1528 3708 1582 κατ’
3738 1528 3875 1594 ἀξίαν

2318 1623 2809 1694 σωθησομένους,
2843 1623 2938 1675 ἐπὶ
2959 1623 3058 1694 τὴν
3093 1607 3663 1693 πρώτην-ἀνέδραμεν
3694 1638 3875 1693 παρου-

2322 1715 2442 1770 σίαν
2465 1731 2480 1746 ·
2516 1715 2645 1785 περὶ
2670 1708 2738 1786 ἧς
2761 1714 2861 1768 καῖ
2879 1715 2962 1781 τὺ,
2989 1714 3238 1780 συνάξω
3282 1715 3390 1781 τὰς
3418 1714 3723 1783 γλώσσας,
3751 1715 3876 1778 τινὲς

637 1811 1014 1883 gregabuntur
1045 1822 1171 1864 ante
1193 1826 1320 1864 eum
1373 1826 1565 1866 omnes
1593 1819 1784 1883 gentes
1831 1809 1879 1841 ⁷⁸
1900 1849 1915 1874 ,
1951 1829 1972 1862 ι
2011 1817 2064 1864 et
2099 1825 2219 1880 quae

2322 1805 2668 1876 ὲξειλήφασιν
2687 1805 3178 1875 ἀνακεφαλαίωσιν
3208 1801 3350 1861 εἶναι
3396 1807 3496 1878 τῆς
3523 1806 3654 1877 ὅλης
3684 1823 3876 1877 προφηη

637 1910 850 1974 postea.
889 1900 959 1956 Ut
997 1908 1180 1956 autem
1209 1900 1547 1968 ostenderet,
1580 1902 1672 1972 qui
1705 1899 1773 1955 de
1807 1899 2063 1971 gentibus
2117 1915 2219 1966 pro

636 1992 836 2048 merito
876 1990 1122 2046 salvandi
1172 1999 1349 2055 erant,
1386 1989 1455 2046 ad
1513 1990 1752 2060 primum
1793 1989 2084 2044 adventum
2134 2004 2218 2044 re-

642 2100 834 2139 versus
868 2092 953 2139 est
987 2101 1001 2138 :
1035 2082 1104 2136 ad
1133 2098 1296 2152 quem
1349 2092 1403 2137 et
1454 2083 1569 2147 illa,
1633 2072 1836 2153 quibus
1894 2081 2104 2151 linguas
2163 2098 2225 2138 se.

639 2183 1080 2245 congregatarum
1104 2173 1266 2238 dixit,
1298 2173 1602 2228 referentes
1636 2172 1905 2238 nonnulli,
1945 2173 2216 2242 recapitu-

639 2266 900 2322 lationem
933 2264 1101 2319 totius
1135 2280 1256 2320 esse
1304 2265 1600 2334 prophetiae
1657 2263 2032 2330 arbitrantur;
2090 2279 2216 2318 cum

2317 1897 2488 1962 τείας,
2508 1896 2577 1951 τὰ
2601 1895 2854 1952 ἐντεῦθεν
2879 1898 3134 1962 εἰπόντες
3169 1900 3270 1971 τῆς
3300 1898 3440 1969 μετὰ
3468 1897 3675 1969 σαρκὸς
3698 1899 3877 1950 οἰκονο-

2320 1991 2448 2062 μίας
2471 1992 2570 2062 τὴν
2595 1990 2828 2062 δύναμιν
2877 1992 2973 2044 ἀπ’
3019 1992 3214 2063 ἀρχῆς,
3266 1991 3428 2062 μέχρι
3478 1989 3687 2054 τέλους,
3719 1987 3788 2050 ὡς
3827 1989 3877 2040 ἐν

2318 2081 2510 2153 βραχεῖ
2543 2082 2890 2155 περιέχοντα,
2908 2083 3173 2152 δηλοῦντα
3197 2082 3315 2137 τῶν
3338 2080 3532 2139 ἐθνῶν
3556 2081 3659 2152 τὴν
3686 2080 3876 2151 κλῆσιν.

2316 2174 2392 2239 ὡς
2424 2183 2453 2212 ιι
2485 2175 2727 2240 καὶτοὺς
2751 2177 3081 2238 ἀποστόλους
3109 2186 3136 2216 ν
3164 2176 3448 2242 ἀναδείξας
3494 2175 3652 2247 παρὰ
3702 2175 3874 2237 παντὸς

2316 2267 2534 2334 ἔθνους
2565 2284 2885 2337 προσκυνη
2893 2269 3164 2338 θήσεται.

637 2360 812 2423 aiunt,
853 2373 976 2429 qua:
1007 2357 1266 2428 deinceps
1289 2358 1718 2428 dispensationis
1752 2357 1807 2410 in
1837 2373 2003 2413 carne
2029 2359 2289 2414 virtutem
2329 2361 2398 2416 ab
2426 2361 2584 2416 initio
2613 2361 2682 2416 ad
2753 2362 2935 2426 linem,
3008 2362 3174 2417 veluti
3239 2360 3595 2430 compendio,
3661 2359 3872 2428 comple-

637 2464 889 2524 ctantur,
943 2455 1178 2526 gentium
1233 2459 1578 2511 vocationem
1636 2456 1944 2527 signiﬁcare
1979 2473 1997 2522 ;
2059 2464 2226 2525 utque
2263 2457 2566 2530 designatis
2603 2458 2856 2516 Christus
2883 2459 3148 2530 apostolis
3188 2459 3258 2513 ab
3288 2457 3438 2513 omni
3496 2465 3653 2528 gente
3703 2454 3875 2511 adora-

640 2548 808 2602 bitur.

709 2640 907 2710 Legem
957 2639 1104 2694 enim
1151 2649 1414 2705 veterem,
1466 2647 1672 2709 gentem
1704 2652 1892 2704 unam,
1943 2652 2219 2709 unamque

639 2733 881 2804 tinguant
917 2746 1286 2801 congregasse,
1321 2729 1604 2786 Christum
1638 2739 1821 2785 autem
1859 2737 2052 2802 gentes
2096 2732 2220 2786 uni-

636 2840 851 2887 versas,
878 2834 932 2879 et
957 2839 1072 2889 eos,
1103 2825 1197 2893 qui
1241 2824 1309 2880 de
1339 2825 1542 2883 Israele
1573 2824 1769 2878 saluati
1798 2833 1942 2889 sunt,
1969 2839 2093 2880 cum
2123 2838 2220 2878 au-

637 2915 758 2972 dire
785 2915 891 2968 ista
942 2925 1134 2984 gentes
1184 2929 1379 2970 omnes
1441 2913 1735 2984 praecipit:
1792 2914 1996 2983 quibus
2053 2914 2217 2968 etiam

636 3004 863 3076 gloriam
903 3004 1072 3073 ipsius
1103 3004 1278 3058 videre
1308 3003 1562 3074 conligit,
1598 3018 1723 3058 cum
1759 3002 1942 3058 divina
1973 3001 2220 3071 Evange-

641 3098 703 3154 lii
727 3097 1168 3170 promulgatione
1190 3095 1455 3167 aequalem
1491 3111 1613 3152 esse
1639 3095 1810 3162 Patri,
1841 3095 2222 3164 mirabiliaque
2257 3100 2267 3108 '

641 3205 806 3262 opera
838 3188 1021 3256 edere,
1061 3197 1117 3243 et
1149 3197 1399 3244 mortuos
1431 3189 1484 3243 in
1543 3188 1711 3242 vitam
1761 3202 2022 3242 revocare
2073 3185 2217 3242 didi-

642 3282 883 3346 cissent;
910 3295 1020 3334 non
1065 3276 1380 3334 Judmorum
1418 3293 1569 3332 more
1596 3287 1904 3348 quaerentes
1934 3293 2058 3344 cur,
2091 3292 2216 3331 cum

2407 2641 2466 2692 ὐ
2501 2640 2602 2710 μὲν
2653 2640 2762 2712 γὰρ
2824 2638 3057 2704 παλαιὸς
3099 2639 3263 2712 νόμος
3299 2639 3357 2693 ἓν
3393 2639 3598 2706 ἔθνος,
3649 2640 3741 2694 καί⁵
3766 2641 3877 2711 μίαν

2323 2733 2616 2803 γλῶσσαν
2637 2735 3014 2803 συνήγαγενο
3056 2734 3112 2786 '0
3149 2733 3206 2786 δὲ
3255 2733 3486 2804 Χριστὸς
3530 2732 3707 2787 πάντα
3761 2735 3876 2804 μετὰ

2324 2823 2432 2878 τῶν
2450 2823 2762 2877 σωθέντων
2785 2823 2844 2887 ἐξ
2883 2821 3099 2894 Ἰσραὴλ
3123 2823 3324 2892 λέγων·
3373 2822 3673 2878 Ἀκούσατε
3699 2823 3873 2890 ταῦτα,

2325 2915 2503 2970 πάντα
2525 2915 2594 2970 τὰ
2616 2916 2765 2987 ἔθνη.
2789 2915 2852 2970 Οἳ
2883 2916 2977 2968 καὶ
3003 2915 3309 2971 τεθέανται
3335 2915 3451 2984 τὴν
3477 2915 3673 2980 δόξαν
3693 2915 3875 2977 αὐτοῦ,

2331 3006 2592 3078 μαθόντες
2617 3007 2704 3066 διὰ
2729 3007 2823 3062 τοῦ
2853 3008 3000 3061 θείου
3039 3008 3415 3079 κηρύγματος,
3442 3009 3520 3074 ὡς
3547 3008 3660 3071 ίσος
3685 3009 3793 3062 ἐστὶ
3813 3009 3881 3078 τῷ

2329 3099 2555 3172 Πατέρι,
2591 3100 2997 3172 θαυματουργεῖ
3014 3117 3074 3154 τε
3113 3101 3276 3173 μέχρι
3313 3103 3408 3155 καὶ
3432 3101 3650 3174 νεκρῶν
3671 3101 3880 3155 ἀναστά-

2330 3208 2488 3254 σεως,
2523 3192 2618 3246 καὶ
2651 3192 2728 3263 μὴ
2751 3193 2891 3246 κατὰ
2914 3193 3042 3256 τοὺς
3070 3193 3358 3257 Ἰουδαίους
3379 3193 3633 3257 είπόντες
3655 3208 3670 3222 ⁸
3705 3210 3725 3245 ι
3746 3193 3877 3246 Arati

2331 3283 2397 3334 σὺ
2423 3281 2713 3354 ἄνθρωπος
2730 3282 2828 3348 ὢν,
2853 3285 3029 3347 ποιεῖς
3047 3284 3272 3338 σεαυτὸν
3285 3284 3450 3351 Θεόν;
3476 3303 3494 3335 ι
3529 3282 3819 3355 συμφώνως
3831 3283 3878 3336 δὲ

640 3375 807 3428 homo
838 3378 1005 3438 esset,
1038 3371 1213 3426 Deum
1244 3387 1304 3426 se
1331 3372 1681 3442 proﬁteretur
1709 3371 1756 3403 ⁷⁸
1785 3388 1800 3425 :
1830 3372 1924 3428 sed
1957 3386 2067 3426 uno
2086 3387 2219 3427 eon—

2322 3372 2593 3442 λέγοντεςο
2613 3394 2632 3426 ι
2657 3375 2729 3427 Σὺ
2746 3372 2836 3429 sit}
2859 3377 2986 3442 Υἱὸς
3009 3376 3104 3430 τοῦ
3121 3375 3258 3431 Θεοῦ
3269 3376 3362 3430 τοῦ
3384 3375 3612 3442 ζῶντος.
3627 3395 3645 3430 ι
3667 3369 3783 3446 Ἐφ’
3801 3370 3880 3430 ὧν

640 3481 808 3523 sensu
849 3463 955 3520 Dei
993 3464 1240 3520 'viventis
1294 3479 1418 3520 esse
1477 3462 1675 3520 Filium
1738 3475 2071 3521 asserentes.
2124 3463 2222 3521 Est

639 3571 806 3628 porro
835 3570 993 3624 super
1016 3571 1106 3610 eos
1135 3556 1345 3626 signum
1375 3557 1556 3612 crucis
1591 3558 1914 3612 venerandae
1944 3558 2218 3626 positum:

644 3647 746 3712 vel,
787 3648 864 3701 uti
894 3645 1108 3700 Paulus-
1141 3646 1258 3700 ait:
1293 3664 1313 3698 ι
1357 3644 1640 3718 Obsignati
1689 3663 1881 3703 sumus
1912 3648 2107 3718 spiritu
2136 3663 2224 3701 re-

639 3728 973 3808 demptionis
1008 3737 1074 3792 "‘.
1119 3757 1137 3788 ι
1168 3735 1253 3791 Ea:
1290 3738 1420 3806 ipsis
1443 3754 1665 3792 rursum
1698 3755 1821 3793 cum
1850 3755 1904 3793 se
1936 3739 2223 3792 missurum

639 3830 712 3887 ad
737 3840 915 3901 gentes
943 3829 1104 3896 dixit,
1131 3831 1196 3884 de
1232 3832 1300 3886 iis
1323 3832 1416 3899 qui
1449 3832 1719 3901 petierant
1749 3831 2051 3896 intellexit;
2083 3846 2224 3899 quos

640 3924 804 3977 simul
864 3930 1238 3990 consumptum
1301 3922 1370 3975 iri
1423 3930 1731 3977 monuerat.
1799 3926 2044 3988 Quorum
2103 3938 2226 3992 qua:

639 4016 864 4073 salvam
903 4016 1105 4085 fuerint
1155 4015 1419 4085 reliquiae,
1455 4016 1523 4069 ad
1564 4016 1756 4071 harum
1799 4025 1963 4086 atque
2006 4016 2223 4070 illarum

637 4109 870 4182 gentium
925 4107 1269 4178 vocationem
1322 4107 1662 4172 emittentur,
1706 4116 1766 4160 et
1816 4107 2062 4162 videbunt
2111 4107 2225 4178 glo-

638 4202 778 4254 riam
806 4217 998 4256 meam.
1029 4199 1192 4254 Juxta
1220 4199 1366 4268 quod
1405 4209 1570 4252 antea
1607 4199 1814 4254 dictum
1843 4207 1947 4262 est,
1979 4200 2070 4254 ubi
2105 4200 2226 4254 illos

637 4308 762 4348 eum
791 4306 916 4346 esse
952 4291 1188 4352 visuros,
1217 4289 1420 4359 quibus
1457 4289 1679 4343 minime
1733 4293 2075 4344 renuntiatus
2100 4297 2183 4344 est
2209 4305 2224 4355 ;

638 4392 694 4440 et
727 4398 972 4447 rursum,
1001 4383 1094 4437 ubi
1117 4398 1179 4437 se
1215 4392 1402 4435 notum
1435 4381 1502 4436 iis
1534 4379 1738 4435 factum
1770 4397 1913 4446 esse,
1959 4396 1988 4434 a
2019 4379 2224 4451 quibus

641 4477 866 4532 minime
898 4476 1372 4547 interrogabatur,
1419 4474 1710 4528 aﬁirmavit
1737 4475 1806 4528 ⁷⁷.
1844 4472 1948 4541 Qui
1977 4476 2068 4530 ubi
2099 4490 2222 4528 cum

641 4569 798 4638 signo
835 4582 957 4621 meo
1004 4565 1432 4632 ambulaverint,
1487 4565 1684 4635 inquit,
1719 4580 1817 4620 eos
1858 4565 1983 4633 ipsi,
2019 4564 2111 4632 qui
2159 4563 2227 4618 de

639 4658 880 4730 gentibus
911 4665 1065 4723 sunt,
1099 4656 1296 4727 fratres
1328 4655 1584 4719 elIicient,
1621 4663 1676 4709 et
1717 4654 1913 4709 donum
1959 4654 2222 4732 adducent

2323 3465 2418 3518 καὶ
2445 3464 2684 3518 τέθειται
2712 3467 2966 3536 σημεῖον
3013 3467 3109 3521 τοῦ
3141 3470 3324 3538 τιμίου
3357 3468 3633 3538 σταυροῦ·
3681 3467 3714 3539 ἦ
3755 3467 3876 3520 κατὰ

2325 3557 2534 3610 Παῦλον
2584 3558 2843 3621 εἰπόντα·
2909 3579 2927 3612 ι
2973 3559 3459 3631 Ἐσφραγίσθημεν
3505 3560 3590 3632 τῷ
3637 3558 3872 3629 πνεύματι

2323 3651 2421 3719 τῆς
2438 3651 2882 3722 ἀπολυτρώσεως.
2897 3671 2914 3703 ι
2937 3653 3052 3706 Ἀπ’
3068 3652 3267 3707 αὐτῶν
3284 3653 3360 3717 δὲ,
3380 3655 3570 3724 φησὶν,
3587 3650 3877 3708 ἀποστελῶ

2324 3742 2422 3795 ἐπὶ
2457 3743 2528 3797 τὰ
2573 3743 2740 3811 ἔθνη,
2781 3743 3023 3815 δηλονότι
3065 3745 3173 3797 τῶν
3223 3745 3639 3816 ἀπολλυμένων,
3662 3745 3779 3818 περὶ
3812 3737 3874 3798 ὧν

2326 3835 2564 3902 ἐλέγετο·
2600 3836 2723 3888 Ἐπὶ
2751 3835 2810 3888 τὺ
2834 3821 2966 3890 αὐτὸ
3005 3836 3525 3904 ἀναλωθήσονται.
3559 3832 3735 3902 Ἐξῶν
3763 3838 3872 3890 δια-

2326 3927 2522 3982 σωθὲν
2553 3928 2614 3981 τὸ
2631 3929 2983 4000 κατάλειμμα
3009 3931 3146 4002 πρὸς
3197 3930 3296 4001 τὴν
3343 3931 3463 3984 τῶν
3506 3931 3702 3987 ἐθνῶν
3730 3931 3873 3984 τῶνδε

2327 4019 2423 4073 καὶ
2471 4019 2637 4073 τῶνδε
2692 4019 2886 4090 κλῆσιν
2943 4021 3461 4088 ἀποσταλήσεται,
3509 4023 3609 4076 καί
3649 4022 3875 4091 dii-orta!

2321 4128 2440 4180 μου
2471 4111 2586 4179 τὴν
2612 4111 2823 4176 δόξαν,
2859 4112 3001 4166 κατὰ
3027 4113 3088 4165 τὸ
3114 4113 3215 4184 ἤδη
3240 4114 3404 4185 ῥηθέν
3424 4132 3438 4145 ο
3471 4111 3571 4180 Οἷς
3600 4117 3698 4171 οὐκ
3725 4121 3875 4186 ἀνηγο

2328 4203 2479 4273 γέλη,
2507 4205 2636 4273 περὶ
2652 4205 2815 4258 αὐτοῦ
2841 4205 3080 4276 ὄψονται·
3102 4208 3199 4260 καὶ
3222 4207 3402 4261 πάλιν·
3434 4227 3453 4259 ι
3475 4209 3747 4281 Ἐμφανὴς
3769 4211 3872 4276 ἐγε-

2327 4293 2500 4365 νόμην
2531 4295 2643 4356 τοῖς
2693 4294 2791 4365 ἐμὲ
2821 4296 2894 4366 μὴ
2927 4296 3298 4366 ἐπερωτῶσιν.
3333 4315 3352 4348 ι
3388 4298 3452 4352 Οἳ
3495 4301 3638 4368 μετὰ
3673 4298 3761 4353 τοῦ
3788 4317 3873 4367 ση-

2331 4385 2484 4456 μείου
2535 4385 2630 4438 τοῦ
2671 4386 2804 4456 ἐμοῦ
2843 4387 3220 4459 πορευθέντες,
3258 4390 3385 4454 τοὺς
3413 4391 3531 4444 ἀπὸ
3560 4391 3676 4445 τῶν
3708 4390 3874 4446 ἐθνῶν

2327 4474 2626 4543 ἀδελφοὺς
2667 4477 3091 4546 ἀπεργάσονται,
3149 4480 3249 4533 καὶ
3291 4480 3483 4548 δῶρον
3523 4482 3873 4550 προσάξουσι

2328 4566 2408 4632 τῷ
2448 4564 2588 4631 Θεῷ.
2621 4565 2714 4619 Διὸ
2740 4572 2836 4621 καὶ
2859 4570 3224 4640 καυχώμενοι,
3249 4571 3423 4643 χαρὰν
3449 4575 3646 4637 αὐτοὺς
3667 4575 3754 4628 καὶ
3778 4575 3874 4625 στέο

2331 4673 2496 4725 φανον
2534 4656 2882 4725 ὀνομάζουσι.
2935 4657 3009 4710 Τὸ
3042 4657 3099 4712 δὲ
3154 4658 3352 4713 ἄπονον
3406 4661 3507 4730 τῆς
3544 4659 3662 4714 τῶν
3707 4658 3873 4715 ἐθνῶν

641 4728 893 4803 Domino.
948 4747 1067 4818 Quo
1107 4747 1187 4813 ﬁt,
1225 4753 1287 4800 ut
1340 4746 1706 4812 exsultantes,
1750 4761 1846 4801 eos
1892 4729 2042 4815 ipsas
2081 4761 2219 4815 gau-

2326 4751 2658 4820 ὲπιστροφῆς
2681 4750 2789 4803 ἀπὸ
2817 4751 3132 4822 μεταφορᾶς
3163 4751 3273 4805 τῶν
3304 4753 3361 4804 ὲν
3403 4728 3500 4823 όχῆ
3511 4770 3646 4822 μασι
3679 4751 3872 4821 κομιζοο

638 4841 791 4898 dium
820 4849 874 4895 et
898 4853 1156 4894 coronam
1185 4839 1470 4892 nominent
1493 4837 1559 4891 ⁷⁸.
1589 4835 1662 4892 Ut
1686 4848 1867 4893 autem
1903 4837 2024 4892 sine
2061 4838 2217 4908 761

641 4932 828 4987 labore
876 4944 1201 4984 conversum
1259 4929 1327 4982 iri
1381 4937 1559 4997 gentes
1617 4929 1920 4994 indicaret;
1985 4929 2220 4998 idipsum

641 5032 858 5093 sumpta
889 5021 958 5076 ab
1007 5022 1074 5077 iis
1115 5021 1457 5090 metaphora,
1497 5021 1594 5090 qui
1643 5021 1912 5076 vehiculis
1951 5021 2220 5086 ferunt-nr,

639 5115 1066 5178 demonstravit;
1113 5123 1372 5181 tanquam
1403 5129 1498 5167 eos
1526 5114 1674 5167 nulla
1737 5129 1846 5168 non
1899 5115 2082 5183 quiete
2138 5115 2221 5169 di-

642 5221 838 5280 gnetur
889 5208 1058 5263 Deus.
1115 5205 1258 5261 Sunt
1286 5221 1414 5262 vero
1447 5206 1556 5260 Deo
1619 5209 1759 5278 grati
1813 5222 1967 5277 mque
2014 5207 2218 5267 futuri.

641 5309 807 5369 atque
839 5299 1079 5362 victima,
1113 5313 1236 5366 qua:
1293 5297 1535 5366 legitime
1587 5315 1693 5352 non
1746 5299 1864 5352 sine
1903 5300 2132 5352 canticis
2168 5308 2222 5351 et

640 5391 864 5447 laudum
899 5389 1306 5460 praedicatione,
1340 5389 1446 5458 ipsi
1498 5391 1746 5445 oll'erlur.
1791 5389 1944 5456 Quod
1989 5404 2118 5442 vero
2154 5405 2218 5444 ex

709 5506 756 5537 τι
788 5503 944 5558 .psal,
995 5519 1269 5567 cxxwm,
1297 5503 1383 5558 16.
1489 5503 1531 5534 ⁷⁸
1556 5501 1745 5557 Matth.
1785 5518 1911 5568 xxv,
1942 5504 2031 5566 5|,
2073 5503 2160 5566 52.

637 5577 682 5610 ’³
712 5575 949 5643 Philipp.
982 5589 1035 5627 tv
1055 5613 1070 5640 ,
1101 5575 1151 5626 1.

2273 5506 2316 5538 ⁷⁸
2338 5503 2499 5562 Joan.
2543 5522 2604 5571 vx,
2641 5507 2731 5563 55.

2325 4839 2502 4910 μένων
2535 4840 2853 4910 παρίστησι,
2889 4842 3070 4911 πάσης
3095 4842 3291 4906 αὐτοὺς
3337 4843 3654 4913 ἀναπαύλης
3679 4841 3868 4906 ἁξιοῦνο

2320 4947 2410 4991 τος
2432 4929 2588 4983 Θεοῦ.
2625 4932 2878 4986 Ἔσονται
2925 4933 2980 4986 δὲ
3009 4936 3399 5006 κεχαρισμένοι
3427 4935 3570 5006 θεῷ,
3600 4936 3673 4998 ὡς
3715 4933 3871 4990 θυσία

2321 5023 2568 5093 νομίμως
2601 5025 2985 5096 προσαγομένη
3047 5028 3165 5096 μετ’
3213 5027 3378 5099 ᾠδῆς,
3419 5029 3516 5082 καὶ
3571 5026 3868 5096 δοξολογίας.

2333 5114 2450 5166 Ἀπ’
2471 5114 2671 5169 αὐτῶν
2698 5114 2775 5180 δὲ,
2801 5117 2958 5186 φησὶ,
2989 5117 3261 5185 λήψομαι
3305 5118 3478 5188 ἱερεῖς
3503 5119 3600 5172 καί
3624 5117 3867 5179 Λνευΐτας,

2323 5206 2418 5258 καὶ
2465 5206 2527 5259 τὸ
2576 5208 2641 5259 ὲκ
2668 5206 2774 5260 τῶν
2812 5208 3128 5261 ἀποστόλων
3156 5223 3216 5272 κ,
3251 5210 3348 5262 καὶ
3382 5210 3442 5263 τὸ
3485 5212 3550 5263 ὲκ
3590 5209 3695 5263 τῶν
3721 5205 3870 5260 ὲϐνῶν

2324 5297 2705 5368 ἀληθέστερον.
2738 5298 2938 5352 Λοιπὸν
2968 5299 3527 5372 παραδειγμαστικῶς
3581 5301 3641 5354 τὺ
3683 5301 3773 5368 τῆς
3797 5296 3868 5348 ἐλ-

2329 5391 2481 5455 πίδος
2497 5391 2604 5444 τῶν
2629 5393 2982 5466 κεκλημένων
3005 5393 3304 5452 ἀσάλευτον
3318 5395 3607 5449 δείκνυσιν.
3628 5387 3868 5460 Οὐρανοῦ

2837 5507 2882 5539 "
2904 5506 3103 5581 Ephes.
3141 5525 3193 5564 tv
3218 5549 3235 5574 ,
3281 5511 3371 5568 50.
3479 5510 3524 5541 "
3555 5509 3658 5567 lsa.
3687 5523 3755 5564 ut
3775 5547 3790 5572 .
3820 5508 3863 5562 σε

1963 5662 2199 5719 VARI/['3
2243 5665 2644 5725 LECTIONES.

716 5765 743 5804 ἰ
775 5775 864 5830 γρ.
896 5759 991 5812 καὶ
1015 5756 1110 5821 ὡς.
1186 5767 1212 5797 τ
1253 5760 1311 5811 .1.
1361 5757 1445 5811 ἵσ.
1475 5756 1722 5827 Χριστος.
1809 5768 1828 5793 ⁸
1859 5758 1940 5812 ἵσ,
1979 5761 2220 5830 σπέρμα.
