4046 6386
505 376 650 442 2715
1805 377 2164 440 PROCOPII
2197 375 2444 438 GAZ/EI
3645 369 3796 434 2716

505 503 567 543 se
601 487 982 557 conferantur,
1016 489 1135 544 mli
1179 487 1400 558 quidem
1449 489 1593 556 alim,
1638 487 1822 545 habita
1855 489 1921 543 ad
1956 489 2087 545 inle-

2195 488 2456 557 οὐράνιοι
2481 487 2531 554 ι’,
2569 487 2628 540 αἱ
2657 485 2714 540 δὲ
2746 483 2859 540 τῶν
2891 483 3036 555 ὑπὲρ
3077 481 3248 547 αύτάς
3409 482 3701 551 Διηνεκεῖς
3734 480 3794 533 δὲ

502 580 681 636 riores
726 584 962 648 ratione,
993 597 1118 638 esse
1156 582 1523 649 videbuntur;
1572 591 1729 637 terra:
1768 591 1952 638 autem
1987 599 2090 638 cae-

2195 582 2388 634 πᾶσαι.
2431 579 2515 634 Τά
2547 579 2656 651 γὰρ
2706 577 3038 649 βλεπόμενα,
3078 577 3426 647 πρόσκαιραο
3487 573 3559 627 τὰ
3595 572 3660 625 δὲ
3718 571 3797 641 μὴ

498 679 660 736 terar,
685 675 730 730 si
762 691 887 731 cum
919 676 1009 736 iis,
1061 690 1184 745 qua!
1227 675 1541 745 superiores
1573 685 1725 738 sunt,
1761 690 2090 744 comparen-

2195 675 2529 743 βλεπόμενα,
2554 672 2772 727 αἰώνια.
2804 671 2867 726 Εί
2897 671 2955 726 δὲ
2981 669 3226 742 σύμϐολα
3255 669 3350 724 καὶ
3375 669 3587 732 εἰκόνες
3612 667 3690 720 τὰ
3715 681 3800 718 νον

504 775 617 821 tur.
652 767 990 833 Qme.tamen
1019 777 1149 824 sunt
1179 784 1372 824 omnes
1401 770 1680 825 continuae
1707 778 1761 824 et
1793 778 2088 840 perpetuae.

509 857 654 913 Sunt
678 859 821 912 enim
859 859 1220 928 temporaria,
1251 875 1374 930 quae
1400 860 1455 914 in
1488 860 1775 914 oculorum
1808 867 2088 930 aspectum

505 950 752 1016 cadunt;
785 959 1048 1021 perpetua
1071 961 1278 1016 autem,
1303 968 1426 1023 qua:
1459 952 1608 1007 cerni
1640 969 1750 1008 non
1775 953 2088 1022 possunt”.

506 1038 662 1104 Quod
700 1041 746 1096 si
778 1041 934 1111 signa
986 1050 1117 1097 sunt
1149 1052 1204 1098 et
1244 1044 1538 1113 imagines,
1588 1058 1711 1114 quae
1761 1043 1878 1113 lege
1908 1045 2092 1097 conti--

506 1141 728 1194 nentur,
761 1132 919 1200 juxta
971 1135 1118 1205 quod
1168 1135 1420 1190 umbram
1475 1135 1785 1190 futurorum
1820 1137 2090 1190 bonorum

504 1227 755 1280 eamdem
791 1227 992 1281 habere
1023 1228 1162 1281 dixit
1197 1229 1494 1296 Apostolus
1525 1229 1571 1261 ⁹¹
1601 1247 1615 1282 :
1655 1235 2088 1283 consentaneum

505 1326 613 1384 est,
647 1327 706 1373 ut
744 1321 1035 1377 caelestium
1064 1323 1307 1389 nomine,
1345 1331 1400 1378 et
1431 1321 1566 1379 festa
1603 1323 1745 1392 ipsa,
1787 1332 1836 1376 et
1866 1338 2089 1385 menses,

503 1419 554 1463 et
603 1409 844 1465 Sabbata
919 1411 1323 1481 intelligamus,
1381 1415 1447 1468 de
1496 1413 1696 1483 quibus
1760 1429 1869 1467 non
1925 1413 2091 1480 hujus

505 1504 774 1572 temporis
799 1504 963 1560 fuerit
1002 1518 1192 1561 emole
1226 1506 1530 1575 disputare.
1558 1505 1788 1572 Verum,
1821 1508 2091 1577 quemad-

504 1595 728 1649 modum
779 1595 954 1651 Judaei
1009 1597 1211 1650 multas
1248 1598 1492 1668 alioquin
1551 1600 1714 1653 urbes
1767 1601 2088 1664 incolentes.

507 1702 672 1740 unam
714 1687 1035 1742 habitabant
1069 1685 1370 1742 Jerusalem
1407 1689 1590 1744 cultus
1617 1690 1907 1744 sanctitate
1953 1705 2091 1758 prae-

503 1779 751 1849 cipuam,
785 1778 838 1833 in
870 1794 978 1850 qua
1010 1781 1172 1836 statis
1218 1780 1581 1851 temporibus,
1611 1781 1704 1850 qui
1746 1791 1974 1838 eteteras
2005 1784 2089 1836 in-

2194 768 2351 839 μικά,
2369 767 2514 822 κατὰ
2541 767 2626 834 τὺ,
2650 785 2670 818 ι
2697 765 2864 819 Σκιάν
2886 764 2996 838 γὰρ
3013 764 3151 836 ἔχων
3175 766 3202 817 ό
3226 763 3391 832 νόμος
3408 763 3518 815 τῶν
3554 760 3793 830 μελλόν-

2189 879 2298 916 των
2327 860 2550 929 ἀγαθῶν
2572 876 2586 890 ο
2626 879 2645 913 ι
2663 857 2960 913 ἀκόλουθον
3009 857 3334 925 οὐρανίους
3363 858 3526 919 νοεῖν,
3561 852 3790 922 ἑορτὰς,

2191 951 2293 1006 καὶ
2319 950 2546 1021 μῆνας,
2605 949 2705 1004 καὶ
2739 947 3032 1009 Σάϐϐατα,
3083 947 3227 1019 άπερ
3257 945 3537 1013 ἐξετάζειν
3579 945 3648 998 οὐ
3688 943 3790 996 τοῦ

2192 1045 2462 1116 παρόντος
2514 1043 2730 1114 καιροῦ.
2793 1041 2962 1112 Πλὴν,
3017 1039 3208 1112 ὥσπερ
3285 1039 3530 1094 Ἰουδαῖοι
3591 1037 3792 1100 πόλεις

2192 1136 2369 1208 ῷκουν
2398 1135 2623 1202 πολλὰς,
2656 1134 2923 1208 κρείττων
2951 1133 3010 1188 δὲ
3042 1132 3442 1203 Ἰερουσαλὴμ
3471 1134 3506 1203 ή
3526 1131 3589 1184 τὸ
3621 1130 3792 1199 ἁγία-

2193 1249 2308 1300 σμα
2338 1229 2598 1300 φέρουσα,
2624 1229 2706 1292 είς
2739 1227 2827 1297 ἢν,
2855 1227 3000 1280 κατὰ
3028 1225 3274 1298 καιροὺς,
3304 1226 3354 1278 οἱ
3381 1225 3481 1287 τὰς
3517 1223 3693 1286 ἄλλας
3723 1223 3796 1274 ol-

2193 1321 2417 1382 κοῦντες
2440 1320 2721 1390 ἀπήντων,
2747 1317 2846 1388 τὴν
2878 1315 3176 1388 θρησκείαν
3203 1315 3615 1376 ἐπιτελέσαντες
3639 1329 3656 1343 ο
3700 1311 3798 1366 οὖα

2191 1429 2269 1465 τω
2299 1411 2518 1482 νοητέον
2556 1412 2628 1464 ἐν
2666 1409 2949 1479 οὐρανοῖς
2977 1409 3228 1479 ἀγίασμα
3258 1408 3531 1477 ὑπάρχειν
3563 1405 3796 1474 ἐξαίρε-

2191 1523 2303 1569 τον,
2340 1505 2478 1575 πλὴν
2505 1505 2599 1558 τοῦ
2631 1505 2936 1575 ἀρχιερέως
2963 1502 3094 1556 Υίοῦ
3128 1501 3224 1555 τοῦ
3253 1501 3410 1565 Θεοῦ,
3441 1499 3648 1554 ἄϐατον
3682 1500 3795 1550 ὕπο

2193 1600 2360 1670 ἀρχον
2415 1600 2528 1661 τοῖς
2582 1597 2786 1660 ἄλλοις,
2829 1589 2874 1664 ᾧ
2925 1597 3070 1668 μόνῳ
3117 1595 3274 1665 θέμις
3327 1595 3394 1664 τῇ
3438 1591 3536 1645 τοῦ
3568 1590 3797 1659 Πατρὸς

2192 1692 2448 1756 πελάζειν
2472 1691 2710 1761 θεότητι,
2738 1689 2818 1754 είς
2850 1706 2908 1743 τε
2933 1689 3167 1752 κόλπους
3188 1705 3203 1720 ο
3227 1688 3338 1741 τῶν
3364 1687 3540 1742 ἄλλων
3568 1687 3794 1754 καιροῖς

2191 1783 2551 1852 τεταγμένοις
2579 1781 2798 1849 (οἵτινές
2829 1797 2961 1834 ποτε
2996 1782 3045 1832 oi
3086 1778 3270 1851 καιροὶ
3329 1777 3578 1831 νοοῦνται
3615 1770 3792 1839 οὗτοι,

504 1870 784 1937 colebant,
825 1886 1110 1926 sacrorum
1147 1887 1312 1926 causa
1341 1873 1785 1940 conveniebant,
1820 1874 1900 1930 sic
1924 1876 2087 1929 intel-

2195 1876 2286 1930 καὶ
2314 1877 2384 1930 τά
2416 1878 2474 1929 ὲν
2506 1879 2571 1947 τῇ
2606 1877 2763 1928 τακεῖ
2788 1885 2836 1939 ο,
2877 1867 2952 1928 ὧν
2978 1891 3065 1937 τις
3109 1873 3394 1944 προφήτης
3429 1874 3487 1925 ὲν
3533 1869 3796 1940 περινοίᾳ

504 1961 782 2030 ligendam
811 1971 896 2018 est
927 1963 1185 2018 eximiam
1216 1964 1274 2017 in
1313 1964 1457 2018 caelis
1485 1965 1666 2020 inesse
1697 1969 1913 2022 caeteris
1948 1967 2093 2022 inac-

503 2068 721 2109 cessam
782 2054 878 2109 lilii
941 2055 1034 2110 Dei
1103 2056 1381 2126 pontiﬁcis
1430 2058 1653 2112 maximi
1705 2060 2092 2127 sanctitatem;

505 2152 666 2221 763
697 2152 785 2206 cui
833 2152 935 2206 soli
990 2151 1074 2207 l'as
1114 2153 1186 2206 sit
1243 2152 1312 2206 ad
1371 2152 1552 2208 Patris
1604 2154 1946 2210 divin‘tnlem
2012 2158 2092 2210 si-

505 2261 748 2313 numque
799 2246 1120 2300 accedere:
1186 2259 1310 2298 cum
1380 2247 1541 2302 statis
1608 2247 1699 2300 alii
1754 2249 2093 2317 temporibus

505 2334 665 2405 (qum
727 2335 947 2405 quidem
985 2337 1090 2390 ista
1136 2352 1260 2392 esse
1305 2339 1729 2406 intelliguntur,
1766 2349 1821 2393 et
1873 2339 1965 2408 qui
2017 2339 2086 2394 ibi

505 2436 637 2481 sunt
681 2429 836 2490 anni,
884 2429 950 2482 ad
985 2443 1128 2498 quos
1181 2430 1446 2498 prepbeta
1487 2431 1706 2499 quidam
1763 2433 2086 2500 respiciens,

506 2534 682 2574 annos
724 2529 964 2576 aeternos
1015 2521 1069 2574 in
1103 2522 1368 2575 memoria
1427 2520 1688 2575 habuisse
1717 2537 1775 2575 se
1811 2534 1864 2576 et
1917 2523 2084 2574 nit-uli-

507 2620 679 2664 tatttm
755 2627 880 2666 esse
947 2612 1162 2666 diccbat
1214 2610 1301 2682 1θ’)
1363 2611 1428 2665 ad
1481 2611 1738 2664 eximiam
1815 2612 2082 2665 etnlorum

505 2702 780 2756 civitatem
815 2712 1118 2771 transeant,
1162 2702 1253 2757 Dei
1288 2717 1477 2773 regno,
1511 2710 1566 2756 et
1594 2701 1682 2768 iis,
1714 2703 1807 2771 qui
1835 2705 1900 2756 ad
1933 2720 2085 2756 Slllll-

505 2810 655 2848 mum
720 2795 1076 2852 beatitudinis
1138 2795 1416 2865 fastigium
1467 2806 1869 2864 pervenerunt,
1921 2796 2089 2850 ascrio

2195 1970 2492 2039 γενόμενος
2515 1968 2842 2035 ἐλεγεἾΚαὶ
2870 1967 2965 2038 ἔτη
2988 1965 3183 2020 αἰώνια
3200 1965 3503 2036 ἐμνήσθην,
3533 1965 3632 2018 καὶ
3657 1965 3795 2032 ἐμε-

2194 2061 2398 2131 λέτησα
2427 2061 2472 2130 ι)
2489 2060 2870 2114 διαϐαινόντων
2885 2061 2977 2113 ἐπὶ
2995 2060 3096 2130 τὴν
3113 2059 3389 2129 ἐξαίρετον
3403 2055 3793 2130 ούρανόπολιν,

2196 2155 2262 2223 τῇ
2297 2151 2392 2204 τοῦ
2420 2152 2556 2205 Θεοῦ
2594 2152 2845 2223 βασιλείᾳ
2874 2151 3270 2222 ἀφωρισμένην
3318 2151 3510 2222 μονὴν,
3543 2149 3644 2202 καὶ
3679 2150 3795 2210 τοῖς

2197 2245 2278 2305 είς
2303 2243 2472 2314 ἀκρον
2505 2243 2907 2314 μακαριότητος
2938 2243 3186 2314 ἥκουσιν,
3224 2236 3293 2312 ἧς
3325 2242 3389 2294 οὐ
3421 2241 3792 2310 στερήσονται

2197 2335 2321 2389 οὐδὲ
2337 2335 2384 2388 oi
2411 2334 2835 2404 ὑποϐεϐηκότες,
2869 2334 3013 2387 κατά
3039 2333 3096 2387 δὲ
3122 2333 3408 2403 περιόδους
3437 2331 3592 2393 τινὰς
3617 2331 3678 2382 ὲν
3709 2331 3794 2381 οὺ-

2212 2427 2414 2500 ρανίοις
2437 2429 2650 2499 ἑορταῖς
2669 2426 3078 2496 ἀφικνούμενοι,
3105 2426 3164 2479 ὲν
3193 2425 3317 2478 θέου
3341 2443 3400 2478 τε
3425 2425 3523 2478 καὶ
3545 2423 3792 2494 ἀλήκτου

2196 2517 2342 2582 τινὸς
2403 2517 2744 2591 εὐφροσύνης
2778 2516 3201 2588 μεταλήψονται,
3255 2516 3516 2588 ἀρρήτων
3562 2513 3794 2583 ἀγαθῶν

2193 2610 2614 2672 ἀπολαύσοντες,
2651 2603 2726 2663 ὧν
2757 2609 3163 2680 ὲμφορηθέντες
3201 2608 3284 2672 είς
3317 2607 3486 2677 μονὰς
3519 2607 3623 2665 τάς
3656 2607 3790 2658 ἑαυ-

2193 2703 2302 2758 τῶν
2346 2704 2731 2772 ὲπανήΞουσιν,
2777 2701 2945 2755 ὲκείιι
2989 2701 3400 2771 Σαϐϐατισμὸς
3447 2699 3665 2770 ἀληθὴς
3697 2699 3793 2751 καὶ

2198 2795 2387 2867 ψυχῶν
2407 2797 2557 2850 ἐστιν
2589 2795 2918 2859 ἀνάπαυσις.

505 2900 653 2959 plant
690 2893 1070 2959 mansionem;
1118 2907 1225 2963 qua
1264 2902 1582 2946 tamennon
1619 2891 1652 2946 ii
1701 2892 2084 2962 privabuntur,
2119 2893 2207 2961 qui
2244 2891 2531 2947 inferiores
2582 2892 2807 2955 fuerint,
2874 2891 2968 2945 sed
3029 2891 3271 2961 periodis
3321 2889 3658 2961 quibusdam
3724 2887 3790 2940 ad

506 2984 766 3039 caelestes
800 2985 1185 3040 solemnitates
1208 2986 1567 3054 appellantes,
1593 2985 1793 3040 divina:
1821 2997 1876 3041 et
1909 2988 2238 3041 immortalis
2277 2988 2563 3057 cujusdam
2599 2988 2816 3049 la-titia',
2849 2986 3317 3056 ineﬂ'abilinmque
3359 2987 3632 3040 bonorum
3660 2985 3792 3061 lit-nt

503 3076 841 3145 participes:
899 3075 1102 3147 quibus
1139 3093 1262 3131 cum
1311 3077 1611 3132 exsaturati
1647 3075 1874 3145 fuerint,
1908 3079 1974 3133 ad
2005 3096 2134 3133 suas
2187 3082 2287 3151 ipsi
2330 3081 2644 3135 mansiones
2676 3079 2954 3145 redibunt,
3005 3079 3095 3132 ubi
3133 3079 3506 3133 Sabbatismus
3561 3079 3794 3148 ipsaque

505 3166 642 3221 adeo
669 3170 977 3223 animarum
1023 3171 1263 3238 requies,
1295 3184 1420 3222 vera
1456 3177 1605 3225 sunt.

581 3262 971 3333 Sigtiilivantur
1017 3278 1148 3318 vero
1201 3263 1380 3316 carnis
1431 3265 1838 3334 appellatione,
1903 3276 2079 3335 gentes

2258 3265 2416 3335 Σίιρξ
2447 3266 2503 3319 δὲ
2546 3267 2696 3320 πᾶσα
2738 3265 2811 3320 τὰ
2849 3266 3018 3334 ἔθνη,
3073 3264 3214 3320 κατὰ
3262 3265 3324 3319 τὸ
3369 3263 3567 3337 ῥηθέν·
3612 3283 3633 3316 ‹
3676 3261 3791 3318 Καὶ

505 3354 659 3424 ipsa.
693 3352 865 3421 Quale
899 3366 982 3409 cSt
1026 3353 1158 3408 illud
1187 3372 1200 3407 :
1238 3373 1258 3407 ι
1299 3351 1363 3407 Et
1393 3353 1601 3409 videbit
1629 3355 1811 3409 omnis
1845 3370 1974 3410 caro
2005 3372 2094 3410 sa-

505 3449 688 3506 lutare
722 3445 818 3502 Dei
868 3447 937 3502 ⁹³.
978 3464 996 3498 ι
1049 3443 1117 3499 Et
1155 3445 1288 3500 illttd
1329 3463 1343 3500 :
1387 3463 1407 3496 ι
1453 3444 1742 3500 ElTundam
1784 3447 1852 3501 de
1897 3449 2090 3516 Spiritu

510 3555 630 3594 meo
669 3553 837 3608 super
862 3551 1081 3593 onmem
1119 3551 1364 3602 carnem,
1419 3545 1474 3592 et
1524 3539 1929 3608 propltetabunt
1959 3539 2026 3594 9".
2069 3559 2085 3589 ι

510 3629 603 3688 Sic
627 3641 812 3686 autem
853 3631 1120 3703 loquitur.
1175 3646 1244 3686 ne
1275 3631 1343 3686 de
1395 3645 1456 3686 se
1509 3631 1615 3687 ista
1665 3647 1787 3689 eum
1824 3649 2094 3701 usurpare

516 3732 708 3794 putent
735 3721 931 3779 Judan.
970 3724 1089 3790 Quo
1137 3725 1215 3788 lit,
1263 3731 1323 3778 ut
1354 3723 1422 3780 de
1455 3725 1602 3780 omni
1653 3726 1964 3779 mortalium
2001 3743 2095 3795 gr-

419 3821 421 3824 ’
512 3830 647 3868 nere
687 3815 959 3886 intelligat
987 3833 1002 3869 :
1035 3831 1174 3885 quos
1201 3816 1423 3886 quidem
1453 3827 1698 3871 venturos
1722 3834 1847 3872 esse
1879 3817 2090 3888 signiﬁ-

510 3911 623 3957 cat.
661 3903 802 3956 Sunt
828 3920 956 3959 vero
984 3904 1285 3959 Jerusalem
1317 3907 1464 3961 illius
1504 3907 1672 3971 cives,
1707 3908 1879 3961 multa
1920 3908 2090 3960 millia

512 3995 718 4066 (inquit
743 3997 1044 4066 Apostolus
1091 3997 1173 4066 ⁸⁵)
1209 3999 1554 4067 angelorum,
1603 3999 1846 4054 Ecclesia
1884 4000 2094 4070 primo-

507 4087 849 4158 genitorum.
886 4088 960 4142 lbi
988 4090 1229 4145 eruntin
1278 4100 1623 4160 perpetuum,
1654 4093 1746 4160 qui
1781 4090 1892 4146 Deo
1929 4092 2092 4146 minio

512 4187 774 4245 strantes,
805 4179 910 4234 sub
948 4179 1204 4250 pontifice
1251 4182 1493 4235 maximo
1551 4169 1768 4252 degerit.
1827 4183 2089 4240 Videbunt

513 4287 683 4342 porro
712 4288 907 4327 omnes
925 4273 1225 4340 impiorum-
1247 4274 1556 4338 interitum,
1582 4277 1768 4330 animo
1794 4278 2089 4348 agitantes,

511 4365 736 4434 quantis
790 4365 864 4418 illi
908 4364 1066 4420 bOnis
1112 4367 1308 4435 privati
1364 4368 1497 4423 sint.
1535 4366 1761 4431 Verum,
1811 4385 1922 4438 quo
1973 4371 2092 4424 loco

513 4461 751 4513 membra
783 4459 958 4525 dixit,
1006 4471 1243 4512 extrema
1289 4458 1654 4530 Symmachus
1704 4460 2094 4531 interpretatus

511 4562 614 4608 est.
641 4554 745 4607 Sed
775 4569 1011 4624 quorum
1031 4553 1290 4615 membra,
1319 4553 1364 4607 si
1398 4570 1507 4607 non
1536 4569 1750 4620 eorum,
1782 4555 2051 4610 intellexit
2076 4597 2089 4617 ,

2195 3361 2387 3430 ὄψεται
2410 3361 2560 3413 πᾶσα
2592 3359 2729 3430 σὰρξ
2748 3359 2810 3414 τὸ
2838 3361 3104 3431 σωτήριον
3127 3359 3220 3412 τοῦ
3249 3359 3404 3413 Θεοῦ.
3430 3377 3450 3412 ›
3489 3358 3602 3412 Καὶ
3625 3358 3788 3411 ἀλλα-

2159 3453 2325 3526 ⁸χοῦ·
2369 3472 2388 3506 ι
2426 3452 2634 3523 Ἐκχεῶ
2665 3453 2772 3506 ἀπὸ
2818 3452 2913 3507 τοῦ
2965 3453 3277 3524 πνεύματός
3322 3470 3423 3523 μου
3458 3451 3554 3506 ἐπὶ
3600 3453 3794 3505 πᾶσαν

2198 3547 2397 3618 σάρκα,
2427 3547 2518 3599 καὶ
2542 3546 3034 3618 προφητεύσουσιν.
3067 3564 3086 3598 ι
3120 3546 3276 3599 Οῦτω
3300 3544 3359 3598 δὲ
3389 3543 3560 3614 λέγει,
3590 3544 3682 3597 ἴνα
3721 3544 3796 3615 μὴ

2195 3639 2325 3709 περὶ
2350 3639 2530 3692 αὐτῶν
2557 3637 2731 3692 ταῦτα
2749 3638 3004 3706 λέγεσθαι
3036 3637 3334 3706 νομίσωσιν
3366 3636 3637 3691 Ἰουδαῖον
3665 3637 3745 3690 δι’
3767 3636 3794 3688 ὃ

2195 3733 2304 3785 πᾶν
2331 3730 2634 3799 ἀνθρώπων
2653 3729 2807 3798 γένος
2828 3730 2998 3801 δηλοῖ.
3029 3730 3166 3783 Ἀλλ’
3193 3721 3342 3782 οὗτοι
3370 3728 3470 3800 μὲν
3495 3727 3788 3796 ἥξουσιν.

2195 3823 2260 3876 Οἱ
2287 3823 2342 3876 δὲ
2368 3823 2466 3891 τῆς
2506 3823 2897 3892 Ἰερουσαλὴμ
2929 3821 3143 3892 ἐκείνης
3177 3822 3393 3875 πολῖταί
3424 3824 3562 3875 εἰσιν
3592 3823 3649 3873 αἱ
3688 3839 3791 3891 μυ·

2197 3912 2400 3983 ριάδες,
2427 3912 2566 3966 κατὰ
2597 3912 2827 3978 Παῦλον,
2867 3911 3136 3981 ἀγγέλων,
3166 3913 3199 3983 ἠ
3239 3911 3541 3982 Ἐκκλησία
3565 3929 3788 3982 πρωτο-

2195 4005 2390 4061 τόκων.
2436 4005 2583 4059 Ἐκεῖ
2630 4007 2720 4060 διά
2760 4006 2961 4069 παντὸς
3014 4005 3234 4059 ἔσονται
3289 4005 3596 4075 λειτουργοὶ
3647 4004 3790 4059 Θεοῦ

2194 4096 2366 4159 ὄντες,
2415 4096 2505 4150 ὑπ’
2541 4099 2789 4168 ἀρχιερεῖ
2819 4096 2896 4167 τῷ
2930 4096 3156 4167 μεγάλῳ
3198 4097 3540 4167 ταττόμενοι.
3573 4095 3788 4159 Πάντες

2194 4188 2252 4242 δὲ
2289 4187 2544 4257 ὄψονται
2594 4188 2702 4241 τῶν
2735 4187 2948 4242 ἀσεϐῶν
2994 4188 3096 4258 τὴν
3140 4188 3440 4254 ἀπώλειαν,
3473 4186 3790 4252 ἐννοοῦντες

2194 4280 2320 4333 οἴων
2359 4280 2578 4348 ἀγαθῶν
2608 4279 3004 4352 ἐστερήθησαν.
3050 4279 3196 4332 Ἀντὶ
3235 4279 3294 4332 δὲ
3335 4278 3456 4343 τοῦ,
3485 4278 3560 4332 τὰ
3593 4278 3783 4345 κῶλα,

2195 4371 2267 4425 τὰ
2306 4371 2535 4440 ἔσχατα
2573 4371 2867 4442 Σύμμαχος
2905 4370 3126 4442 ἔφησεν.
3169 4371 3344 4425 Τίνων
3379 4370 3436 4424 δὲ
3471 4373 3546 4426 τὰ
3579 4371 3782 4436 mila;

2196 4464 2325 4535 περὶ
2382 4458 2456 4518 ὢν
2502 4463 2655 4532 ἔλεγε
2693 4466 2813 4517 κατ’
2852 4463 3058 4536 ἀρχάς·
3096 4483 3115 4515 ι
3146 4464 3310 4529 Υἰοὺς
3341 4463 3634 4535 ἐγέννησα,
3695 4466 3790 4517 καὶ

2198 4555 2389 4627 ὕψωσα
2416 4571 2429 4585 ·
2455 4556 2608 4609 αὐτοὶ
2633 4556 2692 4610 δέ
2729 4574 2796 4627 με
2825 4555 3119 4626 ἠθέτησαν.
3152 4574 3171 4606 ι
3196 4555 3302 4619 Οὓς
3334 4557 3553 4627 μακρὰν
3579 4558 3787 4610 ἑαυτῶν

512 4649 581 4703 de
609 4650 810 4716 quibus
875 4649 1033 4702 initio
1084 4649 1355 4708 scribens.
1414 4649 1558 4703 lilios
1622 4665 1682 4706 se
1734 4650 1992 4720 genuisse
2044 4661 2090 4704 et

2201 4647 2357 4710 ὄντας
2395 4649 2444 4700 οἱ
2492 4649 2562 4702 ἐκ
2596 4647 2706 4716 τῆς
2749 4647 3145 4716 Ἰερουσαλὴμ
3191 4647 3426 4713 ἐξιόντες
3472 4649 3780 4709 θεάσονται.

513 4742 789 4796 exaltasse
817 4742 892 4805 9‘,
942 4755 971 4792 a
1006 4741 1209 4809 quibus
1265 4741 1504 4810 seipsum
1563 4741 1770 4810 despici
1837 4741 2090 4812 contigit,

513 4833 838 4888 allirtnavit?
863 4848 1005 4904 quos
1045 4833 1204 4904 longe
1235 4849 1264 4888 a
1304 4849 1364 4889 se
1410 4844 1672 4898 remotos,
1714 4835 1806 4904 qui
1839 4835 1904 4889 de
1932 4833 2095 4888 Jeru-

512 4927 679 4981 salem
711 4927 908 4981 exituri
965 4936 1115 4992 sunt,
1146 4925 1430 4992 videbunt,
1461 4936 1515 4982 et
1540 4928 1635 4996 qui
1681 4927 1747 4982 ad
1797 4944 1928 4983 snas
1977 4930 2094 4982 sin-

514 5023 627 5090 guli
663 5023 980 5076 mansiones
1015 5029 1385 5076 revertentur.
1434 5020 1722 5092 Signiﬁcat
1764 5035 1928 5089 porro
1979 5038 2094 5074 rer-

514 5115 616 5168 mis
669 5115 1057 5183 appellatione,
1106 5114 1388 5168 assiduam
1443 5129 1656 5177 eorum,
1709 5129 1832 5184 quae
1892 5114 2094 5183 singuli

513 5207 888 5277 peccavimus,
916 5208 971 5261 in
1004 5207 1323 5278 paenitendo
1361 5205 1797 5274 conscientiam;
1829 5220 1948 5274 quae
1974 5212 2098 5257 tan—

513 5309 696 5355 torum
758 5301 1029 5357 bonorum
1063 5301 1374 5373 privatione
1446 5301 1690 5354 animam
1748 5299 2095 5361 remordens,

515 5409 743 5448 suormn
801 5412 995 5451 omnes
1068 5396 1339 5451 scelerum
1398 5393 1790 5448 recordatione
1848 5401 2093 5448 accuset.

518 5484 705 5540 Fuerit.
735 5487 930 5541 deinde
963 5487 1098 5558 ignis
1148 5487 1266 5558 ipse
1299 5485 1773 5556 inexstinguibilis,
1811 5484 1904 5554 qui
1952 5499 2096 5538 sem-

588 5603 636 5634 ⁹⁰
674 5599 713 5654 ΙΙ
741 5601 866 5655 Cor.
899 5619 970 5666 tv,
1024 5602 1106 5657 18.
1213 5602 1255 5633 ⁹¹
1295 5601 1456 5657 llebr.
1490 5616 1544 5664 κ,
1573 5600 1624 5656 l.

515 5672 565 5708 ”
607 5673 769 5728 liebr.
806 5689 901 5734 xu,
934 5673 1027 5726 “2'2.
1104 5673 1150 5704 ⁸³⁸
1188 5673 1286 5729 lsa.
1326 5689 1380 5732 ι.
1425 5672 1479 5725 2.

1725 5599 1773 5632 ⁹¹
1805 5596 1948 5654 Psal.
1999 5614 2180 5658 Lxxvt,
2216 5597 2271 5653 6.

2197 4740 2290 4793 καὶ
2322 4739 2417 4790 ἐπὶ
2435 4740 2532 4801 τὰς
2555 4738 2761 4803 οἰκείας
2797 4743 2964 4810 μονάς
3002 4738 3357 4810 ἐπανήξουσι.
3393 4739 3691 4808 Σκώληκα
3728 4740 3781 4793 δὲ

2197 4848 2363 4902 φησιν
2395 4831 2755 4903 ἀτελεύτητον
2793 4831 2890 4903 τὴν
2925 4834 2983 4888 ὲν
3037 4835 3115 4905 τῷ
3157 4835 3438 4904 μετανοεῖν
3481 4832 3593 4885 τῶν
3638 4833 3782 4885 ἰδίων

2201 4925 2613 4998 ἁμαρτημάτων
2660 4927 2984 4998 συνείδησιν,
3027 4931 3085 4981 ὲν
3135 4927 3214 4998 τῷ
3261 4925 3520 4980 τοιούτων
3563 4925 3782 4993 ἀγαθῶν

2200 5017 2525 5089 ἐστερῆσθαι
2568 5018 2916 5089 δακνομένων
2954 5021 3040 5073 ἀεὶ
3069 5019 3168 5092 τὴν
3194 5019 3394 5089 ψυχὴν,
3419 5017 3513 5070 καὶ
3544 5033 3783 5087 κατηγο-

2207 5112 2445 5184 ρούντων
2493 5111 2706 5167 ἑαυτῶν
2758 5113 2851 5166 ἐπὶ
2902 5115 2969 5184 τῇ
3017 5114 3275 5185 φθασάσῃ
3322 5111 3514 5182 κακίᾳ.
3560 5110 3689 5178 Πῦρ
3729 5108 3784 5161 δὲ

2203 5205 2528 5270 ἇσϐεστον,
2557 5204 2619 5258 τὸ
2641 5205 2806 5276 ῥηθὲν
2829 5205 2933 5258 ὑπὸ
2951 5205 3046 5258 τοῦ
3071 5207 3343 5277 Σωτῆρος,
3367 5205 3611 5265 αἰώνιον,
3640 5206 3784 5274 ἡτοι-

2206 5297 2502 5368 μασμένων
2527 5308 2550 5336 θ
2572 5296 2649 5366 τῷ
2675 5295 2905 5367 διαϐόλῳ
2926 5311 2939 5325 ·
2969 5297 3147 5366 σαρκὶ
3176 5297 3233 5350 δὲ
3259 5299 3348 5363 είς
3371 5296 3589 5366 ὅρασιν
3611 5295 3784 5348 ἔσον-

2203 5408 2298 5446 ται
2345 5393 2410 5462 τῇ
2443 5393 2518 5462 μὴ
2546 5389 2908 5464 κολαζομένῃ,
2948 5390 3078 5461 περὶ
3121 5386 3190 5462 ἧς
3233 5389 3373 5462 ἔφη·
3414 5389 3574 5453 Ἥξει
3620 5387 3783 5442 πᾶσα

2202 5483 2360 5552 σὰρξ
2409 5483 2515 5538 τοῦ
2560 5481 2988 5552 προσκυνῆσαι
3025 5481 3286 5537 ἐνώπιόν
3311 5499 3453 5552 μου.
3489 5482 3560 5533 Ἢ
3582 5480 3645 5534 τὸ
3677 5479 3781 5532 τῶν

2404 5597 2450 5631 ⁸³
2479 5597 2586 5653 lsa.
2618 5613 2712 5662 LII,
2759 5596 2864 5664 50;
2909 5594 3047 5655 Luc.
3079 5611 3160 5662 tu,
3203 5594 3257 5651 ϐ.
3364 5593 3414 5628 ⁸⁸
3436 5591 3557 5651 Joel
3589 5610 3624 5651 ιι
3647 5635 3663 5660 .
3691 5593 3780 5653 28.

1829 5765 2060 5820 VARIAS
2106 5765 2510 5821 LECTIONES.

590 5859 620 5902 δ
647 5879 737 5931 πρ.
765 5862 1007 5934 οὐρανοί.
1085 5872 1107 5901 ο
1177 5862 1266 5918 ἵσ.
1305 5865 1398 5934 Ξτη
1425 5862 1492 5916 τὰ
1519 5864 1655 5918 ἐκεῖ.
1724 5861 1749 5902 ιι
1781 5879 1872 5932 γρ.
1901 5861 2057 5915 ὅπου.
2140 5872 2163 5899 ε
2191 5877 2286 5930 γρ.
2315 5861 2738 5932 ἡτοιμασμένον.
