4046 6386
154 314 275 382 2717

1567 322 1975 385 ΕΡΙΞΤΟΙΛΞ.

3248 325 3393 390 2718

150 427 503 499 κολαζομένων
547 427 760 498 ὄψεται
809 428 964 494 τέλος
1003 430 1143 502 αὑτὴ
1170 430 1282 486 τῶν
1314 431 1538 502 ἀγαθῶν
1570 437 1710 489 αποο

1825 438 2068 508 piternus
2093 451 2124 490 a
2151 433 2439 493 Salvatore
2469 443 2824 509 nuncupatus
2855 438 3077 493 diabolo
3100 440 3398 511 praeparari

153 523 390 576 λαύουσα.
421 519 576 582 Τινὲς
623 519 680 574 δὲ
706 519 882 574 ταῦτα
913 521 1110 590 δηλοῦν
1141 522 1352 590 ἔφασαν
1390 524 1490 588 τὰς
1516 527 1710 579 ἐπενε-

153 614 352 685 χθείσας
390 612 663 676 Ἰουδαίοις
699 613 986 685 συμφορὰς
1010 615 1115 667 ὑπὸ
1147 616 1246 686 τῆς
1275 615 1562 688 Ῥωμαίων
1594 635 1711 688 χει-

152 711 233 780 ρὸς
265 709 340 768 είς
378 707 588 777 σφαγὴν
614 706 941 778 δεδομένοις.
969 707 1035 760 Οἳ
1070 709 1163 761 κα)⁵
1191 709 1262 762 ἐν
1289 708 1364 777 τῇ
1395 711 1572 777 σαρκί
1613 729 1709 780 γε-

151 805 318 871 γόνασι
356 803 555 864 ϐεατοὶ.
585 807 682 857 καὶ
721 805 1006 874 μονονουχὶ
1029 805 1186 876 δίκην
1219 805 1579 876 ἀτελεύτητον
1610 808 1714 862 πά-

152 913 373 966 σχουσιν,
409 896 594 950 Ἀλλοι
626 897 684 950 δέ
731 915 915 964 φασιν,
947 897 1024 960 ὼς
1058 898 1148 952 διὰ
1181 900 1436 970 χρηστῶν
1469 900 1566 953 καὶ
1617 918 1712 970 φο-

151 987 306 1058 ϐερῶν
327 989 356 1041 ὁ
380 987 512 1051 Θεὸς
535 989 664 1052 τοὺς
707 988 992 1052 Ἰουδαίους
1018 991 1410 1064 προτρέπεται,
1441 993 1502 1057 ὃς
1526 1011 1589 1062 γε
1621 993 1713 1049 καὶ

150 1080 434 1151 παρουσίαν
477 1081 615 1134 ἰδίαν
649 1083 1178 1164 κατεπαγγέλλεται.
1233 1084 1297 1138 'H
1341 1086 1398 1139 δὲ
1439 1088 1713 1158 παρουσία

150 1175 201 1227 οὐ
217 1171 326 1224 καθ’
351 1171 446 1224 ἕνα
463 1172 670 1241 τρόπον
697 1175 919 1226 νοεῖται.
950 1192 967 1223 ι
997 1175 1108 1227 Καὶ
1127 1174 1237 1242 γὰρ
1265 1175 1326 1227 οὐ
1352 1174 1426 1244 μὴ
1449 1176 1711 1246 τελέσητε

150 1263 235 1326 τὰς
262 1261 441 1324 πόλεις
467 1261 564 1315 τοῦ
605 1262 843 1333 Ἰσραὴλ,
876 1261 982 1326 ἕως
1018 1263 1082 1316 ἂν
1116 1263 1244 1334 ἔλθῃ
1269 1307 1282 1327 ,
1321 1267 1506 1335 φησὶν,
1535 1268 1562 1319 ὁ
1589 1267 1712 1330 Υἱὸς

150 1355 228 1408 τοῦ
253 1353 563 1424 ἀνθρώπου.
595 1371 614 1405 ›
660 1353 839 1423 Ὅπερ
885 1351 1040 1406 εἶπεν
1067 1355 1128 1407 οὐ
1155 1356 1328 1425 δήπου
1363 1356 1462 1426 τὴν
1504 1356 1712 1422 ἔνδοξον

148 1446 295 1501 αὐτοῦ
325 1446 630 1518 παρουσίαν
661 1445 854 1517 δηλῶν,
887 1446 987 1518 τὴν
1015 1445 1071 1499 δὲ
1096 1446 1218 1500 κατ’
1243 1447 1526 1518 ἐνέργειαν
1548 1449 1712 1502 αὑτοῦ

149 1541 266 1612 πρδς
313 1540 513 1604 αὐτοὺς
563 1539 931 1611 ὲπιφοίτησιν,
979 1539 1055 1602 ὡς
1110 1541 1205 1592 καὶ
1251 1539 1346 1592 νῦν
1385 1541 1486 1612 τὴν
1533 1542 1714 1595 αὐτῶν

149 1632 411 1700 ἐπίσκεψιν
439 1631 784 1702 ὑπεδήλωσεν
809 1633 888 1693 εἰς
913 1631 1082 1700 ἡμᾶς,
1107 1629 1302 1698 λέγων,
1333 1631 1410 1694 ὡς
1465 1633 1712 1686 ἐπισυν-

147 1723 260 1785 άξει
301 1723 500 1787 αὐτοὺς
533 1725 600 1777 ὲκ
640 1723 859 1777 πάντων
892 1719 1010 1774 τῶν
1040 1721 1252 1787 ἐθνῶν,
1293 1724 1374 1784 εἰς
1417 1721 1453 1776 ἃ.
1484 1723 1715 1776 διασπα-

150 1816 315 1886 ρέντες
346 1816 446 1877 τὰς
470 1816 694 1869 ἐκείνων
724 1813 976 1885 γλώσσας
1007 1813 1294 1884 ἐξέμαθον,
1327 1814 1714 1885 ἀθετησάντων

147 1911 193 1964 δὲ
242 1911 417 1964 αὐτῶν
479 1909 716 1981 Χριστὸς
783 1907 856 1963 τὰ
911 1909 1056 1975 ἔθνη
1115 1910 1493 1979 συνήγαγεν.
1551 1908 1714 1980 οἵπερ

152 2003 352 2072 ἥξουσι
415 2005 548 2068 τοὺς
613 2003 952 2066 καλέσαντας
1009 2003 1207 2066 αὐτοὺς
1267 2002 1602 2065 ἀποστόλους
1647 2005 1714 2072 τῇ

152 2097 320 2166 μνήμῃ
351 2095 633 2164 φέροντες.
668 2095 764 2148 καὶ
793 2093 1034 2166 ζηλωταὶ
1066 2094 1272 2148 τούτων
1298 2098 1593 2166 γινόμενοι.
1617 2087 1717 2147 Ὧν

149 2188 234 2258 τὴν
259 2188 524 2257 εὐθυμίαν
546 2187 635 2241 διὰ
659 2187 765 2241 τῶν
795 2187 1088 2257 ὀχημάτων
1118 2187 1288 2256 δηλοῖ,
1312 2187 1433 2258 ἥτις
1464 2186 1716 2257 ἐδηλοῦτο

153 2279 363 2352 πρώτως
395 2280 487 2334 διὰ
512 2280 608 2334 τοῦ
644 2281 901 2350 εὐνούχου
937 2277 1184 2352 [Asiam].

1813 525 2018 580 dicitur
2039 527 2106 581 ".
2147 524 2324 580 Erunt
2356 527 2483 581 item
2528 528 2582 581 iu
2634 537 2975 596 conspectum
3025 530 3171 583 omni
3212 546 3399 592 carm,

1813 631 1977 686 quam
2012 631 2118 669 non
2155 615 2269 686 ipsa
2300 617 2530 688 attinget
2567 618 2724 678 ultio,
2752 617 2820 672 de
2850 635 2959 687 qua
3013 618 3175 682 dixit,
3215 618 3401 672 Veniet

1815 709 1985 762 annuis
2009 725 2156 772 cura,
2187 707 2352 780 764
2382 719 2437 762 ut
2478 709 2664 763 adoret
2690 727 2871 764 coram
2898 727 2980 764 me
3008 727 3026 764 :
3059 720 3153 764 aut
3185 727 3400 777 eorum,

1814 801 1908 870 qui
1953 801 2272 870 punientur,
2303 803 2464 856 ﬁnem
2499 818 2624 858 esse
2653 806 2894 858 visuram
2931 805 3227 875 signiﬁcat,
3272 821 3398 860 cum

1815 897 1976 952 bonis
2007 898 2120 968 ipsa
2165 899 2426 968 poliatur.
2473 898 2590 954 Non
2625 899 2824 953 desunt
2861 909 3048 953 tamen
3083 900 3276 970 aliqui,
3305 907 3398 968 qzu

1816 986 1997 1040 verbis
2036 986 2178 1048 istis.
2228 994 2487 1056 acceptas
2531 1003 2560 1040 a
2608 986 2879 1042 Romanis
2916 989 3151 1054 injurias
3191 989 3402 1057 siguill-

1815 1079 1926 1132 cari
1956 1077 2162 1134 ludatis
2197 1079 2555 1142 arbitrentur,
2617 1096 2852 1150 quorum
2887 1097 3050 1134 manu
3106 1090 3233 1134 sunt
3281 1080 3400 1134 lteri

1816 1172 2023 1236 traditi,
2048 1173 2139 1242 qui
2172 1188 2388 1226 rursum
2416 1173 2467 1225 in
2501 1190 2660 1226 carne
2698 1174 3032 1244 Spectabiles
3059 1174 3259 1238 effecti,
3287 1188 3404 1242 p0!-

1817 1280 1917 1318 nas
1971 1265 2135 1318 etiam
2190 1266 2305 1320 fere
2368 1273 2663 1334 perpetuas
2722 1266 3030 1334 patiuntur.
3109 1264 3214 1318 Alii
3273 1278 3405 1316 vero

1819 1357 2011 1424 Deum,
2065 1368 2324 1428 tanquam
2377 1373 2560 1410 rerum
2607 1357 2824 1410 utilium
2873 1365 2927 1412 et
2985 1357 3404 1410 metuendarum

1816 1447 2326 1512 demenstratioue,
2381 1448 2603 1505 .Iudzeos
2662 1458 2858 1518 putant
2928 1448 3252 1514 adhortari,
3311 1448 3404 1515 qui

1816 1555 1977 1595 suum
2003 1541 2168 1594 etiam
2196 1541 2488 1594 adventum
2519 1540 2835 1600 denuntiet,
2870 1541 2965 1595 sed
3003 1557 3109 1593 non
3137 1556 3246 1593 uno
3276 1554 3402 1592 eum

1818 1633 1996 1702 ipsum
2035 1633 2198 1686 modo
2231 1633 2485 1698 intelligi.
2522 1654 2538 1685 ι
2565 1631 2682 1685 Non
2720 1633 2890 1694 enim,
2928 1633 3127 1702 inquit,
3152 1630 3409 1686 civitates

1819 1725 1982 1780 Israel
2015 1725 2387 1788 eoul‘eceritis,
2423 1726 2596 1780 donec
2622 1727 2800 1780 veniat
2827 1725 2997 1780 Filius
3025 1723 3261 1779 hominis
3278 1723 3350 1786 ’⁸,
3384 1742 3402 1770 ι

1749 1793 1788 1852 Β
1817 1819 1962 1888 quod
1992 1827 2078 1873 est
2109 1820 2178 1870 ah
2234 1832 2301 1871 eo
2334 1827 2683 1887 usurpatum,
2734 1835 2842 1871 non
2895 1817 3137 1887 quidem,
3187 1825 3248 1869 ut
3283 1817 3406 1885 glo-

1818 1911 2027 1965 riosum
2054 1911 2375 1973 adventum,
2416 1913 2510 1966 sed
2552 1919 2611 1963 ut
2643 1910 2838 1964 ell'ectu
2877 1924 3037 1964 suum
3071 1908 3137 1962 ad
3175 1923 3272 1963 eos
3317 1921 3407 1960 ac-

1821 2016 2039 2057 cessum
2068 2003 2498 2067 demonstraret,
2532 2010 2591 2054 ut
2629 2009 2683 2056 et
2720 2001 2823 2056 hoc
2875 2002 2993 2055 loco
3028 2015 3186 2054 suam
3224 2001 3278 2052 in
3312 2012 3409 2050 eos

1823 2093 2248 2163 propensionem
2303 2104 2357 2147 et
2408 2108 2623 2159 curam,
2669 2108 2736 2146 eo
2787 2095 2926 2161 ipso,
2979 2090 3126 2160 quod
3188 2090 3313 2142 illos
3342 2101 3409 2142 ex

1821 2187 2062 2257 gentibus
2085 2185 2364 2248 omnibus,
2393 2185 2448 2238 in
2502 2201 2640 2252 quas
2667 2183 2902 2251 dispersi
2958 2183 3178 2250 linguas
3217 2193 3408 2232 eorum

1825 2278 2162 2340 didicerunt,
2192 2285 2632 2346 congregatarum
2659 2290 2718 2328 se
2757 2273 3052 2344 signiﬁcat.
3087 2271 3243 2336 Quod
3284 2286 3409 2324 cum

153 2390 235 2430 eos
285 2377 572 2446 aspernari
620 2375 966 2446 contigisset,
1019 2383 1148 2428 sunt
1184 2389 1212 2426 a
1272 2373 1494 2428 Christo
1536 2385 1714 2444 gentes
1753 2384 2115 2444 congregata,
2157 2388 2280 2441 quae
2340 2381 2394 2425 et
2433 2372 2562 2440 ipsa:
2629 2374 2855 2434 venient,
2904 2369 3184 2438 apostolos
3235 2367 3410 2436 ipsos,

155 2485 178 2521 a
207 2469 398 2539 quibus
422 2471 606 2524 vocati
643 2480 808 2536 sunt,
852 2470 906 2524 in
953 2470 1217 2524 memoria
1249 2471 1537 2534 habentes,
1570 2471 1694 2525 illos
1733 2470 2014 2524 imitantes
2043 2486 2056 2522 :
2125 2483 2360 2539 quarum
2395 2466 2562 2522 animi
2631 2465 2971 2520 alacritatem
3005 2478 3102 2535 per
3163 2461 3415 2516 vehicula

155 2562 338 2630 innuit,
372 2579 500 2634 quae
551 2565 704 2636 prius
737 2564 1154 2632 signiﬁcabatur
1197 2580 1292 2632 per
1327 2565 1588 2618 eunuchi.
1633 2601 1650 2618 .
1693 2603 1710 2620 .

215 2722 258 2753 ’τ
287 2721 476 2776 Matth.
515 2738 644 2783 xxv,
680 2721 771 2775 il.
809 2720 855 2753 ⁸⁸
886 2721 1082 2777 Matth.
1139 2740 1196 2784 χ,
1235 2722 1326 2776 23.

1707 2903 3416 2939 Ἢ

184 2912 1977 2949 W

783 3099 1821 3220 ΠΡΟΚΟΠΙΟΥ
1933 3083 2777 3263 ΣοφΙΣΤλοΥ

1293 3297 2268 3438 ΕΠΙΣΤΟΛΑΙ.

456 3637 1194 3771 PROCOPII
1315 3634 2144 3764 SOPHISTAE
2252 3631 3113 3760 EPISTOLZE.

827 3834 1076 3897 (Primum
1116 3835 1267 3884 editze
1311 3840 1424 3882 sunt
1472 3831 1534 3883 ab
1564 3831 1694 3894 Aug.
1742 3829 1889 3892 Muo,
1929 3827 2086 3882 Class.
2141 3833 2341 3881 Auctor.
2397 3837 2432 3881 t.
2489 3829 2571 3891 IV,
2620 3829 2756 3892 202.)

1666 4075 2006 4132 MONlTUM.

227 4183 470 4253 Procopii
503 4180 703 4244 Gaza‘i,
731 4196 895 4250 quem
948 4179 1222 4234 rhetorem
1266 4175 1530 4245 optimmn
1565 4175 1693 4231 cod.
1733 4174 1854 4230 160.
1885 4173 2114 4244 appellat
2161 4171 2403 4234 Photius,
2444 4171 2716 4226 luculenta
2753 4179 2932 4225 autem
2967 4167 3214 4222 oratione
3249 4181 3277 4218 a
3333 4163 3434 4218 Fu-

168 4280 322 4334 luicio
352 4278 499 4332 edita
549 4275 845 4345 discipulus
879 4272 1046 4341 ipsius
1073 4269 1360 4324 Choricius
1386 4269 1707 4334 dilaudavit,
1741 4269 2019 4335 sexaginta
2045 4265 2171 4319 olim
2201 4264 2420 4319 Cra-cas
2447 4266 2708 4334 epistolas
2729 4264 2894 4318 Aldus
2929 4264 2980 4316 in
3016 4262 3187 4314 lucem
3216 4259 3431 4321 extulit,

169 4389 328 4444 neque
355 4373 540 4442 plures
576 4372 628 4425 in
656 4368 1117 4439 consequentibus
1154 4366 1483 4420 editiouibus
1506 4375 1890 4434 apparuerunt.
1923 4362 2134 4429 Reapse
2163 4371 2216 4415 et
2259 4362 2554 4419 Vaticanus
2587 4364 2774 4417 Sueca:
2802 4362 2998 4430 regina-
3025 4360 3190 4413 codex
3221 4374 3274 4411 u.
3308 4356 3432 4410 159.

169 4479 512 4537 prmnotatus,
543 4467 827 4533 sexaginta
860 4465 980 4520 illas
1013 4465 1078 4517 ad
1108 4463 1366 4517 amussim
1392 4462 1654 4524 continet,
1679 4461 1897 4529 insuper
1921 4460 2141 4516 nullam.
2184 4460 2288 4514 Sed
2317 4473 2444 4513 ecce
2471 4459 2609 4511 alius
2627 4455 2918 4509 Vaticanus
2940 4455 3103 4508 codex
3133 4453 3255 4512 306,
3289 4454 3439 4522 regio

168 4564 455 4635 antiquior,
521 4563 896 4633 bombycinus,
949 4560 1210 4629 majorem
1267 4559 1399 4612 adeo
1435 4558 1612 4613 Gazzei
1643 4557 1890 4625 ProCOpii
1923 4557 2274 4626 epistolarqu
2313 4570 2598 4608 munerum
2655 4551 2894 4615 exhibet,
2971 4560 3030 4603 ut
3067 4550 3185 4618 plus
3217 4557 3435 4601 centum

172 4660 393 4713 ineditos
421 4671 544 4711 esse
571 4653 938 4726 cognowrim.
979 4651 1087 4720 Ego
1116 4651 1282 4722 igitur
1316 4666 1420 4704 non
1453 4661 1558 4702 tam
1611 4650 1848 4720 ipsarqu
1889 4657 2210 4718 argumento
2243 4647 2566 4708 delectatus,
2598 4644 2738 4713 quod
2774 4643 2826 4696 in
2868 4642 3158 4697 levioribus
3201 4639 3438 4709 plerum-

173 4769 270 4825 que
295 4755 482 4818 rehus,
543 4759 602 4805 ut
658 4750 996 4804 abundantes
1041 4748 1152 4801 otio
1202 4746 1373 4802 Graeci
1427 4745 1622 4809 solent,
1664 4754 1933 4812 versatur,
1977 4760 2139 4813 quam
2172 4743 2368 4796 eximia
2399 4743 2524 4813 styli
2561 4752 2845 4794 venustate
2871 4749 3086 4807 captus,
3117 4748 3172 4790 et
3202 4736 3439 4790 auctoris

173 4849 326 4901 etiam
354 4846 500 4900 fama
530 4853 585 4900 et
614 4843 938 4912 antiquitate
971 4850 1298 4906 couuuotus,
1327 4850 1590 4910 quotquot
1629 4849 1782 4894 erant
1817 4837 2103 4906 iltcugnila'.
2163 4835 2460 4904 vulgandas
2495 4834 2706 4900 suscepi
2744 4850 2757 4886 :
2801 4831 3011 4895 Graece,
3042 4832 3286 4900 inquam,
3328 4843 3437 4881 non

173 4941 386 5006 Latine;
421 4940 687 5013 quoniam
726 4938 843 4990 laus
873 4952 1062 4990 earum
1110 4935 1234 5004 styli
1279 4934 1478 5003 potius.
1507 4945 1561 4988 ut
1586 4934 1716 4998 dixi,
1758 4931 1951 4985 merito
1975 4945 2136 5000 quam
2176 4928 2443 4999 gravitate
2480 4927 2720 4980 materiae
2751 4926 2961 4980 nititur.

2398 5152 2436 5203 l.
2479 5143 2898 5202 illl‘IRONYMO.

1936 5249 2106 5304 ﬂatus
2141 5245 2393 5316 equidem
2435 5258 2485 5298 te
2519 5245 2583 5295 ad
2614 5241 2794 5295 Nilum
2847 5239 3170 5310 jampridem
3203 5253 3444 5293 commo-

722 5164 801 5216 A'.
844 5159 1220 5229 1ΕΡΟΝΥΜῼ.
1785 5174 1829 5234 C

248 5262 396 5332 Ἐγὼ
424 5263 526 5331 μὲν
559 5258 720 5329 ᾤμην
756 5273 815 5308 σε
847 5256 938 5308 τὸν
988 5252 1180 5306 Νεῖλον
1225 5250 1391 5303 πάλαι
1438 5247 1762 5319 κατειληφέ-

177 5373 292 5411 ναι·
324 5357 422 5410 καὶ
456 5353 723 5414 πολλάκις
771 5349 852 5412 είς
891 5348 1110 5419 μνήμην
1156 5345 1468 5414 λαμϐάνων,
1504 5342 1663 5393 τοῦτο
1693 5341 1759 5412 δὴ

175 5450 232 5502 τὸ
247 5447 437 5509 εἰωθὸς
459 5446 604 5516 ἐμοὶ,
625 5444 712 5506 Ὠς
728 5441 1066 5510 εὐδαίμονες,
1085 5439 1291 5507 ἔλεγον,
1308 5435 1420 5498 τοῖς
1440 5433 1761 5501 Αἰγυπτίοις

176 5543 222 5593 οἱ
240 5540 456 5603 παῖδες,
480 5537 648 5592 πάλαι
684 5535 786 5604 μὲν
808 5535 899 5586 τὸν
923 5520 1117 5585 Νεῖλον
1144 5530 1360 5597 ἔχοντες
1387 5526 1620 5597 χορηγὸν
1650 5524 1760 5576 τῶν

175 5634 268 5685 ὅσα
298 5633 489 5702 φέρειν
520 5627 660 5684 οἶδεν
687 5630 894 5688 ἐκεῖνος
917 5642 930 5656 ·
957 5625 1072 5677 νυνὶ
1101 5623 1158 5674 δὲ
1187 5621 1278 5673 καὶ
1305 5619 1404 5688 τὴν
1439 5618 1536 5688 σὴν
1554 5617 1759 5688 μοῦσαν

180 5723 563 5794 προειληφότες
610 5721 767 5774 οὐδὲν
821 5717 1151 5788 ἀτιμοτέραν
1205 5711 1301 5766 τοῦ
1359 5711 1590 5773 Νείλου,
1626 5710 1756 5782 παρ’

179 5817 296 5888 igni.
323 5817 382 5871 δὲ
417 5819 581 5888 κριτῇ
619 5812 887 5884 τάχακαὶ
917 5811 1106 5883 μείζω.
1149 5808 1210 5862 Ὀ
1253 5805 1361 5877 μὲν
1399 5805 1512 5877 γὰρ
1531 5805 1628 5876 τὴν
1650 5804 1757 5876 χώ-

1865 5344 1996 5409 rari,
2022 5341 2220 5410 saepius
2254 5337 2383 5392 tuihi
2418 5338 2468 5390 iu
2492 5335 2832 5396 memoriam,
2862 5334 3003 5402 quod
3037 5331 3163 5385 mihi
3197 5331 3444 5397 solitum,

1864 5433 2186 5488 revocabant
2256 5445 2417 5500 quam
2480 5429 2666 5482 felices
2723 5426 2874 5490 olim,
2939 5424 3079 5494 apud
3136 5422 3445 5494 Aﬁgyptios,

1863 5525 2014 5593 pueri
2045 5524 2416 5592 loquerentur,
2462 5522 2658 5590 quibus
2682 5519 2838 5572 Nilus
2873 5517 2993 5571 lbos
3032 5527 3151 5572 erat
3200 5518 3442 5571 oumium

1861 5635 1982 5690 qua:
2018 5619 2167 5673 novit
2206 5618 2294 5671 ille
2355 5615 2564 5686 largiri,
2600 5627 2653 5668 et
2691 5629 2852 5682 quam
2908 5627 3051 5666 nunc
3111 5609 3298 5665 felices
3351 5609 3444 5678 qui

1869 5718 1956 5762 tua
1998 5705 2294 5774 gauderent
2322 5721 2474 5760 llltlS:t
2499 5720 2619 5772 qua:
2652 5703 2776 5755 Nilo
2811 5718 2914 5754 non
2937 5701 3112 5770 pejor,
3141 5703 3234 5756 sed
3259 5711 3314 5753 ct
3335 5701 3447 5751 l'or-

1868 5817 1965 5857 san
1989 5816 2074 5856 me
2097 5799 2302 5869 judice,
2343 5797 2531 5854 melior
2555 5809 2638 5852 est
2671 5813 2685 5849 :
2717 5795 2805 5851 ille
2826 5795 2970 5850 enim
3005 5791 3444 5863 regioncmillam
