4046 6386
168 338 277 403 272
288 337 305 401 l

1583 326 1989 388 ΕΡῘΒΤιῘιΙμἘ.

168 483 265 537 ρον
301 460 459 528 (ἀλλὰ
493 459 588 511 σὺν
636 456 809 526 Ἑρμῇ
876 454 967 506 καὶ
1006 452 1234 521 μούσαις
1254 447 1525 521 ειρήσοω)·
1550 450 1615 500 ἐκ
1658 451 1742 519 τῆ,

1862 464 1965 515 que
1998 461 2063 501 ex
2108 447 2276 500 multo
2306 456 2551 517 tempore
2576 448 2687 517 jam
2724 458 2982 517 emptam
3017 466 3030 515 ;
3064 450 3158 502 sed
3193 468 3295 505 nun
3323 468 3441 520 post

178 552 588 622 Ἀλεξανδρείας
608 546 1028 617 κομισθήσεται·
1063 542 1220 593 τοῦτο
1250 541 1358 611 γὰρ
1388 539 1598 592 ἐκεῖθεν
1621 540 1753 609 ἡμῖν

163 649 210 700 οἱ
236 643 673 716 προσταχθέντες
729 636 1093 691 ἀπέστειλαν·
1139 634 1275 704 ὅπερ
1310 634 1360 687 εί
1404 631 1541 704 πρὸς
1593 630 1753 700 ἔργον

162 738 393 808 ἐκϐαίη,
426 735 545 806 ὄψει
580 750 645 804 με
689 732 909 793 πάντως
948 728 1257 798 αὐτόματον
1302 727 1431 794 ὑμῖν
1458 726 1752 796 προσιόντα

161 832 297 902 περὶ
341 828 437 883 τοῦ
488 821 810 899 μεταδοῦναι
844 822 977 876 ὡσεὶ
1032 820 1127 874 καὶ
1166 819 1327 882 αὐτὸς
1360 818 1546 872 λαϐεῖν
1596 818 1751 872 ἐδου-

160 919 364 988 λύμην.

747 1002 824 1057 1".
856 1000 1161 1071 ΔΙΟΔΩΡῼ.

251 1101 322 1154 Ἦ
360 1100 493 1171 περῖ
516 1098 615 1169 τῆς
646 1097 747 1166 σῆς
781 1093 1120 1157 παιδεύσεως
1167 1093 1324 1163 φήμη
1358 1091 1559 1145 ὁποίων
1585 1090 1751 1162 ηὐχόο

166 1193 311 1266 μεθα
339 1194 516 1261 λόγων
548 1190 649 1254 τὰς
694 1188 971 1259 ἡμετέρας
1002 1185 1300 1256 ἐνέπλησεν
1334 1185 1524 1248 ἀκοάς.
1565 1185 1624 1238 '0
1650 1184 1751 1253 μὲν

163 1289 273 1358 γάρ
308 1284 407 1356 τὴν
430 1284 530 1354 τῆς
571 1280 898 1352 συνηγορίας
943 1280 1212 1347 ἀφηγεῖτο
1259 1276 1521 1347 σπουδὴν,
1555 1275 1662 1330 όμδὲ
1688 1276 1751 1330 τὸ

163 1384 219 1434 ὲν
250 1381 365 1441 τοῖς
389 1373 761 1444 δικαστηρίοις
784 1371 1011 1424 εὓπονον
1038 1369 1453 1440 ἀπεθαύμαζεν,
1485 1370 1514 1421 ὁ
1542 1369 1612 1437 ¹δὲ
1646 1368 1749 1439 τὴν

160 1472 290 1543 περὶ
312 1472 439 1532 τοὺς
471 1466 794 1538 προσιόντας
821 1462 1053 1529 εὔνοιαν,
1087 1463 1226 1533 πλὴν
1258 1464 1305 1514 εί
1343 1463 1417 1533 μή
1441 1478 1527 1524 τις
1552 1460 1746 1527 ἀδική-

163 1579 262 1625 σας
318 1560 655 1632 ἐτύγχανεν
698 1554 817 1610 οἶδα
859 1557 954 1609 καὶ
1000 1552 1133 1608 τόδέ
1186 1552 1427 1618 ἀκούσας
1477 1553 1555 1617 ὡς
1603 1553 1747 1625 ὁρῶν

160 1673 313 1719 τινας
352 1654 497 1725 μέγα
546 1652 643 1723 μὲν
690 1649 1045 1719 δυναμένους,
1108 1644 1488 1717 θαυμάζοντας
1527 1646 1591 1700 δὲ
1638 1645 1745 1699 τῶν

1858 540 2058 593 multos
2080 540 2199 594 dies
2222 540 2448 608 juvante
2487 540 2758 595 Mercurio
2795 552 2847 593 et
2880 542 3067 601 Musis.
3110 544 3436 599 Alexandria

1855 630 2157 688 afferetur:
2192 634 2323 686 inde
2340 634 2485 687 enim
2530 634 2657 687 illud
2692 634 2729 688 ii
2769 637 2857 702 qui
2891 646 3015 689 sunt
3044 636 3187 703 j‘ussi
3230 639 3295 689 ad
3354 653 3440 691 me

1855 724 2164 794 adlegarunt
2192 742 2205 779 :
2252 725 2395 795 quod
2422 725 2466 779 si
2496 740 2758 796 prospere
2786 730 3067 795 succedet,
3101 746 3187 783 me
3228 730 3437 784 videbis

1852 818 1921 872 ad
1953 830 2047 873 vos
2086 834 2257 887 quam
2275 818 2509 873 maxime
2549 820 2690 873 ultro
2720 832 3057 888 pergentem,
3103 826 3168 876 ad
3193 823 3272 877 sic
3303 824 3439 877 dan-

1854 911 1979 964 dum
2013 912 2166 980 quasi
2204 913 2319 980 ipse
2335 913 2583 978 accipere
2617 922 2881 981 optarent.

2423 1004 2508 1059 lt".
2539 1004 2861 1060 DlODOllO.

1924 1095 2104 1150 Aures
2166 1108 2382 1151 nostras
2409 1096 2476 1150 iis
2499 1100 2573 1151 de
2602 1109 2690 1151 tua
2733 1098 3075 1152 institutione
3114 1113 3251 1168 quos
3284 1109 3437 1166 opta-

1853 1186 2047 1242 bamus
2074 1191 2422 1244 sermonibus
2446 1188 2590 1243 fama
2618 1191 2861 1259 implevit
2890 1208 2904 1244 :
2931 1191 3070 1243 alter
3086 1190 3232 1245 enim
3289 1204 3436 1245 tuam

1852 1276 1905 1333 in
1935 1276 2181 1335 dicendis
2213 1281 2397 1335 causis
2419 1281 2755 1354 diligentiam
2791 1282 3051 1336 narrabat
3084 1300 3098 1348 ;
3136 1282 3274 1336 alter
3306 1298 3437 1336 vero

1850 1389 2013 1442 quam
2057 1374 2292 1431 feliciter
2323 1374 2417 1429 tibi
2453 1376 2506 1428 in
2561 1374 2783 1444 jutliciis
2816 1378 3053 1439 cederet,
3091 1375 3435 1442 mirabatur;

1853 1467 2048 1521 tertius
2080 1477 2260 1521 autem
2294 1477 2496 1537 quanta
2554 1483 2703 1522 esses
2744 1468 3119 1523 benevolentia
3162 1471 3214 1523 in
3246 1484 3435 1537 qneut‘o

1851 1568 2085 1620 cumque
2110 1555 2866 1626 accedentem,pratterquam
2910 1573 3029 1614 cmn
3086 1559 3207 1627 quis
3239 1560 3437 1629 injuste

1848 1647 2070 1714 egisset.
2137 1646 2251 1701 lloc
2298 1663 2515 1718 quoque
2558 1650 2681 1703 novi
2722 1649 2968 1713 audiens,
3023 1653 3169 1720 quod
3217 1668 3434 1720 nempe.

159 1746 387 1799 δικαίων
426 1744 611 1815 μηδὲν,
643 1742 809 1805 πολὺς
835 1741 1101 1805 ἐπνευσας
1125 1740 1245 1794 κατ’
1273 1738 1474 1806 αὐτῶν,
1509 1739 1602 1792 καὶ
1631 1738 1742 1791 λοι-

1849 1736 2114 1805 quosdam
2178 1751 2299 1791 cum
2364 1738 2579 1793 videres
2616 1740 2841 1794 multum
2905 1750 3171 1810 potentes,
3212 1743 3435 1795 minime

158 1840 343 1910 δορίαν
400 1836 802 1907 ἐπαινουμένην
877 1834 1156 1903 κατέχεες.
1232 1830 1374 1899 Ἐγὼ
1425 1830 1491 1884 δὲ-
1536 1831 1744 1885 τούτων

158 1932 399 1996 ἁκούων,
430 1930 603 1985 ἄλλων
634 1928 772 1983 ἄλλα
796 1928 1197 1998 διηγουμένων,
1214 1924 1403 1997 ὥσπερ
1436 1925 1622 1988 ἔνθους
1653 1925 1743 1994 ὑφ’

158 2027 353 2098 ἡδονῆς
385 2024 675 2094 ἐγενόμην,
705 2023 802 2075 καὶ
835 2022 978 2092 μέγα
1011 2036 1075 2088 γε
1119 2021 1234 2084 τοῖς
1269 2019 1449 2088 λόγοις
1505 2019 1742 2089 φρονῶν,

157 2119 381 2172 ἐδόκουν
420 2117 586 2181 αὐτὸς
639 2114 1019 2169 ἐπαινεῖσθαι·
1055 2113 1163 2184 ἤδη
1190 2113 1248 2167 δὲ
1284 2115 1380 2166 καὶ
1409 2115 1575 2185 χάριν
1599 2112 1745 2182 ὠμο-

157 2212 356 2280 λόγουν
379 2213 492 2273 τοῖς
539 2208 993 2277 ἐπαγγέλλουσιν,
1027 2205 1217 2276 ὥσπερ
1260 2204 1519 2258 εἰώθασιν
1549 2206 1597 2258 οἱ
1635 2205 1746 2257 τῶν

160 2304 366 2367 αὐτοὺς
393 2296 765 2356 ἐπαινούντων
787 2298 1102 2362 ἀκούοντες.
1150 2297 1313 2351 υῦτωΔ
1363 2297 1419 2351 δὲ
1452 2298 1629 2368 ἔχοντι
1653 2300 1746 2351 καὶ

156 2393 496 2463 λογιζομένῳ
547 2388 867 2463 προσελθὼν
928 2391 958 2442 ὁ
1016 2387 1181 2452 καλὸς
1222 2388 1415 2458 Ὠρίων
1466 2388 1564 2458 τὴν
1614 2388 1744 2456 παρ’

159 2486 311 2557 ὑμῶν
342 2484 501 2556 αὐτῷ
523 2485 833 2555 γραφεῖσαν
887 2480 1179 2550 ἐπιστολὴν
1198 2480 1454 2533 ἐπεδίδου
1483 2497 1495 2510 ·
1529 2480 1623 2533 καί
1655 2497 1746 2550 μοι

159 2579 257 2648 τῆς
303 2578 493 2648 φιλίας
528 2574 869 2644 συνέχαιρεν,
893 2572 1086 2643 ὥσπερ
1126 2571 1300 2624 δεινὸν
1333 2571 1658 2642 ἡγούμενος,
1698 2571 1745 2623 εἰ

167 2670 453 2731 λανθάνεις
507 2668 641 2739 παρ’
672 2667 797 2736 ἐμοὶ
834 2664 1075 2726 τοιοῦτος
1122 2664 1383 2733 ὑπάρχων
1405 2679 1418 2693 ⁸
1448 2662 1559 2730 ἐγὼ
1599 2663 1656 2714 δέ
1684 2678 1742 2714 σε

170 2760 305 2831 μετὰ
334 2759 437 2830 τὴν
455 2758 645 2829 φήμην
666 2759 731 2826 τῇ
763 2755 932 2825 πείρᾳ
964 2752 1173 2825 μαθὼν,
1207 2754 1301 2807 καὶ
1329 2747 1439 2815 οἷος
1462 2754 1592 2823 περὶ
1618 2753 1744 2815 τοὺς

158 2854 470 2923 δεομένιιυς,
490 2851 595 2905 κᾶν
615 2849 691 2920 μὴ
714 2849 957 2920 παρῶσι,
974 2846 1339 2915 καθέστηκας,
1365 2845 1476 2899 οὐδ’
1493 2848 1559 2899 ἂν
1573 2848 1746 2898 εἰπεῖν

160 2945 300 3013 ἔχοις
332 2944 461 2996 ὅσον
482 2940 793 3010 ἐθαύμασα,
813 2936 910 2990 καὶ
942 2935 1109 2988 αὐτὸν
1132 2932 1434 2987 ἐπεκάλουν
1455 2932 1745 3001 εὐδαίμονα

158 3038 255 3108 τὴν
288 3037 393 3104 σὴν
424 3031 763 3103 εὐτυχηκότα
794 3030 1060 3100 σπουδήνο
1095 3027 1173 3090 ὡς
1194 3026 1251 3078 δὲ
1278 3026 1373 3078 καὶ
1401 3023 1745 3094 γραμμάτων

1847 1843 1978 1883 vero
2004 1829 2271 1899 justitiam
2294 1831 2668 1897 observantes,
2712 1832 3025 1903 frequenter
3066 1835 3123 1888 in
3149 1850 3244 1889 eos
3282 1834 3433 1890 fuisti

1848 1920 2096 1977 invectus
2161 1922 2486 1978 collaudatis
2563 1924 3057 1995 objurgatiouihus.
3123 1926 3253 1992 Quae
3326 1943 3433 1980 au-

1848 2016 2002 2072 diens
2034 2059 2050 2083 ,
2091 2016 2193 2072 alia
2243 2018 2368 2073 aliis
2419 2021 2790 2084 narrantibus,
2825 2028 3080 2090 tanquam
3131 2033 3291 2075 extra
3322 2037 3435 2074 nre~

1848 2108 2032 2177 ipsum
2060 2125 2171 2177 pra:
2199 2110 2406 2176 gaudio
2456 2121 2647 2181 raptt-us
2679 2127 2852 2177 eram,
2874 2123 3039 2181 atque
3068 2114 3231 2167 dictis
3252 2130 3437 2182 snper-

1848 2199 2025 2265 lriens,
2052 2200 2163 2269 jam
2197 2201 2314 2270 ipse
2347 2201 2559 2257 laudari
2602 2204 2732 2257 mibi
2760 2204 3001 2268 videbar,
3031 2205 3435 2257 nuntiantibus-

1847 2306 1953 2360 que
1976 2293 2182 2361 gratias
2233 2293 2470 2348 trilmere
2498 2294 2797 2363 proﬁtebar
2834 2309 2941 2348 non
2984 2295 3227 2349 absimili
3271 2296 3430 2346 modo

1849 2400 2011 2453 quam
2044 2388 2134 2456 qui
2171 2398 2221 2440 te
2252 2387 2456 2441 lamlari
2484 2388 2729 2444 audiunt.
2763 2387 2895 2443 Cum
2928 2398 3113 2443 autem
3158 2389 3232 2441 ita
3257 2402 3432 2442 essem

1847 2475 2090 2541 allectus,
2127 2479 2514 2547 superveniens
2544 2477 2817 2533 formosus
2834 2480 2999 2535 Orion
3018 2480 3309 2549 epistolam
3330 2497 3357 2531 τι
3381 2490 3435 2532 te

1849 2567 1942 2621 tibi
1976 2568 2236 2636 scriptam
2290 2570 2533 2623 ostendit
2570 2578 2627 2624 et.
2660 2571 2790 2624 mihi
2828 2582 2970 2623 tuam
3019 2572 3319 2625 amicitiam
3352 2583 3434 2624 est

1848 2659 2456 2728 congratulatus,quasi
2498 2662 2750 2715 mirabile
2768 2663 2899 2731 quid
2931 2661 3200 2728 indit-aret
3232 2677 3291 2717 se
3340 2678 3437 2715 ne-

1848 2751 1993 2805 scire
2027 2750 2319 2805 illiusmodi
2353 2754 2496 2822 apud
2536 2768 2625 2808 me
2676 2765 2725 2806 te
2753 2768 2895 2807 esse.
2944 2754 3052 2823 Ego
3110 2769 3257 2811 vero.
3309 2769 3433 2807 cum

1850 2858 1954 2896 non
1991 2843 2128 2896 fama
2159 2845 2335 2898 solum
2360 2845 2454 2898 sed
2496 2855 2555 2899 et-
2590 2857 2647 2899 re
2674 2846 3063 2915 comperissem
3100 2846 3279 2915 qualis
3302 2863 3435 2917 erga

1854 2943 2133 3001 rogantes,
2166 2935 2295 2988 licet
2331 2950 2436 2988 non
2480 2945 2797 3003 praesentes,
2841 2936 2917 2991 sis
2949 2937 3144 3001 animi,
3181 2951 3286 2990 non
3317 2953 3435 3007 pos

1850 3039 1940 3079 ses
1967 3026 2273 3096 inteiligere
2300 3039 2559 3096 mtuum-ut
2588 3029 2691 3081 sim
2722 3029 3012 3083 miratuset
3048 3031 3194 3084 illum
3220 3030 3430 3085 felicem

160 3129 308 3195 ἠξίου
354 3127 549 3195 τυχεῖν
590 3122 720 3193 παρ’
763 3121 922 3193 ἐμοῦ,
977 3123 1043 3191 τῇ
1069 3119 1171 3189 τῆς
1201 3120 1383 3185 φιλίας
1430 3117 1617 3186 μνήμῃ
1649 3115 1742 3186 τὴν

1852 3117 2258 3182 pt'zndieaverim
2294 3122 2385 3185 qui
2412 3120 2629 3173 tuamin
2665 3136 2724 3175 se
2742 3121 3078 3191 diligentiam
3103 3123 3429 3177 obtinuerit:

162 3221 261 3291 σὴν
288 3218 609 3289 προθυμίαν
640 3217 721 3269 ἔτι
760 3215 969 3285 μᾶλλον
989 3214 1304 3284 ἐγείραντα,
1340 3211 1515 3281 εὐήθη
1554 3209 1741 3262 τοῦτον

160 3313 419 3367 ἑκάλουν’
472 3311 546 3381 μὴ
568 3312 681 3379 γάρ
707 3312 773 3364 άν
824 3326 883 3361 σε
934 3307 1073 3377 πρὸς
1103 3306 1305 3377 ἀρετὴν
1334 3304 1619 3374 πεφυκότα
1640 3320 1743 3355 κα-

160 3405 287 3472 λῶς,
315 3403 674 3475 γραμμάτων
707 3400 920 3455 δεῖσθαι
949 3399 1087 3470 πρὸς
1121 3397 1328 3469 ταύτην
1360 3395 1734 3469 παρακαλούν·

160 3515 295 3552 των·
348 3497 469 3550 ἀλλ’
509 3497 658 3564 ὅμως
691 3493 887 3547 τοῦτον
910 3494 1014 3545 οὐκ
1055 3491 1303 3545 ἔπειθον·
1344 3491 1521 3543 ἐδόκει
1551 3491 1658 3559 γάρ
1688 3506 1740 3542 τι

161 3592 249 3645 καὶ
267 3593 480 3646 δίκαιον
508 3589 711 3656 λέγειν,
736 3587 811 3650 ὡς
846 3589 877 3640 ὁ
903 3586 1024 3640 καθ’
1056 3586 1250 3639 ἐαυτὶν
1274 3583 1535 3647 τοιοῦτος,
1563 3584 1648 3645 τίς
1674 3585 1741 3637 ἂν

159 3686 362 3753 γένοιτο
387 3682 735 3753 γραμμάτων
768 3679 948 3749 τυχὼν
976 3678 1129 3750 παρὰ
1157 3677 1293 3745 σοῦ;
1325 3676 1535 3730 Οὐκοῦν
1561 3674 1741 3743 γένοιο

164 3780 256 3848 μὲν
286 3776 452 3838 αὺτδς
479 3775 660 3837 ὁποῖος
694 3773 790 3825 καὶ
808 3772 972 3843 πρότε
985 3787 1107 3842 ρονλ
1139 3771 1471 3839 ἐπαινοίμην
1503 3770 1560 3822 δὲ
1580 3770 1740 3823 πάλιν

160 3870 254 3937 τῆς
312 3866 500 3937 φιλίας
549 3863 692 3933 ἐγώο
742 3863 816 3933 μὴ
856 3864 1146 3934 διαμάρτοι
1193 3862 1249 3915 δὲ
1291 3862 1394 3931 τῆς
1452 3860 1538 3929 ἐφ’
1582 3860 1740 3931 ὑμῶν

160 3961 366 4022 ἐλπίδος
404 3961 433 4013 ὁ
460 3957 577 4020 νέος
607 3973 622 3987 ·
664 3954 802 4009 άλλά
831 3957 1128 4024 γνώτωσαν
1162 3957 1212 4007 oi
1246 3953 1314 4007 τὰ
1347 3953 1561 4022 μεγάλα
1581 3953 1734 4006 δύνα-

162 4056 277 4107 σθαι
300 4051 610 4114 δοκοῦντες,
641 4049 716 4113 ὼς
763 4049 873 4119 ἄρα
899 4047 1005 4101 τῶν
1039 4047 1267 4100 δικαίων
1315 4044 1465 4100 tam
1512 4036 1738 4109 είὶιότως

160 4149 443 4220 ἡττᾶσθαι.

710 4242 785 4292 Δί.
806 4236 1187 4305 ιιςΡοΝγΜῼ.

237 4334 380 4402 Ἐγὼ
416 4334 516 4404 μὲν
539 4334 638 4404 τῆς
663 4331 905 4399 ἀδελφῆς
929 4328 1212 4382 λανθάνειν
1233 4326 1399 4397 ῷμην
1424 4326 1515 4379 τὸν
1534 4326 1735 4395 γάμον,

161 4428 250 4481 καὶ
278 4427 342 4497 δὴ
386 4430 501 4489 τοῖς
538 4425 879 4494 προσήκουσι
918 4420 1017 4491 τὴν
1050 4421 1226 4474 οἰκίαν
1259 4418 1555 4488 ἐγνῶσθαι,
1586 4420 1736 4489 μήτι

1849 3222 1971 3261 cum
2024 3218 2206 3262 autem
2245 3211 2409 3263 etiam
2444 3228 2479 3263 ει
2518 3226 2609 3264 me
2634 3212 2843 3265 litteras
2894 3214 3215 3279 postularet,
3255 3214 3308 3265 ill
3335 3231 3429 3276 nu,

1845 3316 1910 3353 eo
1965 3303 2113 3370 quod
2159 3313 2303 3355 tuam
2355 3304 2791 3358 benevolentiam
2858 3307 3116 3360 amicitia:
3171 3323 3426 3361 mcmorm

1845 3407 2046 3461 augere
2099 3395 2287 3460 vellet,
2318 3397 2545 3449 stultum
2568 3398 2716 3451 dixi:
2743 3412 2846 3453 non
2872 3401 3018 3452 cnim
3051 3400 3173 3463 tibi,
3223 3402 3313 3469 qui
3360 3402 3429 3453 ad

1848 3485 2110 3539 virtutem
2144 3485 2552 3544 feliciternatus
2572 3504 2652 3556 es,
2688 3490 2883 3545 litteris
2914 3501 2964 3545 te
2988 3492 3054 3544 ad
3113 3505 3235 3544 cum
3301 3494 3431 3545 inei-

1848 3578 2091 3631 tantibus
2123 3593 2261 3648 opus
2295 3590 2399 3634 est.
2429 3580 2579 3634 Illum
2619 3593 2799 3637 tamen
2833 3600 2938 3636 non
2965 3585 3251 3652 persuasi:
3285 3598 3429 3640 recte

1843 3668 2230 3735 enimquidem
2265 3670 2554 3725 videbatur
2598 3673 2647 3726 id
2698 3673 2904 3740 dicere,
2939 3689 3157 3743 nempe,
3206 3676 3295 3743 qui
3348 3675 3427 3728 sic

1841 3773 1923 3817 est
1952 3776 1980 3815 a
2007 3763 2205 3833 seipse,
2231 3764 2362 3834 quid
2402 3782 2507 3820 non
2533 3768 2861 3822 eritlitteras
2884 3784 2913 3820 a
2939 3778 2991 3822 te
3005 3769 3281 3837 accipiens
3304 3768 3327 3821 Ἰ
3347 3766 3426 3821 'l‘u

1844 3859 2010 3928 igitur
2038 3860 2082 3913 is
2111 3863 2187 3915 sis
2230 3864 2320 3932 qui
2358 3873 2541 3927 antea,
2574 3879 2673 3932 ego
2705 3874 2883 3918 autem
2922 3879 3115 3919 rursus
3139 3865 3204 3918 de
3236 3864 3431 3917 antici-

1844 3953 1915 4006 tia
1943 3954 2129 4006 lauder
2153 3954 2400 4021 ;juvenis
2430 3966 2609 4011 autem
2635 3957 2721 4011 illa
2748 3972 2863 4025 spe,
2891 3972 2989 4027 pro
3008 3965 3097 4010 tua
3124 3966 3298 4024 parte,
3320 3971 3426 4009 non

1842 4046 2077 4109 decidat,
2111 4050 2207 4102 sed
2230 4048 2407 4101 sciant
2453 4050 2543 4116 qui
2584 4049 2814 4102 multum
2852 4063 3011 4117 posse
3040 4048 3313 4113 videnlur,
3342 4046 3429 4116 ju-

1841 4137 2007 4193 stitia}
2032 4154 2248 4207 quoque
2270 4154 2391 4193 esse
2421 4150 2725 4207 opportune
2763 4140 2928 4193 vinci.

2366 4230 2455 4284 ΙΝ.
2493 4230 2794 4285 ΙΙΙΕΒΟΝΥ
2810 4228 2921 4283 ΜΟ.

1913 4322 2028 4392 Ego
2072 4324 2297 4393 quidem
2353 4326 2620 4393 opinabar
2673 4334 2725 4378 te
2772 4324 3025 4393 ignorare
3077 4329 3283 4384 sororis
3327 4345 3429 4385 nu-

1841 4415 2223 4484 ptias,easque
2246 4417 2497 4470 omnibus
2531 4417 2785 4472 allinibns
2818 4426 2976 4473 notas
3017 4435 3159 4485 esse,
3200 4433 3427 4491 prseter-

164 4520 263 4585 σοὶ,
295 4521 355 4573 ὃν
384 4519 547 4591 ᾤμην
571 4518 653 4570 ἔτι
708 4518 861 4587 παρὰ
890 4516 968 4586 τῷ
1006 4514 1188 4582 Νείλῳ
1234 4512 1536 4583 καθῆσθαι·
1584 4512 1642 4564 σὲ
1674 4510 1729 4563 δὲ

1846 4522 2000 4575 quam
2025 4508 2117 4560 tibi
2159 4523 2321 4575 quem
2375 4510 2551 4563 adhuc
2593 4511 2658 4562 ad
2711 4508 2888 4563 Nilum
2931 4528 3052 4566 esse
3101 4517 3424 4584 credebam;

161 4612 443 4666 λανθάνειν
472 4612 616 4663 ἔοικε
653 4609 762 4662 τῶν
791 4612 871 4672 εἰς
900 4609 1112 4679 τρυφὴν
1139 4607 1385 4678 ἡκόντων
1404 4604 1588 4658 οὐδέν’
1622 4603 1735 4657 ἀλλ’

160 4702 299 4771 ἡμᾶς
325 4700 386 4752 τέ
422 4716 476 4752 τι
518 4699 738 4769 δρᾶται,
769 4698 864 4751 καὶ
897 4696 956 4749 σὲ
1004 4694 1331 4766 προσϐάλλει
1387 4690 1673 4765 πόρρωθεν
1703 4692 1736 4761 ἡ

162 4796 261 4846 τῶν
292 4793 732 4864 ἐπιτελουμένων
768 4791 937 4862 ὀσμήο
972 4791 1063 4844 καί
1094 4807 1197 4843 που
1217 4788 1360 4859 τάχα
1384 4788 1476 4841 τὸν
1511 4787 1740 4856 ὐμηρι-

163 4884 250 4936 κὺν
288 4886 384 4936 Δία
424 4883 580 4955 νικᾷς
618 4883 805 4951 λοιϐῆς
850 4883 942 4934 καὶ
974 4880 1201 4950 κνίσσης
1256 4879 1403 4948 ὁρῶν
1451 4878 1738 4947 ὲλισσομέα

164 4994 253 5047 νης
284 4982 410 5049 περὶ
452 4978 677 5048 καπνῷ·
715 4976 892 5030 ταῦτά
932 4993 995 5029 σε
1039 4974 1229 5039 Νεῖλος
1274 4974 1516 5045 διέθηκε,
1563 4973 1659 5027 καὶ
1691 4974 1738 5025 οἱ

168 5073 287 5139 παρ’
334 5073 547 5123 ἐκεῖνον
602 5069 917 5138 εὐδαίμονες
962 5069 1265 5138 ἅνθρωποι,
1335 5065 1455 5137 μεθ’
1501 5064 1594 5130 οὓς
1640 5066 1737 5137 τὴν

165 5157 377 5214 ἑλοῦσαν
409 5161 597 5227 οἰκῶν,
627 5160 891 5232 ὀξυτέραν
919 5159 1068 5235 ἔχεις
1103 5158 1202 5231 τὴν
1229 5158 1504 5228 αἴσθησιν,
1537 5156 1592 5209 εἴ
1634 5171 1737 5209 που

165 5247 222 5317 δή
249 5265 311 5317 γε
341 5249 549 5311 καπνὸς
600 5249 935 5302 ἀναδίδοταιο
968 5248 1061 5300 τὸν
1117 5247 1174 5300 δὲ
1224 5246 1319 5300 σὸν
1346 5246 1514 5310 παῖδα
1541 5244 1737 5315 μικροῦ

165 5338 267 5393 δεῖν
297 5339 536 5412 ὥρμησα
575 5340 839 5393 διαθεῖναι
894 5340 1106 5405 κακῶς,
1151 5340 1233 5393 ὅτι
1260 5338 1336 5410 μὴ
1386 5338 1739 5410 μαζόγραφος

165 5440 240 5500 εἰς
263 5436 462 5501 πλάτος
487 5437 667 5507 ἀφῆκέ
701 5455 794 5490 σου
828 5436 925 5508 τὴν
961 5437 1273 5507 ἐπιστολὴν,
1304 5436 1439 5490 ἀλλὰ
1469 5434 1622 5505 παρὰ
1644 5432 1739 5486 σοῦ

165 5527 305 5600 δῶρα
331 5531 649 5601 προσάγων,
687 5529 954 5598 μετέλαϐε
1007 5547 1066 5583 τε
1099 5534 1164 5602 τῇ
1213 5530 1339 5602 θέᾳ·
1387 5529 1483 5581 καὶ
1510 5530 1610 5581 οὐκ
1643 5523 1738 5580 οἷδ’

165 5623 303 5685 ὅπως
339 5640 429 5693 μοι
462 5624 672 5676 διέλυσε
698 5625 791 5676 τὸν
817 5624 988 5692 θυμόν
1014 5639 1030 5657 °
1067 5626 1167 5677 οὐκ
1198 5625 1279 5685 εἰς
1333 5621 1550 5694 μακράν
1581 5622 1639 5676 δέ
1679 5638 1739 5674 σε

169 5712 344 5769 τοῦτον
404 5716 708 5787 ἀμείψομαι
731 5733 745 5749 ο
781 5716 813 5786 ἦ
850 5718 955 5786 γάρ
1004 5717 1194 5786 γέγονέ
1248 5734 1329 5770 σοι
1365 5714 1739 5786 θυγάτριον,ἧ

169 5810 462 5877 γενήσεται.

1840 4602 1934 4656 sed
1970 4612 2027 4656 ut
2068 4604 2304 4665 videtur,
2334 4605 2468 4657 nihil
2512 4613 2564 4658 te
2593 4604 2717 4659 latet
2750 4620 3077 4676 eorumque:
3109 4610 3174 4661 ad
3207 4609 3427 4664 delicias

1840 4699 2152 4765 pertinent,
2188 4708 2243 4751 at
2286 4699 2468 4766 aliquo
2524 4701 2685 4754 modo
2725 4700 2775 4754 in
2824 4711 2875 4754 te
2913 4704 3044 4771 agit,
3072 4713 3125 4756 et
3162 4705 3235 4757 ad
3290 4716 3341 4759 te
3396 4723 3429 4759 ει

1841 4787 2001 4857 longe
2027 4790 2271 4857 pervenit
2289 4791 2509 4859 qmdam
2532 4806 2721 4844 eorum
2741 4808 2860 4862 qute
2884 4796 3240 4862 perlicinntur
3256 4803 3430 4863 odor,

1841 4879 2067 4935 forsitan
2118 4896 2332 4952 quoque
2379 4879 2567 4938 Jovem
2587 4884 2756 4939 vineis
2782 4884 3202 4941 llmnerieumiu
3249 4892 3427 4957 perci-

1839 4972 2039 5042 piendo
2069 4974 2357 5030 libationes
2380 4986 2433 5029 et
2474 4977 2718 5029 nidorem
2768 4981 2819 5031 in
2872 4980 3027 5033 fumo
3089 4981 3429 5035 volutatum:

1843 5066 1985 5134 quod
2013 5064 2109 5118 tibi
2143 5065 2293 5120 dedit
2342 5064 2494 5121 Nilus
2528 5077 2577 5122 et
2613 5067 2798 5124 felices
2844 5070 2963 5139 ejus
3012 5073 3233 5137 accolze,
3290 5074 3429 5126 inter

1840 5170 1975 5225 quos
2016 5157 2315 5225 placentem
2354 5169 2553 5213 terram
2582 5162 2822 5216 incolens
2872 5165 3211 5219 acutioribus
3245 5167 3426 5221 sensi-

1843 5248 1940 5301 bus
1975 5250 2211 5318 percipis
2262 5251 2434 5305 sicubi
2492 5252 2674 5306 lunatis
2699 5253 2959 5308 ascendit.
3005 5254 3203 5307 Parum
3245 5266 3426 5310 autem

1843 5341 2013 5395 alluit
2069 5345 2199 5411 qttin
2265 5360 2490 5412 puerum
2556 5355 2705 5399 tuum
2762 5350 2902 5400 male
2952 5350 3247 5415 baberent,
3298 5351 3426 5419 quia

1845 5443 1989 5486 tuam
2038 5436 2090 5487 in
2141 5435 2305 5488 altmn
2357 5437 2640 5504 epistolam
2686 5440 2990 5504 emiserat;
3027 5441 3119 5494 sed
3172 5451 3260 5492 tua
3304 5457 3428 5493 tnu-

1844 5542 1971 5581 nera
2038 5526 2317 5595 proferens
2379 5530 2507 5582 mihi
2567 5540 2802 5586 mentem
2872 5544 3059 5586 eorum
3129 5542 3429 5600 conspectu

1844 5621 2071 5673 mutavit
2105 5632 2159 5673 et
2191 5636 2296 5689 quo
2331 5623 2516 5676 nescio
2545 5626 2705 5678 mmlo
2731 5626 2870 5678 iram
2931 5625 3141 5680 lenivit.
3175 5623 3289 5679 Non
3323 5640 3424 5678 au-

1844 5724 1949 5767 tem
1983 5713 2153 5766 multo
2180 5723 2299 5782 post
2341 5714 2434 5768 tibi
2469 5718 2757 5783 rependam
2794 5735 2806 5773 :
2848 5718 2927 5774 vel
2981 5717 3127 5772 enim
3158 5716 3269 5788 jam
3300 5729 3428 5770 nata

1843 5815 1925 5861 est
1954 5805 2036 5859 vel
2082 5814 2337 5861 nascetur
2376 5806 2471 5861 tibi
2504 5806 2635 5861 lilia.

3300 335 3441 398 ετῇ
3531 402 3535 407 ,
