4046 6386
642 327 744 394 7‘23

1960 326 2311 388 PROCOPII
2341 326 2586 386 GAZ/‘EI'

3738 333 3869 399 2724

602 439 668 495 v.
707 433 938 492 Αιγιτο
972 433 1059 490 E'I‘
1102 431 1836 510 STEGchtAMMATICIS
1875 433 1962 489 ET
2003 433 2192 492 temo
2226 481 2229 492 .

2332 437 2375 488 :v.
2411 436 2670 507 [ΑΛΥΠῼ
2727 437 2868 510 KAt
2915 437 3129 510 arere
3167 437 3708 510 iI‘I’AMMA'I‘IKOtS
3764 444 3868 502 tun

1217 505 1529 560 ROMANO.

678 622 984 691 Legislatnr
1035 620 1123 674 ille
1163 619 1354 685 Solon,
1420 633 1542 672 eum
1607 620 1720 675 suis
1769 620 1980 690 legibus
2029 634 2192 690 quam

604 719 811 785 optime
859 716 1160 767 institutam
1217 726 1338 766 esse
1378 713 1603 766 vidisset
1662 714 1964 776 civitatem,
1993 714 2194 766 malum

608 822 730 861 esse
760 805 1058 859 arbitratus
1085 814 1171 859 est
1210 802 1512 857 mirabilem
1559 819 1712 856 suam
1745 804 2068 874 sapientiam
2114 805 2198 857 in-

609 909 691 953 tra
746 899 941 952 Atticm
1007 901 1144 954 ﬁnes
1200 897 1522 967 attgustiari.
1556 895 1743 967 Itaque
1799 896 2199 969 adJEgyptios

613 991 878 1061 perrexit,
914 989 1041 1044 licet
1075 990 1328 1045 omnibus
1367 990 1730 1061 sapientiores
1752 1004 1871 1043 esse
1903 990 2201 1059 gloriaren-

614 1095 742 1147 tur;
775 1086 871 1136 ivit
899 1099 1118 1153 quoque
1147 1085 1214 1136 ad
1251 1083 1504 1138 Crmsum
1545 1083 1750 1137 divitiis
1812 1093 2068 1151 tanquam
2125 1082 2203 1137 fe-

613 1177 818 1232 licitate
841 1178 1266 1247 superbientem.
1300 1175 1474 1244 Majas
1509 1191 1632 1232 esse
1679 1175 1862 1229 Soloni
1921 1175 2204 1229 videbatur

613 1271 880 1337 sapientia
924 1270 1124 1337 pollere
1156 1285 1318 1338 quam
1371 1269 1574 1324 divitiis
1606 1268 1711 1321 illis
1768 1283 1904 1336 quas
1946 1259 2206 1322 Pactolus

621 1366 844 1418 inomni
886 1372 1026 1415 terra
1060 1377 1220 1429 quam
1264 1361 1472 1431 irrigat,
1517 1358 1791 1413 dillundit.
1825 1357 2076 1411 Solonem
2122 1359 2206 1411 vi-

615 1457 807 1512 dentes
868 1454 1124 1508 admirati
1193 1463 1364 1516 sunt;
1411 1467 1645 1521 cumque
1701 1451 2024 1514 discederet,
2064 1451 2209 1505 illius

618 1545 894 1599 desiderio
913 1547 1056 1614 capti
1088 1555 1234 1598 sunt.
1260 1544 1629 1598 Atheuienses
1663 1553 1870 1607 autem,
1906 1545 2046 1611 apud
2073 1557 2211 1612 quos

620 1626 1013 1706 discipulorum
1044 1639 1322 1703 crepidam
1371 1643 1622 1697 exuerat,
1660 1634 1963 1689 Minervam
2016 1633 2207 1688 forsan

621 1740 952 1801 rogaverunt
979 1741 1034 1785 ut
1060 1747 1274 1784 rursum
1305 1729 1512 1782 civitati
1544 1728 1859 1783 redderetur
1889 1725 2164 1795 lcgislator
2193 1743 2207 1791 ;

622 1839 732 1877 non
756 1833 934 1877 autem
965 1823 1196 1877 mirarer
1226 1836 1324 1892 ego
1377 1820 1527 1873 illum
1564 1828 1847 1888 propterea
1893 1818 1959 1871 de
1985 1833 2082 1871 sua
2111 1831 2205 1885 pe-

626 1913 995 1982 regrinatione
1026 1915 1314 1983 cogitasse,
1345 1912 1488 1982 quod
1523 1923 1784 1980 quantum
1818 1913 1869 1964 itt
1903 1926 1964 1966 se
2005 1911 2209 1964 amoris

623 2007 1049 2062 Atheniensibus
1079 2016 1225 2060 eSset
1269 2006 1412 2060 seire
1450 2004 1652 2058 vellet:
1697 2014 1895 2075 praeter
1928 2005 2209 2060 hominem

627 2115 797 2152 unum
831 2100 922 2167 qui
960 2108 1087 2152 tunc
1118 2099 1261 2152 forte
1295 2098 1507 2162 aberat,
1541 2095 1742 2152 ﬂevere
1763 2113 1974 2163 omnes,
1999 2097 2212 2151 etiamsi

625 2192 903 2260 sapientes
935 2191 1093 2255 alios,
1139 2201 1199 2245 ut
1250 2191 1548 2244 verisimile
1589 2202 1695 2257 est,
1751 2190 2032 2245 baberent.
2077 2191 2216 2257 Quid

627 2284 697 2339 de
727 2283 882 2338 nobis
932 2295 1102 2348 esset,
1145 2285 1188 2338 si
1231 2285 1361 2337 illud
1397 2300 1670 2338 sumntum
1703 2284 1900 2338 boutnn
1937 2285 2220 2339 amittere-

630 2391 750 2431 mus
791 2377 816 2430 ?
869 2376 926 2430 Si
965 2379 1090 2444 quis
1112 2378 1262 2447 prius
1295 2378 1645 2441 dubitaverit,
1672 2379 1788 2434 sive
1809 2379 2046 2433 Atticam
2105 2381 2222 2435 sive

632 2463 842 2520 Italiam
873 2469 1119 2536 proferre
1159 2469 1317 2524 licet:
1354 2467 1600 2538 Utraque
1629 2471 1788 2524 modo
1811 2470 1937 2525 silet
1975 2481 2028 2526 et
2047 2473 2224 2527 scien-

634 2558 724 2612 tiis
756 2571 908 2614 caret
961 2571 1125 2630 atque
1173 2563 1363 2617 eadem
1399 2564 1508 2631 pati
1550 2563 1763 2617 videtur
1829 2579 1952 2632 qua:
1979 2563 2225 2646 Citltero,

630 2653 746 2722 qtti,
776 2664 1125 2724 posteaquam
1158 2658 1457 2725 saepissime
1481 2657 1644 2712 deum
1690 2668 2005 2727 acceperat,
2031 2659 2122 2713 illo
2152 2675 2230 2712 re-

632 2746 882 2811 cedente,
910 2749 1092 2801 subito
1118 2749 1368 2803 desertus
1399 2752 1577 2804 factus
1599 2759 1703 2805 est.
1732 2748 1843 2804 Nec
1873 2752 2084 2821 uspiam
2109 2753 2232 2806 Dio-

638 2839 846 2932 itysius.
884 2838 1068 2909 Itaque
1122 2841 1430 2910 Apollinem
1469 2842 1761 2910 iurrepabo
1794 2843 1886 2912 qui
1944 2844 2012 2898 ad
2056 2861 2115 2898 se
2164 2860 2232 2899 ex

635 2941 956 3002 contemptu
991 2943 1176 2988 nostra
1193 2936 1469 2990 revocavit
1513 2945 1569 2990 et
1600 2937 1840 2990 arbitror
1870 2936 2079 2991 felicem
2126 2938 2234 2993 illis

636 3036 844 3081 sortem
886 3029 1255 3096 gratulaturas
1290 3043 1414 3082 esse
1445 3029 1643 3083 Musas.
1699 3029 1809 3084 Vos
1841 3029 2104 3085 nimirum
2139 3049 2238 3086 an-

2813 507 2988 578 ΙΕΡΙῼ
3045 507 3371 578 ιιιιιιιιιιικο.

2371 621 2574 676 Σόλωνι
2607 621 2684 692 τῷ
2723 622 2988 695 νομοθέτῃ
3029 625 3215 696 ἐπειδή
3269 625 3450 694 νόμων
3505 625 3674 679 ἕνεκα
3710 627 3875 694 καλῶς

2298 714 2444 786 ἔχειν
2476 716 2685 786 ἡπόλις
2741 716 2941 780 ἐδόκει,
2994 717 3169 770 δεινὸν
3213 717 3519 789 ἡγούμενος
3585 721 3749 791 μέχρι
3788 724 3875 791 τῆς

2316 809 2572 878 Ἀττικῆς
2598 808 2750 878 αὐτῷ
2788 809 2888 878 τῆς
2911 810 3344 880 σοφίας,ἑστάναι
3378 811 3436 865 τὸ
3466 812 3678 882 θαῦμα,
3709 816 3877 884 ἐφοίτα

2307 900 2407 971 μὲν
2433 902 2562 971 παρ’
2583 901 2918 969 Αἰγυπτίους
2959 903 3160 971 καίπερ
3207 903 3555 976 σοφωτέρους
3583 904 3691 958 τῶν
3721 909 3878 962 ἄλλων

2305 989 2642 1061 αὐχοῦντας·
2693 993 2883 1062 ἐφοίτα
2933 992 2992 1045 δὲ
3040 993 3136 1046 καῖ¹
3195 994 3348 1064 παρὰ
3400 996 3640 1064 Κροῖσον
3692 997 3764 1059 ὡς
3804 1001 3879 1052 ἐπ’

2295 1088 2630 1160 ἐὐδαιμονίᾳ
2657 1087 2735 1158 τῷ
2765 1088 2981 1159 πλούτῳ
3021 1089 3300 1159 κομῶντα.
3351 1089 3556 1155 Μεῖζον
3582 1093 3693 1162 γὰρ
3722 1093 3877 1147 ὲδόκει

2307 1178 2385 1246 τῷ
2424 1177 2622 1230 Σόλωνι
2669 1177 2830 1248 σοφίᾳ
2868 1178 3102 1247 τρυφᾷν,
3134 1178 3167 1247 ἢ
3206 1177 3393 1248 χρυσῷ
3442 1180 3588 1250 ῥέων
3622 1182 3650 1232 ὁ
3681 1180 3883 1235 Πακτω-

2308 1265 2398 1329 λὸς
2426 1267 2529 1337 γῆν
2558 1267 2654 1335 τὴν
2680 1267 2814 1335 ὅσην
2846 1266 3084 1334 ἐπῆλθεν
3111 1269 3317 1328 ἐκεῖνος
3345 1283 3357 1294 ⁸
3382 1268 3479 1320 καὶ
3519 1268 3572 1319 οἱ
3603 1267 3701 1337 μὲν
3729 1269 3883 1337 δρῶν

2309 1372 2400 1417 τες
2441 1353 2753 1424 ἐθαύμαζον
2775 1371 2788 1384 ο
2820 1353 2894 1416 ὡς
2943 1353 2997 1407 δὲ
3026 1355 3318 1422 ἁπεφοίτα,
3357 1355 3524 1408 πάλιν
3557 1356 3782 1408 ἐπόθουν
3807 1357 3882 1410 τὸν

2312 1448 2530 1502 Σόλωνα
2554 1463 2568 1475 ·
2617 1448 2891 1519 Ἀθηναῖοι
2921 1449 2976 1500 δὲ
2999 1449 3129 1518 παρ’
3149 1443 3230 1510 οἷς
3255 1448 3354 1518 τὴν
3386 1449 3636 1520 κρηπῖδα
3661 1449 3765 1502 τῶν
3794 1470 3882 1521 μα-

2315 1542 2496 1613 θητῶν
2527 1542 2773 1606 ἐϐάλετο,
2807 1543 2948 1612 τάχα
2996 1544 3091 1594 καὶ
3133 1543 3231 1613 τὴν
3265 1545 3500 1614 Ἀθηνᾶν
3545 1542 3793 1613 ηὔχοντο,
3815 1545 3885 1608 τὸ,

2314 1633 2614 1706 νομοθέτην
2646 1634 2803 1698 αὖθις
2829 1634 3124 1689 ἀποδοῦναι
3154 1639 3221 1707 τῇ
3256 1635 3408 1689 πόλει
3431 1654 3446 1666 ·
3484 1638 3537 1689 εί
3570 1635 3628 1689 δὲ
3664 1637 3754 1690 καὶ
3779 1638 3885 1692 τού-

2313 1746 2408 1780 του
2448 1728 2612 1780 ἓνεκα
2649 1727 2747 1799 τὴν
2795 1727 3109 1797 ἀποδημίαν
3144 1729 3448 1798 σοφίζεται,
3493 1729 3700 1798 γνῶναι
3741 1730 3888 1794 θέλων

2312 1821 2463 1883 ὅπως
2505 1820 2709 1891 έρωτος
2749 1820 2980 1890 ἣκουσιν
3023 1823 3099 1882 εἰς
3123 1822 3286 1873 αὐτὸν
3324 1822 3628 1892 Ἀθηναῖοι⁹
3680 1824 3774 1876 οὐκ
3813 1823 3885 1887 ἂν,

2313 1910 2495 1984 οἶμαι,
2544 1913 2913 1983 θαυμάσαιμι,
2961 1913 3101 1983 πλὴν
3137 1913 3254 1976 ἐνὸς
3282 1915 3476 1984 ἀνδρὸς
3511 1914 3744 1978 ἀπόντος
3779 1917 3886 1968 ἐδά-

2312 2025 2526 2082 κρυσαν
2562 2006 2860 2077 Ἀθηναῖοι,
2886 2009 3063 2062 καίτοι
3083 2009 3304 2078 σοφοὺς,
3329 2007 3402 2072 ὡς
3425 2008 3603 2073 εἰκὸς,
3631 2009 3887 2080 εὐτυχοῦν-

2315 2121 2409 2167 τες
2445 2101 2670 2171 ὲτέρους
2692 2118 2705 2130 ·
2742 2101 2888 2164 τίνες
2921 2100 2987 2155 ἂν
3013 2101 3309 2173 γενοίμεθα
3349 2102 3411 2154 τὸ
3460 2101 3757 2170 κεφάλαιον
3789 2104 3889 2156 ὅλον

2303 2197 2745 2267 ἀφαιρούμενοις
2779 2195 2874 2248 καὶ
2907 2198 2972 2264 ἣν
3002 2195 3069 2248 ἄν
3098 2213 3182 2258 τις
3215 2195 3464 2249 ὲδίστασε
3500 2195 3782 2266 πρότερον,
3826 2195 3888 2249 εί-

2324 2305 2384 2340 τε
2411 2286 2509 2358 τὴν
2553 2285 2831 2364 Ἀττικὴν,
2859 2287 2967 2338 εἴτε
2987 2285 3087 2356 τὴν
3129 2285 3360 2340 Ἰταλίαν
3400 2287 3688 2357 προσῆκεν
3718 2289 3888 2353 εἰπεῖν,

2327 2378 2468 2450 αὓτη
2499 2381 2631 2450 σιγᾷ
2650 2380 2746 2432 νῦν
2781 2378 3043 2450 ἐξαίφνης
3087 2379 3183 2432 καὶ
3229 2379 3340 2432 τῶν
3373 2380 3776 2450 γνωρισμάτων
3803 2381 3889 2448 ἀφ-

2326 2473 2559 2546 ῄρηται·
2611 2474 2706 2527 καὶ
2735 2473 2910 2528 ταῦτα
2934 2474 3163 2543 πάσχειν
3190 2472 3334 2526 ἔοικε
3382 2473 3464 2544 τῷ
3501 2474 3792 2545 Κιθερῶνι,
3821 2475 3891 2528 ὅτι

2330 2569 2498 2622 πολὺν
2534 2565 2826 2639 δεξάμενός
2855 2585 2987 2620 ποτε
3023 2568 3166 2633 θεὸν,
3194 2567 3452 2630 ἀπιόντος
3480 2567 3648 2620 πάλιν
3665 2567 3894 2638 ἐξαίφνης

2331 2664 2539 2734 ἕρημος
2567 2658 2656 2732 ἦν’
2686 2662 2780 2714 καὶ
2813 2664 2840 2714 ὁ
2869 2661 3148 2724 Διονύσιος
3171 2660 3414 2731 οὐδαμοῦ
3441 2679 3454 2692 ·
3494 2663 3622 2714 ὅθεν
3646 2661 3893 2728 καταϐοή·

2336 2775 2501 2827 σομαι
2537 2754 2633 2808 τοῦ
2679 2755 3012 2817 Ἀπόλλωνος
3037 2796 3051 2820 ,
3085 2754 3143 2818 ὃς
3177 2755 3270 2808 καὶ
3313 2755 3447 2825 παρ’
3491 2755 3688 2808 ἑαυτὸν
3739 2753 3897 2807 ἐκάλει
3969 2822 3972 2826 Ι

2334 2849 2405 2902 τὰ
2437 2848 2678 2920 ἡμέτερα
2712 2846 2984 2916 παριδών·
3019 2848 3112 2900 καὶ
3151 2843 3306 2916 οἶμαι
3346 2845 3566 2910 τούτοις
3605 2845 3897 2916 συνήδεσθαι

2336 2941 2438 3011 τῆς
2471 2941 2728 3010 εὐτυχίας
2757 2939 2856 3000 τὰς
2892 2939 3118 3001 Μούσας
3141 2956 3153 2969 ·
3187 2939 3347 3011 ὑμεῖς
3366 2941 3548 3008 δήπου
3571 2941 3664 2992 καὶ
3680 2939 3899 2991 παλαιῶν

2342 3029 2812 3098 μυθολογημάτων
2853 3027 3224 3098 ἐμπίπλασθε,
3273 3029 3407 3100 παρ’
3460 3029 3639 3099 αὐτὴν
3687 3030 3782 3096 ἥδη
3815 3029 3898 3101 τὴν

641 3120 808 3186 ιῖιιιιίε
837 3118 1035 3173 fabulis
1064 3120 1367 3189 replentini,
1395 3121 1756 3188 recogitantes
1789 3122 1920 3191 quid
1949 3122 2086 3178 deus
2135 3140 2229 3193 per

2337 3126 2556 3194 Δάφνην
2589 3121 2924 3190 λογιζόμενοι
2963 3123 3054 3174 τοῦ
3082 3122 3203 3176 θεοῦ
3229 3123 3290 3176 τὸ
3319 3123 3492 3186 πάθος
3517 3139 3532 3152 ⁶
3562 3123 3659 3194 τὴν
3687 3123 3898 3192 Δάφνην,

643 3213 812 3280 ipsam
881 3214 1156 3284 Dapbnem
1215 3213 1379 3270 fuerit
1415 3231 1632 3284 passus,
1691 3215 1970 3286 Dapltnem
2012 3232 2231 3286 nempe,

644 3307 974 3372 οιιειῑιτιιοιιιι,
1032 3308 1560 3375 humanitatemque,
1599 3307 1852 3362 arborem
1889 3323 2009 3376 qua:
2045 3324 2235 3362 aman-

649 3407 760 3452 tem
794 3400 1150 3465 consolatur;
1205 3410 1370 3469 atque
1405 3401 1560 3454 vobis
1617 3400 1759 3453 inter
1806 3399 2058 3454 homines
2105 3399 2234 3454 solis

645 3493 746 3546 dea
807 3493 1030 3562 pignora
1096 3494 1318 3547 realiter
1371 3493 1562 3564 largita
1637 3503 1742 3549 est.
1810 3493 1908 3556 Si,
1967 3492 2230 3562 Apollinis

651 3585 844 3638 amicae.
879 3585 1075 3654 gratia,
1119 3595 1257 3638 nata:
1322 3593 1452 3639 sunt
1517 3585 1756 3655 rypressi
1807 3599 2010 3653 opacat,
2070 3595 2238 3652 atque

647 3677 816 3731 ctiam
862 3676 1144 3732 abundans
1187 3691 1348 3745 aqua,
1377 3684 1434 3731 et
1476 3676 1679 3731 cicadze
1705 3687 1930 3741 canunt,
1957 3677 2036 3730 via
2097 3693 2234 3744 quo-

663 3784 770 3836 que
803 3768 949 3822 molli
995 3768 1174 3822 herba
1236 3768 1457 3831 fruitur,
1490 3777 1544 3822 et
1579 3766 1805 3822 arbores
1853 3768 1974 3821 alia:
2011 3779 2237 3836 propter

657 3861 816 3922 alias,
869 3868 924 3914 et
980 3861 1175 3913 domus
1209 3860 1468 3914 arborum
1500 3860 1819 3915 celsitudine
1849 3860 1915 3914 ad
1952 3861 2236 3915 dimidium

653 3950 956 4014 absconsre,
987 3965 1052 4004 ac
1083 3966 1230 4004 aura:
1262 3953 1469 4017 dulces,
1499 3952 1748 4019 variique
1779 3955 1996 4018 odores,
2027 3963 2082 4007 et
2107 3953 2240 4008 solis

655 4042 910 4094 ardorem
951 4027 1221 4110 repellens
1254 4043 1443 4095 umbra
1474 4059 1488 4096 :
1515 4053 1753 4095 vestrum
1778 4053 1864 4096 est
1914 4054 2008 4098 aut
2036 4045 2146 4097 cito
2174 4060 2235 4099 ea

656 4134 908 4186 nuntiare
932 4143 1028 4186 aut
1053 4133 1274 4202 scriptis
1313 4134 1647 4190 describere.
1690 4133 1893 4190 Vellem
1947 4149 2126 4190 tamen
2169 4137 2237 4190 ad

657 4226 850 4280 vosire
877 4237 932 4281 et
968 4242 1064 4280 vos
1096 4228 1302 4292 videre,
1350 4237 1409 4282 ut
1455 4236 1654 4297 praeter
1704 4240 1922 4293 caetera,
1983 4229 2238 4282 vaticinia

655 4333 875 4388 quoque
903 4320 1116 4374 audiam
1149 4338 1165 4376 :
1202 4321 1330 4374 illud
1359 4321 1506 4376 enim
1537 4321 1745 4389 opinor
1778 4320 2241 4390 vobisaDaplute

658 4415 824 4468 etiam
843 4427 969 4470 esse
998 4428 1342 4469 concessum.

1230 4503 1314 4560 Vl.
1347 4504 1567 4561 PALLA
1579 4505 1708 4562 DIO.

733 4597 1043 4654 Potentiam
1071 4598 1325 4651 virtutem
1383 4600 1671 4651 maximam
1741 4612 1938 4654 censeo
1963 4613 2086 4654 esse
2115 4615 2247 4654 con-

660 4692 826 4748 solari
881 4706 1190 4761 oppressos.
1264 4690 1399 4746 Cum
1427 4692 1573 4746 enim
1607 4692 1862 4760 potentiae
1912 4693 2122 4747 accedit
2158 4708 2250 4744 vo-

669 4787 850 4840 luntas
877 4784 1125 4839 servandi
1163 4784 1457 4852 justitiam,
1491 4784 1618 4852 quid
1669 4783 1852 4838 obstat
1905 4785 2035 4854 qttin
2086 4785 2250 4855 perli-

665 4879 882 4934 ciantur
911 4893 1031 4946 qua:
1076 4877 1284 4946 legibus
1338 4876 1628 4931 videntur?
1658 4875 1764 4930 Sed
1809 4891 2068 4946 quorsmn
2121 4876 2249 4930 illud

671 4971 992 5041 precantium
1029 4970 1053 5023 ?
1097 4969 1336 5024 Isidorus
1379 4969 1767 5036 scholasticus,
1801 4968 1894 5038 qui
1938 4969 2064 5023 dum
2099 4968 2252 5023 vive-

672 5073 776 5130 ret,
809 5062 938 5116 mihi
974 5062 1074 5116 luit
1106 5062 1336 5126 amicus,
1388 5076 1530 5116 nunc
1588 5070 1766 5115 autem
1805 5060 2064 5114 memoria
2114 5059 2252 5113 idem

673 5171 758 5215 est
784 5174 850 5214 ac
893 5160 1045 5213 vivus
1077 5171 1215 5224 erat,
1246 5167 1300 5212 tu
1333 5157 1450 5211 aliis
1476 5158 1654 5212 dicere
1706 5173 1898 5227 posses
1952 5171 2114 5226 quam
2151 5155 2254 5210 mi-

673 5252 903 5306 rabilem
931 5266 988 5307 se
1009 5251 1297 5322 praebuerit
1326 5268 1342 5317 ;
1375 5265 1405 5304 e
1437 5249 1573 5304 vivis
1613 5249 1900 5306 discedens
1939 5248 2256 5304 destitutam

674 5345 822 5400 omni
868 5343 1138 5413 adiutorio
1179 5343 1403 5398 domum
1439 5341 1659 5410 reliquit
1698 5357 1714 5395 :
1753 5356 1875 5411 qua:
1898 5342 2044 5395 enim
2085 5352 2260 5397 mater

681 5436 880 5504 fuerat,
924 5436 1057 5492 orba
1117 5450 1279 5498 nunc,
1313 5435 1367 5488 in
1403 5444 1646 5487 extrema
1683 5441 1983 5497 senectute,
2019 5449 2118 5490 nec
2144 5434 2257 5505 jam

683 5539 856 5584 mater
885 5546 902 5594 ;
933 5543 1070 5584 uxor
1117 5537 1298 5581 autem
1347 5517 1633 5580 viduitatis
1657 5525 1789 5595 jugo
1839 5527 2105 5597 premitur
2144 5545 2161 5594 ;
2195 5530 2260 5583 de

684 5618 871 5674 liberis
906 5633 1031 5673 vero
1080 5616 1210 5686 quid
1239 5616 1526 5672 dicendum
1559 5616 1582 5670 2
1612 5614 1854 5671 Parvula:
1903 5628 2032 5672 sunt
2071 5618 2262 5687 puella:

684 5720 742 5766 et
767 5708 882 5777 jam
912 5709 1278 5779 orpbauorum
1306 5707 1560 5762 miseram
1591 5719 1793 5762 sortent
1825 5718 2084 5778 expertae,
2126 5724 2261 5764 uno-

688 5814 907 5872 qquue
934 5799 1122 5871 verbo,
1143 5799 1396 5859 omnibus
1439 5798 1692 5870 iniuriam
1726 5797 1928 5858 inferre
1955 5800 2261 5858 volentibus

2336 3218 2436 3289 τὴν
2491 3213 2850 3286 σωφροσύνην
2904 3217 2998 3268 καὶ
3047 3217 3107 3268 τὸ
3162 3217 3576 3288 φιλάνθρωπον,
3625 3219 3717 3270 καὶ
3757 3216 3898 3285 φυτόν

2339 3307 2839 3381 παραμυθούμενον
2867 3309 3103 3378 ἐραστήν
3128 3325 3141 3338 ⁸
3172 3311 3268 3362 καὶ
3295 3310 3424 3379 παρ’
3452 3310 3587 3380 ὑμῖν
3609 3311 3782 3378 μόνοις
3810 3309 3899 3361 τῶν

2337 3402 2637 3472 ὁρωμένων
2671 3401 2704 3469 ὴ
2735 3398 2834 3452 θέα
2869 3399 2946 3469 τῷ
2974 3399 3117 3469 λόγῳ
3145 3403 3244 3464 τὴν
3267 3403 3585 3472 μαρτυρίαν
3617 3398 3894 3472 χαρίζεταιο

2337 3495 2464 3548 εἰδὲ
2489 3495 2582 3546 καί⁵
2622 3493 2952 3562 κυπάριττοι
2983 3493 3188 3546 πυκναὶ
3217 3494 3351 3562 πρὸς
3374 3495 3541 3565 χάριν
3572 3496 3800 3548 ἀνεῖνται
3817 3493 3899 3562 τῆς

2338 3587 2623 3657 ἐρωμένης
2664 3585 3023 3649 Ἀπόλλωνος,
3059 3585 3155 3638 καὶ
3192 3584 3338 3659 ὓδωρ
3376 3587 3614 3656 ἄφθονον
3644 3588 3735 3640 καὶ
3754 3587 3899 3640 τέττι-

2341 3695 2435 3747 γες
2463 3677 2672 3749 ᾅδουσι,
2705 3677 2803 3730 καὶ
2844 3677 2963 3740 ὁδὸς
2997 3681 3063 3748 τῇ
3119 3679 3228 3750 πόᾳ
3271 3679 3488 3750 μαλακῇ
3529 3680 3897 3750 παρακέχυται,

2341 3771 2436 3824 καὶ
2482 3771 2677 3839 δένδρα
2729 3770 2846 3823 ἄλλ’
2880 3769 2968 3822 ἐπ’
3011 3770 3215 3834 ἄλλοις.
3269 3772 3366 3824 καὶ
3393 3771 3565 3825 οἰκίαι
3606 3771 3684 3844 τῷ
3724 3770 3899 3825 τούτων

2341 3864 2466 3934 ὕψει
2494 3863 2638 3917 κατὰ
2675 3865 2840 3934 μέσον
2868 3865 3271 3934 κρυπτόμεναι,
3300 3861 3444 3935 αὖρά
3489 3883 3554 3919 τε
3593 3866 3799 3936 μετρία,
3823 3864 3899 3916 καὶ

2337 3955 2484 4025 ὀσμὴ
2507 3953 2809 4025 συμμιγὴς,
2837 3955 2932 4007 καὶ
2960 3957 3088 4009 σκιὰ
3115 3955 3209 4008 τοῦ
3241 3956 3393 4026 ἡλίου
3421 3957 3483 4008 τὸ
3520 3956 3759 4027 λυπηρὸν
3787 3956 3899 4008 ἀπο·

2341 4046 2620 4109 κλείουσα,
2677 4047 3001 4117 ὑμέτερονῆ
3029 4046 3104 4110 ὼς
3134 4047 3299 4118 τάχος
3333 4047 3679 4118 ἀγγέλλεινῆ
3721 4048 3900 4118 διηγεῖ-

2344 4139 2470 4192 σθαι
2506 4141 2619 4201 τοῖς
2643 4139 2938 4208 γράμμασι
2956 4154 2969 4167 °
2992 4138 3134 4209 τῖλὴν
3159 4139 3455 4210 βουλοίμην
3485 4142 3569 4205 είς
3588 4141 3725 4210 ὑμᾶς
3742 4139 3899 4193 ὲλθόνυ

2339 4247 2440 4294 τας
2477 4229 2630 4293 ἰδεῖν,
2664 4230 2750 4282 ἵνα
2785 4229 2922 4300 πρὸς
2963 4232 3076 4294 τοῖς
3120 4230 3306 4295 ἄλλοις
3359 4233 3460 4285 καὶ
3516 4231 3901 4301 μαντευομένων

2341 4321 2669 4390 ἀκούσωμαι
2689 4333 2702 4347 ⁸
2741 4319 2836 4372 καὶ
2859 4320 3018 4372 τοῦτο
3039 4320 3148 4392 γὰρ
3179 4321 3308 4391 ύμῖν
3342 4317 3500 4392 οἶμαι
3520 4320 3902 4390 δεδωκέναιτην

2343 4416 2587 4485 Δάφνην.

2271 4501 2317 4558 D
2896 4509 2987 4574 cr.
3031 4506 3393 4577 ΠΛΛΛΑΔΙῼ.

2421 4599 2534 4670 Τὴν
2563 4599 2674 4652 τῶν
2711 4598 2856 4668 μέγα
2885 4595 3201 4666 δυναμένων
3259 4596 3461 4665 ἀρετὴν
3492 4595 3748 4666 μεγίστην
3772 4591 3899 4661 οἶμαι

2348 4695 2460 4756 τοῖς
2504 4692 2880 4761 ἀδικουμένοις
2927 4689 3304 4759 παραμυθίαν.
3355 4689 3650 4759 Δυνάμεως
3697 4687 3794 4755 γὰρ
3835 4687 3900 4745 εἰς

2350 4783 2547 4838 ταυτὸν
2615 4783 2879 4852 ἐλθούσης
2930 4783 3024 4836 καὶ
3074 4781 3301 4853 γνώμης
3349 4781 3598 4852 τιμώσης
3629 4779 3694 4834 τὰ
3720 4780 3896 4837 δίκαια,

2350 4874 2404 4936 τί
2433 4873 2632 4927 κωλύει
2661 4875 2796 4944 πρὸς
2825 4873 2998 4946 πέρας
3027 4873 3168 4926 ἰέναι
3187 4872 3257 4924 τὰ
3278 4872 3539 4925 δοκοῦντα
3565 4875 3677 4933 τοῖς
3706 4872 3898 4939 νόμοις;

2365 4965 2530 5020 Ἀλλὰ
2576 4964 2630 5018 τί
2689 4982 2778 5037 μοι
2821 4963 3072 5035 βούλεται
3101 4963 3160 5015 τὸ
3208 4963 3528 5033 προοίμιονς
3579 4962 3828 5031 Ἰσίδωρος
3876 4959 3900 5010 ὁ

2356 5059 2731 5130 σχολαστικὸς,
2786 5060 2815 5111 ὁ
2866 5056 3034 5110 πάλαι
3091 5058 3190 5125 μὲν
3212 5055 3364 5125 φίλος
3399 5056 3559 5126 ἡνίκα
3608 5056 3720 5124 ἔζη,
3752 5052 3899 5108 νῦνδὲ

2360 5152 2525 5223 μέχρι
2561 5152 2662 5220 τῆς
2724 5150 2969 5221 μνήμης,
3015 5143 3125 5210 οἶος
3162 5148 3261 5216 μὲν
3305 5143 3373 5218 ἦν
3433 5148 3522 5201 τὸν
3575 5147 3703 5219 βίον,
3741 5142 3899 5203 καὶώς

2359 5243 2696 5315 πανταχόθεν
2724 5243 2890 5296 αὐτὸν
2934 5223 3162 5310 παρεῖχε
3223 5239 3546 5309 θαυμάζειν,
3597 5240 3686 5292 καὶ
3725 5235 3898 5305 ἑτέροις

2359 5338 2520 5401 αὐτὸς
2550 5338 2868 5407 ἐξηγήσαιο.
2929 5334 3068 5387 Νυνὶ
3102 5333 3160 5387 δὲ
3215 5331 3465 5385 ἀπελθὼν
3511 5331 3570 5396 ἐξ
3611 5328 3893 5399 ἀνθρώπων,

2359 5430 2568 5500 ἔρημον
2596 5427 2917 5498 συμμαχίας
2949 5425 3206 5500 κατέλιπε
3240 5425 3339 5492 τὴν
3367 5424 3559 5477 οἰκίαν.
3600 5423 3663 5476 Ἦ
3693 5421 3782 5492 μὲν
3811 5417 3896 5486 γὰρ

2361 5499 2531 5578 στάλαι
2554 5522 2761 5593 μήτηρ,
2784 5519 2879 5572 νῦν
2902 5519 3068 5582 ἄπαις
3094 5499 3187 5572 ἐστὶ
3205 5519 3410 5590 γήραος
3441 5517 3600 5588 οὐδῷ.
3627 5515 3716 5570 καὶ
3743 5513 3898 5583 μήτηρ

2363 5615 2584 5671 οὐκέτι·
2650 5615 2684 5684 ἡ
2727 5613 2783 5666 δὲ
2817 5612 3064 5672 σύνοικος
3098 5611 3327 5682 χηρείας
3361 5610 3620 5683 ὑποφέρει
3641 5607 3816 5674 ζυγόνο
3839 5601 3896 5653 τίς

2360 5711 2420 5765 δὲ.
2455 5706 2638 5761 παιδία
2671 5705 2722 5759 τί
2769 5705 2851 5758 δεῖ
2909 5704 3122 5773 λέγεινς
3167 5701 3328 5774 κόραι
3377 5703 3486 5774 γὰρ
3538 5695 3690 5756 αὗται
3720 5693 3896 5768 μικρὰν

2364 5803 2597 5872 ἄγουσαι
2629 5797 2727 5871 τὴν
2755 5796 2994 5869 ἠλικίαν,
3029 5794 3122 5850 καὶ
3171 5794 3437 5868 ὀρφανίας
3473 5793 3639 5867 τύχης
3665 5787 3895 5863 πειρώμε-
