4046 6386
263 295 417 360 2725

1719 298 2126 359 EPISTOLIE.

3407 298 3560 384 .2725

251 431 348 466 ναι
374 429 387 440 ’
431 409 707 465 συνελόντι
750 408 808 463 δὲ
864 411 1049 478 φάναι,
1093 409 1411 480 πρόκεινται
1440 412 1574 464 πᾶσι
1597 413 1706 476 τοῖς
1735 414 1840 466 ἁδι-

1951 412 2222 474 obnoxiae,
2255 410 2359 465 nisi
2403 420 2455 465 tu
2488 419 2638 465 vetes
2671 429 2683 464 :
2734 409 2878 464 illinc
2926 417 3159 481 vergunt
3193 427 3318 482 spes
3344 429 3554 468 earuu-o

254 509 381 560 κεῖν
414 505 786 576 βουλομένοις,
811 503 860 554 εί
883 502 958 572 μὴ
977 501 1040 554 σὺ
1060 502 1345 566 χιι-λύσεις,
1372 504 1425 555 αἱ
1463 501 1667 555 τούτων
1713 503 1851 575 ὀρῶν

255 614 350 650 σιν
391 599 625 661 ἐλπίδες.
665 598 726 652 Ὀ
777 596 925 650 δεῖνα
979 597 1089 668 γάρ
1146 594 1307 664 φύσει
1356 596 1455 666 μὲν
1490 597 1852 668 ὲπιπόνηρος·

254 691 576 763 προσοικιῖη
601 692 711 762 γὰρ
766 695 865 761 τὴν
907 691 1115 743 τούτων
1160 688 1356 750 οἰκίαν,
1402 687 1497 742 καὶ
1545 689 1634 741 τὸν
1665 690 1729 742 ὲκ
1758 687 1852 741 τοῦ

253 783 594 850 γειτνιάζειν
646 783 843 852 φθόνον
892 779 1097 846 λαϐὼν,
1127 780 1259 850 μίαν
1285 777 1581 848 πεποίηται
1625 777 1854 849 γνώμην

252 877 539 944 ἄχρηστον
575 874 770 936 αὐταῖς
797 871 1124 940 ἀποφαίνειν
1161 871 1262 941 τὴν
1306 871 1551 936 οἴκησιν·
1581 869 1705 923 ὅθεν
1729 868 1854 922 οὔτε

251 967 372 1018 τῶν
399 963 832 1035 οίκοδομούντων
877 963 1118 1032 ἐννόμως
1167 961 1530 1033 κωλυομένων
1555 962 1849 1032 ἠνέσχετο·

254 1059 524 1126 καὶπρὸς
556 1057 818 1126 ἀλλήλους
857 1056 1256 1126 διαγράμματι
1305 1056 1641 1126 συγκείμενα
1687 1055 1852 1125 λῆρον

253 1148 585 1217 ἡγούμενος,
617 1148 953 1220 κυριώτερον
985 1149 1149 1202 αὑτὸν
1170 1147 1616 1218 άποφαίνειντῶν
1646 1149 1847 1218 νόμων,

251 1241 357 1294 καὶ
386 1234 462 1295 ὧν
480 1242 642 1306 αὐτὸς
657 1241 1011 1313 ὡμολόγησεν
1033 1255 1050 1272 ⁸
1075 1242 1211 1296 ἀλλὰ
1232 1240 1489 1296 δικαστοῦ
1515 1241 1607 1296 καὶ
1626 1241 1848 1312 μισοῦν-

249 1350 348 1397 τος
380 1334 450 1387 τὰ
467 1335 648 1405 φαῦλα
679 1334 908 1407 γνώμην
933 1335 1140 1400 λαόὼν,
1172 1335 1334 1405 γενοῦ
1370 1338 1490 1399 ταῖς
1522 1334 1713 1404 κόραις
1743 1353 1850 1388 πα-

248 1426 386 1494 τὴρ,
424 1428 518 1481 καὶ
538 1430 606 1498 τῇ
642 1428 812 1499 μητρὶ
839 1430 991 1492 παῖς,
1050 1429 1143 1482 καὶ
1197 1431 1266 1500 τῇ
1314 1429 1536 1497 γυναικὶ
1563 1429 1727 1483 πάλιν
1755 1423 1850 1481 ἴσα

251 1519 355 1571 καὶ
383 1518 655 1584 σύνοικος,
711 1522 846 1591 ἡμῖν
890 1519 948 1573 δὲ
984 1520 1229 1584 τοιοῦτος
1261 1515 1374 1575 οἷον
1410 1523 1443 1593 ή
1494 1521 1842 1594 προλαϐοῦσα
1880 1523 2045 1590 πεῖρα
2093 1520 2352 1585 πολλάκις
2405 1521 2692 1588 ἀπέδειξε·

1970 505 2200 572 Quidam
2236 503 2404 568 enim,
2434 513 2621 556 natura
2654 517 2964 572 pervorsus,
3013 518 3202 557 earum
3243 505 3424 559 domui
3470 507 3555 561 vi-

1966 598 2144 661 ciuus.
2171 596 2453 651 vicinitate
2488 593 2690 649 invidia
2745 604 2925 664 capta,
2982 595 3032 649 id
3083 605 3290 650 tantum
3349 599 3556 667 cogitat

1959 705 2072 760 quo
2098 688 2204 742 illis
2230 689 2449 740 domum
2485 701 2638 740 suam
2664 685 2908 741 inutilem
2941 685 3101 741 faciat
3135 704 3150 741 :
3188 688 3266 742 sic
3289 703 3382 742 eos
3412 688 3553 758 legi-

1965 782 2094 836 time
2113 779 2384 834 aediﬁcare
2425 794 2528 832 non
2560 793 2763 848 passus
2787 788 2870 832 est
2903 795 2918 845 ;
2945 789 3100 848 pacta
3132 795 3346 850 quoque
3365 791 3552 836 mutua

1961 889 2060 944 pro
2097 873 2267 928 nihilo
2301 874 2529 937 habens,
2572 886 2629 926 se
2654 872 2861 940 legibus
2899 882 2951 926 et
2998 873 3233 943 propriis
3280 875 3548 943 pactioni-

1962 968 2064 1022 hus
2103 966 2442 1036 superiorem
2474 966 2696 1034 praebet.
2726 964 2931 1022 Judicis
2977 967 3140 1036 igitttr
3182 979 3414 1024 mentem
3467 968 3550 1022 in-

1953 1058 2180 1129 justitia:
2238 1058 2614 1112 adversantem
2671 1071 2912 1122 sumens,
2951 1059 3141 1127 puellis
3203 1068 3317 1113 esto
3372 1069 3549 1129 pater,
3581 1051 3606 1078 ⁸

1959 1150 2122 1206 matri
2162 1150 2305 1206 tilius
2331 1159 2384 1202 et
2407 1149 2564 1202 uxori
2597 1150 2802 1218 pariter
2825 1151 3044 1220 coniux,
3079 1154 3387 1222 nostrisque
3418 1170 3552 1209 oru-

1961 1245 2028 1300 lis
2053 1245 2097 1298 is
2134 1259 2291 1312 quem
2327 1243 2660 1310 experientia
2691 1245 3018 1313 compluries
3064 1248 3298 1300 ostendit
3327 1265 3342 1313 ;
3373 1247 3551 1302 sciant

1961 1349 2066 1388 non
2088 1348 2209 1389 esse
2254 1332 2438 1386 auxilii
2468 1333 2701 1402 inopiam
2721 1334 2892 1388 donec
2930 1335 3062 1406 legis
3106 1349 3159 1391 et
3188 1337 3287 1392 viri
3326 1337 3547 1404 iustitia!

1959 1426 2197 1481 cultores
2230 1436 2374 1481 stent
2413 1426 2736 1481 incolumes.

2744 1523 2837 1576 καὶ
2859 1521 3050 1591 γνώτω
3115 1525 3190 1588 ὼς
3233 1527 3334 1580 οὐκ
3401 1527 3548 1580 ἔστιν

250 1613 468 1685 ἔρημον
505 1611 644 1668 εἶναι
663 1615 1002 1686 συμμαχίας,
1027 1617 1133 1680 ἕως
1154 1618 1222 1671 ἂν
1246 1618 1302 1671 οῖ
1326 1636 1386 1671 τε
1415 1618 1568 1688 νόμοι
1591 1619 1854 1684 σώζονται
1897 1620 1990 1674 καὶ
2015 1619 2207 1688 ἄνδρες
2235 1620 2505 1689 τιμῶντες
2534 1619 2602 1673 τὰ
2628 1621 2833 1674 δίκαια.

599 1712 672 1764 Ζ⁹.
706 1711 941 1782 ΓΕΣΣΙῼ
986 1711 1505 1785 ΙΑΤΡΟΣΟΦΙΣἸᾘ.

326 1801 440 1870 Τὴν
471 1801 744 1874 ὑμετέραν
769 1803 1064 1876 ἐπιστολὴν
1106 1807 1188 1870 είς
1223 1809 1413 1876 χεῖρας
1436 1807 1638 1871 λαϐὼν,
1671 1809 1842 1872 αὐτὰς

250 1895 411 1962 ἔδοξα
442 1896 596 1966 μόλις
629 1898 992 1969 ἀπειληφέναι
1024 1902 1124 1966 τὰς
1168 1901 1416 1967 Μούσας,
1443 1902 1631 1965 ἔνθους
1667 1921 1727 1956 τε
1775 1899 1844 1976 ἦν

247 1994 344 2060 ὑφ’
373 1991 590 2062 ἡδονῆς,
625 1995 720 2046 καὶ
749 1994 850 2046 οὐκ
866 1989 1012 2064 εἶχον
1037 1996 1064 2048 ὂ
1093 2012 1146 2048 τι
1197 1997 1293 2064 καὶ
1337 1997 1619 2066 γένωμαι’
1654 1996 1845 2069 ὥσπερ

245 2090 296 2142 oi
330 2089 527 2159 Δελφοὶ
559 2089 777 2142 ἐπειδάν
795 2091 869 2151 ὡς
883 2089 1365 2162 ὲξὙπερϐορείων
1387 2091 1633 2156 ἐλθόντος
1649 2092 1845 2145 Ἀπόλ-

246 2180 443 2245 λωνο;,
473 2181 534 2233 τὸ
557 2181 688 2247 πρὶν
714 2182 997 2251 σιγῶντες,
1031 2186 1258 2254 πλήρεις
1284 2186 1547 2255 ἐξαίφνης
1577 2185 1844 2254 γένωνται

249 2274 349 2326 τοῦ
388 2275 536 2330 θεοῦ.
567 2275 823 2339 Τοιοῦτος
855 2271 924 2346 ἦν
973 2294 1057 2340 τις
1109 2276 1242 2347 ἐγὼ,
1297 2278 1475 2331 πάντα
1521 2277 1842 2349 θαυμάζων,

243 2368 358 2420 τῶν
385 2369 670 2438 ὀνομάτων
710 2367 809 2440 τὴν
862 2368 1033 2438 ὥραν,
1063 2370 1162 2438 τὴν
1209 2371 1347 2440 πρὸς
1398 2370 1603 2441 ἄλληλα
1637 2371 1845 2424 τούτων

243 2459 543 2529 ἁρμονίαν,
575 2460 638 2512 τὸ
663 2459 753 2513 διὰ
774 2459 993 2514 πάντων
1022 2460 1221 2524 κάλλος
1252 2461 1674 2533 ἐπιφαινόμενον
1695 2480 1710 2494 ο
1749 2465 1844 2518 καὶ

245 2551 306 2603 τὸ
333 2549 399 2621 δὴ
431 2552 713 2620 μέγιστον,
737 2552 865 2615 τοὺς
895 2551 1198 2622 ὑμετέρους
1227 2551 1487 2621 τρόπους,
1519 2552 1580 2618 ἐξ
1606 2546 1682 2607 ὧν
1715 2555 1845 2626 ἡμῖν

243 2642 492 2712 προῆλθε
550 2642 619 2697 τά
663 2642 1005 2713 πράγματα’
1059 2644 1154 2698 καί
1202 2660 1286 2697 σοι
1343 2645 1606 2712 πολλάκις
1663 2647 1846 2715 ἀγαθά

244 2733 468 2800 γένοιτο
488 2733 746 2806 τοιαύτην
767 2737 899 2806 ἡμῖν
930 2735 1300 2789 ἀποδεδωκότι
1325 2735 1424 2806 τὴν
1446 2737 1643 2807 ἑορτήν
1663 2755 1676 2769 °
1707 2738 1844 2794 ἀλλὰ

245 2828 357 2898 γὰρ
397 2829 498 2896 μία
526 2827 749 2898 χελιδὼν
781 2830 901 2899 ἔαρ,
930 2831 1115 2897 φησὶν,
1150 2831 1214 2883 οὐ
1242 2833 1412 2884 ποιεῖ’
1439 2825 1550 2885 οἷον
1592 2831 1650 2884 δὲ
1681 2833 1775 2884 καὶ
1809 2835 1841 2901 ἡ

245 2921 603 2990 προλαϐοῦσα
646 2920 872 2992 χελιδὼν
931 2926 1010 2986 εἰς
1065 2923 1228 2995 ἔργου
1287 2925 1492 2996 ἤρκεσε
1525 2925 1747 2996 χρείαν’
1797 2929 1844 2980 εί

243 3014 300 3067 δὲ
325 3015 425 3068 καὶ
459 3015 721 3088 δευτέραν
773 3018 1071 3090 προσθείην
1107 3019 1201 3072 καὶ
1249 3019 1442 3089 τρίτην
1470 3015 1589 3073 εἶτα
1617 3021 1838 3083 πολλάς,

2232 1715 2339 1769 Vll.
2372 1716 2618 1771 GESSlO
2657 1717 2910 1772 INSIGNI
2965 1717 3240 1776 MEDlCO.

2016 1807 2186 1861 Tuam
2215 1808 2497 1878 epistolam
2532 1809 2584 1862 in
2615 1811 2866 1865 manibus
2891 1811 3187 1880 accipiens,
3229 1813 3375 1881 ipsas
3424 1811 3544 1867 Mu-

1946 1915 2036 1955 sas
2062 1901 2206 1955 visus
2235 1900 2364 1955 mihi
2396 1917 2515 1956 sttm
2553 1902 2805 1971 accipere
2831 1922 2844 1957 :
2866 1918 2975 1973 prae
3021 1905 3299 1973 voluptate
3352 1920 3543 1961 amens

1947 1995 2161 2063 meique
2184 1995 2428 2049 nescius:
2447 1996 2896 2064 quemadmodum
2921 1995 3151 2064 Dclphii,
3173 2013 3294 2051 cum
3315 1998 3455 2052 velut
3473 2013 3542 2053 ex

1946 2087 2311 2158 Hyperboreis
2367 2087 2587 2141 advenit
2634 2087 2860 2156 Apollo,
2893 2089 3042 2156 prius
3082 2089 3237 2153 muti,
3271 2090 3412 2157 pleni
3448 2104 3534 2145 re-

1947 2191 2107 2248 pente
2141 2181 2241 2234 deo
2276 2180 2411 2234 tiunt
2443 2198 2457 2246 ;
2495 2181 2574 2235 sic
2603 2196 2724 2251 ego,
2771 2183 2951 2236 omnia
2988 2181 3213 2247 mirans,
3249 2184 3538 2236 verborum

1947 2281 2311 2336 venustatem,
2335 2289 2523 2328 eorum
2561 2275 2626 2325 ad
2658 2273 2890 2328 invicem
2924 2274 3289 2338 harmoniam,
3317 2273 3539 2328 elucenv

1949 2373 2054 2417 tem
2078 2379 2140 2417 ex
2171 2365 2422 2419 omnilms
2461 2366 2735 2428 decorem,
2763 2365 2858 2420 sed
2891 2368 3188 2434 prmsertim
3228 2375 3347 2420 tuos
3400 2365 3536 2419 allec

1946 2464 2068 2510 ctus
2096 2455 2294 2524 quibus
2335 2459 2403 2510 ad
2451 2472 2538 2510 me
2587 2472 2650 2512 ea
2689 2458 3043 2512 devenerant.
3096 2458 3371 2513 Permulta
3437 2459 3530 2512 tibi

1947 2547 2261 2618 contingant
2288 2549 2448 2604 bona.
2482 2551 2573 2620 qui
2605 2557 2814 2604 tantam
2861 2551 2992 2604 mihi
3051 2549 3399 2606 festivitatem
3429 2551 3536 2607 te-

1947 2640 2068 2695 cisti
2099 2640 2112 2693 l
2158 2640 2396 2696 hirundo
2428 2658 2555 2708 una,
2591 2649 2650 2694 ut
2710 2643 2883 2708 aiunt,
2912 2659 3010 2698 ver
3064 2660 3168 2698 non
3203 2643 3350 2710 facit,
3411 2643 3539 2700 licet

1948 2735 2288 2800 praeveniens
2309 2735 2546 2788 hirundo
2582 2735 2647 2788 ad
2669 2735 2719 2788 id
2743 2737 2878 2790 satis
2909 2737 2980 2791 sit
3015 2752 3031 2802 ;
3066 2738 3206 2807 quod
3233 2739 3276 2792 si
3308 2738 3533 2792 alterum

1952 2825 2234 2892 adderem,
2270 2837 2326 2879 et
2356 2828 2673 2892 tet-tiam,et
2701 2828 2898 2882 rutdtas
2929 2838 3141 2896 postea,
3169 2845 3263 2884 ver
3286 2830 3416 2886 mihi
3450 2841 3532 2884 ta-

1949 2933 2068 2970 men
2097 2931 2202 2970 nou
2242 2928 2406 2982 esset,
2441 2919 2536 2971 sed
2560 2933 2734 2987 neque
2775 2921 2864 2975 ille
2893 2919 3140 2985 Croesus,
3181 2937 3360 2990 neque
3399 2937 3534 2977 auro

1951 3008 2122 3062 tlueus
2156 3007 2431 3063 Pactolus.
2466 3008 2692 3064 Liberos
2721 3021 2843 3065 tuos
2869 3027 2990 3065 cum
3021 3011 3364 3078 jucundita‘te
3398 3015 3531 3080 vidi,

243 3109 398 3160 οὐδὲν
431 3109 498 3162 ἂν
538 3110 622 3179 είη
686 3110 786 3180 έαρ
838 3113 970 3181 ἡμῖν
994 3127 1005 3140 ·
1053 3111 1176 3164 οὔτε
1219 3113 1452 3182 Κροῖσος
1480 3113 1686 3174 ἐκεῖνος
1714 3111 1839 3164 οὔτε

1947 3109 1996 3154 et
2023 3101 2176 3170 quasi
2201 3116 2296 3169 per
2323 3101 2614 3170 imaginem
2633 3103 2728 3157 tibi
2753 3105 2930 3158 denuo
2949 3105 3318 3175 conjungebar
3347 3123 3362 3173 ;
3390 3111 3534 3162 unde

245 3197 439 3268 χρυσῷ
473 3199 610 3269 ῥέων
649 3200 678 3252 ὁ
734 3199 1052 3264 Πακτωλός.
1075 3201 1214 3264 Τοὺς
1244 3201 1303 3254 δὲ
1334 3200 1610 3272 ὑμετέρας
1638 3201 1838 3263 παῖδας

245 3287 385 3342 εἶδον
409 3291 603 3361 ἡδέως,
634 3293 730 3347 καὶ
787 3291 978 3364 ὥσπερ
1011 3293 1079 3346 δι’
1108 3293 1319 3356 εἰκόνος
1378 3293 1666 3364 ἀνηγόμην
1700 3294 1840 3363 πρὸς

246 3379 306 3432 σέ
326 3400 338 3410 θ
359 3381 486 3435 ὅθεν
521 3381 780 3452 ηὐξάμην
836 3383 932 3435 καὶ
981 3382 1203 3445 πλείους
1233 3382 1360 3434 ἰδεῖν
1380 3398 1394 3412 ⁸
1421 3382 1514 3436 καὶ
1545 3384 1593 3434 εί
1623 3382 1838 3452 μεγάλα

244 3473 454 3541 λέγειν,
483 3472 579 3526 τοῦ
610 3475 815 3546 πατρὸς
841 3473 1100 3543 ἀμείνους
1123 3487 1136 3500 ⁸
1168 3473 1285 3528 ἀλλ’
1307 3471 1402 3541 οὖν
1432 3474 1712 3545 εὐχομένῳ
1739 3475 1838 3547 ρᾁ

245 3567 353 3620 διον
384 3567 566 3635 λέγειν
589 3569 689 3621 ὃσα
713 3584 778 3636 γε
804 3567 1075 3637 βούλεται,
1100 3568 1191 3620 καὶ
1216 3567 1502 3638 μιμεῖσθαι
1524 3565 1617 3620 τὸν
1639 3565 1838 3619 Ἕκτο-

250 3675 334 3728 ρα·
388 3659 486 3711 τὸν
524 3659 738 3730 ἑταῖρον
785 3659 1063 3730 Δωρόθεον
1103 3659 1264 3713 αὐτόν
1303 3677 1370 3729 με
1417 3658 1566 3715 δοκεῖ
1589 3659 1838 3730 παρόντα

247 3754 550 3822 προσάγειν
574 3752 702 3823 ὑμῖν
721 3770 736 3783 ·
757 3752 852 3806 καὶ
871 3752 1051 3820 λέγειν
1077 3751 1206 3806 ἄλλο
1233 3752 1330 3822 μὲν
1350 3751 1521 3816 οὐδὲν,
1551 3751 1836 3824 πληρῶσαι

248 3845 305 3898 δὲ
329 3846 491 3900 τοῦτο
517 3847 618 3909 τὰς
647 3845 870 3908 ἐλπίδας
896 3844 1046 3916 αὐτῷ
1100 3846 1345 3918 παρέσχε
1384 3845 1454 3898 τὰ
1479 3845 1721 3915 ὑμέτερα
1751 3845 1834 3898 δι-

249 3941 552 4009 meliusve;
571 3955 586 3970 ο
616 3940 664 3991 εί
689 3938 746 3992 δὲ
767 3939 862 3992 καὶ
881 3938 949 3992 δι’
981 3939 1083 4010 ἐμέ
1125 3956 1177 3992 τι
1239 3939 1400 3994 πλέον
1421 3940 1563 4006 ἕξειν
1599 3940 1831 4008 ἐλπίζει,

248 4031 517 4102 ὑμέτερον
545 4029 613 4085 ἂν
641 4031 727 4098 εἴη
750 4031 940 4085 τοῦτον
984 4033 1060 4102 μὴ
1099 4031 1404 4102 ψευσθῆναι
1440 4033 1542 4101 τῆς
1590 4029 1834 4101 συγγνώ-

254 4142 356 4194 μης
376 4142 396 4156 ⁹
431 4124 694 4195 συστήσει
724 4124 780 4178 δὲ
807 4124 898 4178 τὸν
947 4126 1068 4178 νέον
1118 4125 1246 4202 ὑμῖν
1277 4124 1373 4178 καὶ⁸
1416 4125 1620 4195 τρόπος
1637 4125 1840 4196 ὁμοίως

247 4216 341 4268 καὶ
367 4214 598 4283 σπουδὴ,
628 4214 772 4286 ἅπερ
789 4213 842 4268 Ei
868 4210 935 4286 ἦν
952 4215 1116 4270 αὐτὸν
1143 4214 1260 4286 ἅμα
1279 4219 1342 4286 τῇ
1367 4215 1466 4288 θέᾳ
1483 4219 1839 4288 παραστῆσαι

251 4311 417 4377 σαφῆ,
446 4309 603 4362 οὐδὲν
634 4309 700 4363 ἂν
720 4309 848 4372 ἴσως
883 4309 992 4362 ἔδει
1013 4308 1122 4362 τῶν
1142 4309 1426 4381 ἡμετέρων
1459 4309 1836 4380 γραμμάτων·

251 4399 340 4452 νῦν
364 4401 421 4453 δὲ
455 4401 522 4454 δι’
584 4400 685 4471 ἐμὲ
751 4402 818 4454 τά
869 4401 1064 4469 πρῶτα
1113 4403 1375 4471 τιμήσας,
1434 4401 1661 4469 ὕστερον
1681 4396 1838 4470 οἶμαι

1941 3196 2191 3263 exoptavi
2229 3204 2284 3248 et
2332 3194 2518 3263 plures
2553 3195 2738 3250 videre
2772 3206 2828 3250 et
2856 3197 2899 3250 si
2945 3213 3136 3269 magna
3169 3201 3351 3255 dicere
3382 3201 3534 3266 lieet,

1943 3297 2097 3355 patre
2123 3287 2372 3340 meliores
2407 3305 2421 3351 ;
2459 3290 2554 3342 sed
2591 3290 2798 3357 optanti
2847 3290 3009 3345 facile
3049 3300 3135 3346 est.
3192 3307 3533 3363 quaecunque

1941 3380 2070 3433 velit
2087 3380 2286 3445 dicere,
2309 3393 2360 3434 et
2383 3379 2666 3434 Hectorem
2690 3381 2916 3436 itnitari.‘
2938 3381 3264 3438 Dorothettnt
3297 3384 3533 3438 amicum

1941 3471 2072 3526 mihi
2099 3472 2283 3525 videor
2313 3482 2632 3541 praesentem
2670 3473 2764 3527 tibi
2798 3474 3017 3539 sistere,
3040 3490 3138 3531 nec
3159 3476 3362 3543 aliquid
3389 3476 3532 3530 aliud

1941 3567 2254 3630 dicere,sed
2287 3582 2405 3620 eam
2438 3565 2582 3620 illius
2608 3582 2760 3636 spem
2795 3567 3023 3637 implore
3080 3584 3244 3638 quam
3277 3578 3367 3623 tua
3403 3586 3532 3624 nar-

1941 3673 2067 3711 rans
2097 3657 2227 3711 oriri
2249 3656 2397 3712 fecit.
2419 3657 2476 3712 Si
2506 3669 2688 3713 autem
2713 3673 2808 3729 per
2835 3676 2921 3715 me
2949 3661 3252 3729 quidquam
3297 3663 3534 3732 atnplius

1941 3750 2148 3804 habere
2171 3761 2380 3819 sperat,
2405 3763 2553 3806 tuum
2579 3753 2686 3806 erit
2712 3752 2854 3807 illius
2878 3753 3206 3808 desiderium
3269 3772 3374 3810 non
3430 3755 3533 3810 ful-

1943 3841 2075 3896 lere.
2099 3840 2366 3898 Juvenem
2398 3843 2492 3898 tibi
2518 3845 2756 3899 vincieut
2791 3862 2972 3900 mores
3016 3847 3175 3902 simul
3211 3857 3264 3902 et
3305 3849 3536 3920 diligen-

1941 3935 2056 3990 tia:
2113 3950 2234 4005 qum
2293 3936 2337 3990 si
2385 3938 2643 4006 possibile
2687 3951 2874 4006 esset;
2921 3956 3023 3994 una
3093 3955 3215 3994 cum
3284 3943 3530 4011 corporis
3632 3993 3636 3995 ,

1943 4025 2130 4081 habitu
2163 4027 2451 4083 manifeste
2485 4031 2792 4096 ostendere,
2826 4047 2933 4085 non
2966 4032 3150 4087 f0r5an
3184 4037 3320 4087 meis
3341 4036 3533 4090 litteris

1943 4134 2082 4186 opus
2109 4130 2255 4174 esset
2281 4137 2296 4185 ;
2327 4120 2475 4174 illum
2510 4134 2733 4192 propter
2763 4138 2848 4177 me
2876 4123 3054 4192 primo
3091 4124 3530 4190 cohonestatum,

1943 4223 2150 4281 postea,
2178 4213 2364 4277 credo,
2391 4225 2615 4284 propter
2651 4218 2829 4284 ipsum
2889 4215 3178 4269 mirabere.
3210 4217 3353 4269 Puto
3397 4231 3534 4287 quo-

1944 4320 2050 4374 que
2083 4307 2316 4361 amicum
2347 4307 2700 4361 Anastasium
2730 4308 2982 4378 benignis
3012 4319 3064 4364 te
3080 4310 3252 4364 oeulis
3305 4312 3530 4380 conspi-

1944 4413 2089 4466 cere,
2133 4400 2296 4453 veluti
2328 4415 2499 4470 genus
2531 4411 2778 4455 nostrum
2811 4416 2994 4456 omne.
3021 4403 3158 4468 Quid
3180 4402 3411 4473 amplius
3442 4404 3530 4458 di-

252 4491 555 4562 θαυμάσεις
572 4495 668 4547 καὶ
692 4493 760 4547 δι’
795 4494 958 4547 αὐτόν
979 4509 994 4524 ο
1026 4491 1178 4563 οἶμαι
1209 4493 1266 4546 δὲ
1288 4494 1384 4546 καὶ⁴
1415 4495 1630 4564 ἑταῖρον
1672 4495 1830 4547 Ἀναο

1947 4494 2732 4564 nendumhominijmupridcm
2764 4497 2941 4551 amico
2962 4506 3016 4550 et
3059 4497 3154 4567 qui
3210 4499 3369 4553 modo
3419 4515 3526 4556 non

252 4585 468 4639 στάσιον
496 4585 786 4656 εὐμενέσιν
816 4585 962 4656 ὑμᾶς
1003 4584 1132 4639 ἰδεῖν
1171 4583 1471 4654 ὀφθαλμοῖς
1524 4584 1599 4647 ὡς
1639 4583 1824 4637 καὶτὸ

1935 4586 2131 4639 minori
2173 4587 2543 4642 benevolentia
2573 4589 2709 4641 allici
2735 4589 2978 4643 dicitur?

250 4682 516 4754 ἡμέτερον
547 4683 735 4752 γένος⁸
767 4682 820 4736 τί
853 4683 962 4754 γὰρ
983 4682 1066 4736 δεῖ
1112 4681 1277 4736 πλέον
1303 4681 1478 4735 εἰπεῖν
1526 4682 1662 4753 πρὸς
1697 4680 1869 4752 ἄνδρα
1906 4681 2075 4736 πάλαι
2123 4699 2182 4735 τε
2227 4683 2324 4738 καὶ
2361 4684 2514 4754 φίλον
2545 4684 2642 4739 καὶ
2668 4683 2762 4738 νῦν
2785 4683 2939 4738 οὐδὲν
2959 4680 3122 4759 ἦττον
3152 4685 3357 4740 εὐνοεῖν
3386 4687 3527 4760 ᾑρη-

254 4776 405 4846 μένον
420 4793 438 4838 ;

652 4870 736 4923 Ην.
778 4866 1079 4940 ΖΛΧΛΡΙᾼ
1121 4867 1405 4939 summa.

327 4961 416 5028 Ὠς
451 4961 650 5030 έοικεν,
686 4953 731 5014 ὦ
761 4961 956 5032 λῷστε,
984 4960 1094 5014 τῶν
1124 4961 1204 5024 εἰς
1227 4961 1374 5032 ἡμᾶς
1396 4951 1829 5031 σκωμμάτωνόῦ

253 5073 379 5110 ποτε
407 5057 564 5128 παύῃ
580 5071 596 5086 ·
621 5055 854 5126 μηδέεγε
878 5053 1116 5108 παύσαιο
1135 5052 1361 5116 τούτων,
1378 5045 1424 5106 ὦ
1445 5053 1648 5117 πάντες
1677 5053 1790 5108 θεοί
1815 5069 1830 5084 ⁸

252 5140 319 5210 ὡς
347 5147 459 5218 ἐγὼ
481 5147 794 5220 λεγομένων
809 5145 1094 5216 προσγελῶ
1105 5163 1166 5198 τε
1183 5143 1389 5210 τούτοις
1405 5146 1720 5217 γράμμασι,
1737 5149 1833 5202 καὶ

255 5239 384 5308 πρὸς
435 5240 584 5311 ὑμᾶς
628 5239 968 5311 ἀφικνοῦμαι
1013 5241 1082 5312 τῇ
1143 5238 1373 5310 διανοίᾳ,
1423 5239 1519 5293 καὶ
1552 5238 1734 5308 λέγειν
1778 5257 1831 5293 τι

254 5329 384 5384 δοκῶ
417 5333 559 5404 πρὸς
588 5333 740 5404 ἡμᾶς
768 5332 866 5386 καὶ
914 5330 1184 5400 λεγόντων
1214 5330 1456 5386 ἀκούειν.
1486 5332 1637 5385 Ἵλατ’
1668 5335 1718 5387 εῐ
1749 5350 1834 5387 σοι

257 5424 399 5492 μέλει
429 5426 528 5496 τῆς
557 5425 617 5478 ὲν
645 5427 758 5488 τοῖς
801 5424 1100 5496 γράμμασι
1139 5424 1386 5496 χάριτος,
1417 5423 1573 5492 μέλει
1609 5423 1666 5477 δὲ
1691 5424 1831 5479 πάν-

254 5529 376 5582 τως,
403 5515 557 5586 βάλλ’
589 5516 790 5582 οὕτως,
825 5517 920 5570 καὶ
951 5515 1179 5586 μείζονα
1216 5515 1542 5587 χαρίζεσθαι
1566 5515 1761 5582 δόξεις,
1792 5517 1826 5590 ἢ

255 5605 303 5657 ei
324 5625 410 5678 μοι
437 5611 701 5682 παρεῖχες
755 5609 977 5681 Κροίσῳ
1030 5607 1319 5679 γενέσθαι·
1354 5596 1532 5662 ’κάλει
1574 5608 1634 5662 δὲ
1666 5608 1828 5662 πάλιν

258 5699 528 5772 σοφιστὴν,
555 5701 646 5754 καὶ
671 5700 795 5770 λέγε
819 5701 1032 5772 κρότων
1059 5703 1192 5774 ὲρᾷν
1210 5720 1225 5734 ·
1245 5701 1420 5775 ὀφρύν
1447 5719 1509 5755 τε
1541 5702 1825 5774 προστίθει

256 5791 344 5844 καὶ
359 5791 549 5864 τῦφον,
581 5793 678 5848 καὶ
705 5795 814 5849 πᾶν
841 5794 871 5850 ὅ
903 5793 955 5849 τί
989 5811 1073 5849 σοι
1117 5793 1272 5865 φίλον
1293 5813 1308 5828 υ
1351 5794 1610 5861 πολλάκις
1643 5795 1700 5850 δὲ
1729 5795 1826 5851 καὶ

2297 4863 2431 4918 νιιι.
2471 4861 2844 4917 ΖΜΣΙΙΑΠΙᾹΞ
2890 4859 3170 4922 FRATRI.

2012 4957 2081 5013 Ut
2109 4957 2294 5011 videre
2319 4965 2424 5019 est,
2455 4953 2802 5020 charissima,
2834 4956 2940 5010 tuis
2988 4957 3039 5010 iu
3101 4972 3200 5012 nos
3256 4957 3524 5016 conviciis

1939 5068 2044 5108 non
2069 5051 2325 5107 desistis:
2359 5049 2451 5106 sed
2514 5064 2580 5103 ne
2613 5048 2867 5113 desistas,
2924 5050 3058 5118 proh
3100 5050 3234 5106 Deos
3287 5054 3519 5108 omnes!

1936 5146 2068 5216 quia
2101 5147 2272 5201 risum
2315 5146 2446 5200 mihi
2478 5156 2698 5202 movent
2725 5162 2845 5216 quae
2875 5149 2928 5202 in
2967 5149 3073 5204 illis
3108 5145 3305 5207 litteris
3329 5153 3520 5207 dicun-

1942 5248 2051 5303 tur,
2075 5249 2132 5292 et
2164 5242 2230 5294 ad
2267 5255 2364 5294 vos
2381 5240 2712 5310 cogitatione
2737 5241 2900 5296 venio
2925 5251 2982 5297 et
3031 5243 3162 5298 mihi
3207 5245 3394 5299 videor
3426 5262 3521 5302 vos

1937 5331 2138 5402 alloqui
2171 5343 2222 5384 et
2255 5332 2464 5387 audire.
2497 5330 2731 5402 Ideoque
2774 5332 2818 5386 si
2867 5332 2962 5387 tibi
3014 5348 3177 5388 curze.
3197 5344 3279 5388 est
3307 5334 3520 5391 littera-

1934 5441 2054 5480 rum
2090 5425 2265 5497 gratia
2297 5425 2316 5494 (
2344 5435 2397 5480 et
2448 5426 2682 5481 maxime
2720 5426 2850 5496 est),
2878 5425 2981 5481 feri
3028 5425 3230 5493 denuo,
3281 5427 3520 5497 mihique

1898 5577 1904 5582 _
1934 5519 2106 5590 magis
2128 5529 2343 5590 gratum
2371 5518 2642 5574 videbitur
2670 5534 2831 5589 quam
2850 5517 2895 5573 si
2915 5533 3000 5574 me
3013 5518 3261 5575 Crmsum
3277 5520 3517 5587 faceres;

1932 5629 2150 5669 rursum
2212 5613 2512 5683 sophistam
2574 5626 2704 5667 voca
2760 5621 2814 5667 et
2853 5612 3144 5680 plausuum
3189 5623 3514 5678 amatorem,

1933 5705 2284 5776 supercilium
2318 5705 2458 5762 adde
2489 5716 2543 5760 et
2603 5704 2914 5774 superbiam
2977 5714 3032 5760 et
3089 5705 3351 5776 quidquid
3415 5706 3512 5760 tibi

1934 5797 2217 5868 placuerit.
2255 5797 2430 5870 Saepe,
2493 5811 2618 5854 cum
2675 5795 2974 5868 sophistam
3009 5797 3240 5865 diceres,
3268 5797 3516 5855 intende-
