4046 6386
226 294 363 360 2729

1666 287 2070 358 EPISTOLE.

3354 288 3495 362 2730

227 406 358 460 θέαν
383 404 601 459 ἐπιοῦσι
622 403 716 459 τδν
743 403 923 478 ἔρωτα
943 419 957 438 ο
1010 405 1039 458 ό
1076 403 1184 476 γὰρ
1218 404 1357 477 ἀνὴρ
1405 405 1666 478 ἐρωτικός
1695 407 1811 459 ἐστι

1919 405 2005 460 Ille
2049 407 2389 477 egregiorum
2430 417 2623 464 amans
2656 407 2712 462 et
2755 406 2929 463 bonos
2975 405 3164 463 sedulo
3211 403 3515 480 inquirens

225 495 338 550 τῶν
387 493 602 560 καλῶν,
653 494 748 548 καὶ
805 494 1260 566 πολυπραγμονεῖ
1309 495 1439 560 τοὺς
1494 495 1769 567 χρηστούς
1793 513 1808 529 ⁸

227 588 422 657 ὥσπερ
447 585 637 649 δεδιὼς
668 587 740 658 μή
759 587 894 641 ποτέ
926 603 1011 650 τις
1043 585 1286 650 τοιοῦτος
1311 586 1386 640 ὣν
1408 587 1652 642 διαλάθοι
1671 603 1688 619 ·
1720 588 1816 642 καὶ

1915 512 1984 554 nc
2016 499 2138 569 quis
2187 500 2358 556 benus
2390 495 2483 554 tibi
2538 499 2610 555 sit
2651 492 2864 570 ignotus
2887 540 2902 555 .
2957 495 3062 554 Sed
3105 511 3272 570 quare
3306 504 3372 559 de
3401 496 3495 560 illo

1916 589 2012 645 tibi
2079 591 2370 647 dicerem?
2407 605 2529 646 nam
2582 592 2916 662 eXperieutia
2977 591 3178 647 doetus
3248 592 3490 663 peiorem

227 681 279 732 τί
307 695 390 731 σοι
417 678 486 731 τὰ
514 679 646 747 περὶ
683 676 874 730 τούτου
897 676 1077 746 λέγειν
1113 695 1180 748 με
1215 676 1326 744 δεῖς
1359 678 1588 743 Πάντως
1613 678 1723 750 γὰρ
1746 679 1814 750 τῇ

1919 679 2186 751 iudicares
2210 683 2421 740 laudem
2465 695 2518 740 el
2551 695 2636 739 me
2664 684 2940 739 iniirmum
2965 699 3191 740 vocares
3222 695 3494 742 oratorem

230 769 398 840 πείρᾳ
425 767 587 821 τοῦτο
616 766 826 838 μαθὼν,
881 767 1092 822 ἐλάττω
1147 769 1398 839 νομίσεις
1425 768 1518 822 τὸν
1552 769 1774 823 ἔπαινον
1796 784 1811 798 ’

230 863 324 915 καὶ
353 860 558 931 ἀσθενῆ
591 860 691 930 μὲν
715 859 1003 924 καλέσειας
1039 858 1269 932 ῥήτορα,
1298 860 1376 930 ὡς
1410 859 1531 916 οὐδὲ
1557 861 1625 915 τὰ
1653 877 1818 933 προσ-

229 952 359 1006 όντα
384 951 566 1021 λέγειν
586 951 910 1022 δυνάμενον.

278 1095 282 1098 ,
811 1043 910 1097 iB'.
935 1044 1237 1116 ΔΙΟΔΩΡῼ.

302 1137 700 1194 Τοῦτοέκεῖνο
743 1137 772 1190 ὃ
828 1137 926 1190 καὶ
983 1137 1354 1211 προσδοκῶντί
1415 1157 1504 1210 μοι
1552 1138 1812 1210 γέγονεν·

229 1234 390 1305 (iiqu
423 1233 534 1304 γὰρ
569 1233 728 1295 εὐθὺς
755 1231 830 1294 ὡς
856 1232 1036 1286 ἐκεῖσε
1066 1232 1358 1302 γενόμενος
1383 1232 1658 1304 ἀρχόντων
1681 1234 1815 1306 ὁρᾷν

235 1327 406 1398 βῆμα,
442 1328 534 1380 καὶ
561 1327 805 1397 ρητόρων
834 1325 1013 1396 χορὸν,
1045 1327 1139 1379 καὶ
1178 1325 1513 1395 προσφύγων
1556 1326 1652 1396 οὐχ
1685 1327 1816 1380 ἐπό-

235 1415 418 1490 μενον’,
443 1417 704 1492 πληθήσῃ
736 1417 836 1490 μὲν
863 1419 1060 1472 αὐτίκα
1094 1419 1438 1490 φρονήματος
1461 1435 1473 1449 ’
1503 1419 1607 1474 κᾶν
1635 1419 1816 1474 λαλεῖν

231 1527 314 1573 τις
345 1510 531 1584 ἐθέλῃ,
588 1509 747 1582 μόνον
772 1511 870 1564 οὐκ
916 1510 1081 1583 ἀνέξῃ
1115 1511 1210 1564 τοῦ
1239 1513 1518 1582 λέγοντος⁹
1544 1513 1702 1584 ἡμῶν
1758 1513 1815 1567 δὲ

232 1602 388 1672 λόγος
417 1602 569 1657 ἔσται
601 1602 806 1676 βραχύς
827 1621 840 1636 ·
901 1606 996 1658 καὶ
1045 1605 1100 1658 τί
1131 1623 1224 1674 μοι
1261 1608 1386 1670 τοὺς
1423 1608 1481 1660 ὲν
1514 1608 1691 1678 σκότῳ
1725 1625 1817 1661 κε-

234 1696 589 1766 κρυμμένους
653 1699 895 1762 ἐκείνους
956 1698 1132 1766 λέξεις
1186 1698 1360 1770 δήπου
1425 1699 1643 1762 πάντως
1688 1701 1816 1771 περὶ

233 1787 425 1858 ἡμῶν;
455 1788 515 1841 Εἰ
543 1788 599 1842 δὲ
626 1790 802 1860 χαμαὶ
828 1787 1497 1861 ἐρχομένοιςπροσείποις.
1517 1789 1817 1844 οὐδὲτοῦτο

233 1882 618 1952 θαυμάσαιμι·
661 1884 723 1934 τὸ
775 1881 910 1937 αὐτὸ
960 1882 1054 1938 καὶ
1106 1883 1573 1954 προσεδόκωνκαὶ
1621 1885 1815 1953 γέγονε

229 1972 391 2026 τοῦτο
427 1971 538 2026 τῶν
555 1973 676 2028 καθ’
698 1974 841 2046 ὑμᾶς
875 1973 1122 2046 ρητόρων
1171 1975 1232 2028 τὸ
1265 1977 1520 2048 φρόνημα
1542 1993 1557 2009 ο
1588 1976 1658 2043 οἳ,
1691 1977 1817 2043 τοὺς

230 2063 426 2128 ἄλλους
466 2065 791 2138 πρόσφυγας
813 2066 1041 2120 καλοῦσι
1073 2069 1166 2122 καὶ
1187 2068 1256 2122 τὰ
1281 2068 1404 2122 καθ’
1429 2070 1657 2132 ἑαυτοὺς
1680 2068 1817 2123 ἀπο-

233 2160 637 2230 μιμνὴσκοντες
694 2159 1034 2230 πράγματα’
1097 2161 1191 2215 καὶ
1246 2161 1342 2215 νῦν
1393 2160 1571 2225 δοκεῖς
1629 2161 1816 2230 φίλους

229 2251 379 2322 ἡμᾶς
409 2252 682 2324 είρῆσθαι,
713 2254 774 2307 τὸ
803 2253 1071 2326 πρότερον
1103 2255 1202 2308 οὐκ
1226 2253 1352 2322 ἄξια
1375 2255 1588 2327 κρίνας,
1623 2245 1814 2328 ὥσπερ

229 2345 401 2410 εἰκὸς,
433 2345 551 2398 ἀλλ’
589 2346 670 2400 ὅτι
713 2347 1041 2419 κρειττόνων
1103 2347 1330 2420 ἀπορίᾳ,
1384 2350 1497 2412 τοῖς
1548 2349 1817 2422 παροῦσιν

229 2435 455 2509 ἐχρήσω
485 2454 498 2467 ·
529 2438 625 2492 καὶ
675 2437 975 2511 μεταμέλει
1026 2457 1109 2494 σοι
1160 2441 1361 2503 παντὸς
1393 2441 1489 2494 τοῦ
1519 2442 1734 2513 χρόνου,
1759 2440 1818 2495 δν

229 2530 367 2601 παρ’
405 2531 539 2602 ἡμῖν
567 2531 802 2597 ἀναξίως
824 2531 1095 2603 διέτριϐες
1119 2547 1134 2560 ο
1168 2535 1262 2586 καὶ
1306 2532 1401 2586 νῦν
1437 2532 1652 2587 δέδοικα
1683 2534 1818 2604 γρά-

229 2639 350 2691 φων
389 2622 464 2694 μὴ
495 2621 631 2694 πρὸς
652 2623 752 2696 τὴν
778 2625 910 2695 παρ’
942 2623 1101 2695 ἡμῶν
1135 2623 1472 2698 δυσχεράνῃς
1502 2626 1815 2698 ἐπιστολήνο

230 2713 347 2783 ἐγὼ
392 2715 450 2768 δέ
491 2731 549 2768 σε
580 2710 762 2778 καλῶς
807 2716 1070 2788 πράττειν
1131 2717 1400 2788 εὐξαίμην
1424 2734 1438 2748 ο
1469 2715 1572 2772 κᾶν
1589 2718 1684 2791 δέῃ
1712 2719 1818 2775 πά-

230 2808 317 2861 λιν
349 2808 830 2879 καταφρονεῖσθαι,
852 2809 1096 2881 λυπηρὸν
1121 2809 1243 2882 μὲν,
1261 2807 1538 2880 οἷσομενδ*
1556 2806 1650 2864 οῦν
1669 2811 1817 2882 ὅμως

229 2903 300 2974 τῇ
338 2904 404 2974 σῇ
440 2900 578 2972 τύχῃ
611 2902 1130 2974 παραμυθούμενοι.

555 2991 654 3052 11‘".
696 2997 1002 3068 ΖᾹΧΑΙἾᾼ
1040 2997 1161 3050 ΚΑΙ
1192 2992 1498 3069 ΦΙΛΙΠΠῼ.

303 3089 422 3161 Τῆς
453 3089 552 3162 μὲν
571 3090 953 3162 προλαϐούσης
987 3093 1199 3163 σιωπῆς
1225 3091 1322 3180 τὴν
1347 3091 1526 3146 αἰτίαν
1552 3093 1580 3145 ὀ
1611 3090 1817 3163 χειμὼν
1848 3128 1889 3189 C

229 3183 597 3256 ἁποφερέσθω
620 3183 690 3238 τὰ
715 3184 943 3238 εἰωθότα
982 3184 1170 3238 λυπῶν
1188 3201 1202 3215 ·
1263 3185 1361 3256 τῆς
1390 3185 1436 3239 δ’
1462 3183 1738 3251 ἐντεῦθεν,
1767 3184 1822 3238 εἴ

231 3295 317 3340 1t;
343 3277 452 3348 ἄρα
480 3279 575 3331 καὶ
599 3276 835 3346 γένοιτο,
868 3278 1025 3347 ὑμεῖς
1055 3276 1121 3332 ἂν
1159 3277 1387 3341 εἰκότως
1435 3278 1690 3349 ὑπέχοιτε
1718 3277 1817 3344 τὰς

230 3369 507 3433 εὐθύνας·
565 3366 745 3422 καίτοι
797 3381 860 3437 γε
891 3367 1076 3440 ἡλίκον
1119 3369 1231 3433 τοῖς
1275 3368 1542 3424 παθοῦσιν
1583 3369 1818 3441 πρᾶγμα

230 3459 345 3514 τῶν
369 3457 577 3513 παίδων
609 3458 808 3531 ἡσιγὴ,
839 3457 956 3522 πῶς
984 3457 1050 3513 ἄν
1106 3474 1191 3523 τις
1230 3461 1587 3532 παραστῆσαι
1607 3463 1720 3525 τοῖς
1741 3461 1817 3534 μὴ

231 3553 374 3624 πρὸς
435 3553 632 3624 πεῖραν
677 3549 925 3605 ἐλθοῦσιν
976 3551 1071 3605 τοῦ
1122 3552 1479 3622 πράγματος
1525 3552 1718 3625 ’Υμεῖς
1770 3552 1818 3607 δ’

233 3646 302 3700 ἂν
326 3645 557 3716 εἰδείητε
609 3645 830 3710 πάντως
871 3662 988 3710 πως
1038 3645 1184 3714 φίλοι
1242 3645 1582 3711 διατεθέντες
1623 3649 1818 3718 ἐρωτι-

231 3739 347 3802 κῶς
375 3755 389 3770 ⁸
421 3740 485 3792 οὐ
510 3737 618 3810 γὰρ
636 3736 700 3794 ἂν
724 3734 980 3791 τοσοῦτον
1026 3737 1384 3809 φρονήσαιμι,
1428 3737 1504 3802 ὡς
1535 3739 1628 3792 καὶ
1657 3737 1818 3805 αὐτὸς

230 3829 444 3885 οἴεσθαι
476 3831 606 3902 παρ’
639 3828 792 3902 ὑμῶν
827 3825 1191 3900 ἀντερᾶσθαι·
1232 3827 1410 3882 καίτοι
1439 3828 1704 3901 εὐξαίμην
1725 3829 1819 3884 οὖν

233 3941 330 4000 μοι
363 3921 528 3976 τοῦτο
556 3919 814 3991 γενέσθαι
837 3921 1081 3993 μᾶλλονῆ
1111 3919 1290 3992 πολλῷ
1321 3922 1498 3993 κομᾷν
1528 3921 1606 3992 τῷ
1633 3923 1820 3996 χρυσῷ

232 4016 328 4071 καὶ
357 4013 676 4087 ἡστινοσοῦν
701 4014 870 4088 τύχης
928 4016 1009 4079 είς
1057 4015 1226 4086 ἄκρον
1265 4013 1527 4085 ἀφίχθαιο
1552 4013 1675 4069 οὔτε
1710 4015 1818 4089 γὰρ

229 4110 297 4165 ἂν
324 4111 561 4174 ἕκαστος
617 4109 884 4181 ῥᾳθυμεῖν
935 4108 1036 4162 οὐκ
1064 4103 1207 4180 ἔχων
1254 4107 1344 4162 διὰ
1368 4108 1460 4162 τὸν
1483 4108 1646 4163 πόθον
1682 4109 1818 4180 ἐμοῦ

230 4206 456 4267 πάντως
511 4203 580 4258 ἂν
633 4202 1032 4276 παραμυθείτω
1085 4201 1178 4255 τὸν
1209 4200 1417 4273 ἔρωτα·
1452 4203 1500 4255 εί
1524 4201 1581 4255 δὲ
1609 4202 1821 4258 τοιοῦτο

231 4296 334 4366 μὲν
360 4293 537 4358 οὐδὲν,
556 4293 636 4348 ἐτι
655 4293 710 4348 δὲ
734 4291 1103 4364 σιωπήσεσθε,
1157 4293 1524 4364 κατηγορήσω
1557 4291 1679 4362 μὲν,
1703 4309 1818 4345 τοι-

228 4389 374 4442 αῦτα
432 4385 660 4442 παθὼνο
706 4388 882 4459 κρινεῖ
910 4385 969 4440 δέ
1014 4403 1068 4438 τι
1101 4384 1367 4457 ἐρωτικὸς
1393 4384 1678 4456 δικαστὴς,
1725 4385 1820 4438 καὶ

1916 773 2007 843 qui
2055 783 2108 829 et
2136 777 2369 844 amplius
2433 787 2642 844 essent,
2674 777 2857 834 dicere
2913 794 3019 835 non
3049 777 3389 849 potuissem.
3481 855 3488 858 _
3530 817 3542 841 ι

2467 1038 2580 1098 XII.
2643 1039 2968 1096 DIODORO.

1989 1134 2121 1189 Illud
2145 1132 2278 1188 mihi
2341 1133 2482 1203 quod
2525 1133 2876 1202 praevideram
2933 1133 3163 1190 accidit:
3215 1134 3496 1190 existima-

1919 1229 2040 1284 bam
2097 1226 2265 1292 enim,
2331 1224 2492 1280 simul
2545 1239 2609 1278 ac
2686 1225 2812 1280 illuc
2864 1225 3164 1282 deveneris
3187 1225 3499 1298 viderisque

1917 1321 2226 1390 principum
2271 1303 2522 1383 tribunal,
2580 1317 2854 1389 rhetorum
2899 1319 3122 1377 chorum
3191 1318 3497 1374 clientium-

1916 1428 2022 1485 que
2059 1430 2165 1470 non
2218 1419 2556 1482 sequentem,
2593 1421 2643 1465 te
2667 1411 2851 1466 statim
2913 1410 3165 1482 superbia
3232 1426 3354 1467 esse
3409 1423 3499 1467 reo

1920 1507 2192 1573 piendum,
2225 1514 2303 1570 et,
2337 1503 2380 1559 si
2407 1505 2530 1573 quis
2559 1503 2626 1558 ad
2655 1512 2708 1559 te
2736 1503 2881 1573 loqui
2907 1497 3156 1569 voluerit,
3189 1502 3495 1574 loquentem

1920 1609 2024 1649 non
2046 1608 2168 1650 esse
2187 1607 2477 1664 passurum
2508 1627 2524 1644 .
2557 1590 2751 1647 Sermo
2766 1602 2942 1647 autem
2976 1605 3129 1646 meus
3147 1592 3326 1648 brevis
3351 1593 3455 1663 erit
3480 1608 3496 1647 :

1920 1695 1976 1741 et
2015 1685 2142 1754 quid
2198 1684 2327 1738 mihi
2383 1683 2521 1739 dicis
2574 1683 2692 1738 illos
2738 1681 2792 1738 in
2833 1683 3073 1739 tenebris
3102 1679 3500 1739 absconditos?

1847 1771 1889 1829 Β
1919 1773 1962 1832 si
2012 1785 2190 1832 autem
2227 1775 2373 1831 humi
2406 1775 2743 1831 ambulantes
2779 1775 3018 1841 salutes,
3047 1776 3098 1832 id
3156 1787 3262 1831 non
3298 1777 3494 1832 mirer:

1921 1869 1973 1924 id
2007 1868 2147 1938 quod
2194 1867 2551 1939 prmvideram
2619 1869 2833 1933 evenit,
2882 1868 3077 1940 loquor
3116 1871 3186 1926 de
3219 1871 3497 1928 rhetorum

1919 1962 2212 2018 secundum
2258 1977 2354 2017 vos
2401 1961 2612 2018 illorum
2665 1959 2955 2032 superbia;
2997 1965 3195 2035 quippe
3245 1963 3336 2035 qui
3363 1964 3500 2021 alios

1918 2056 2144 2112 Clientes
2193 2065 2392 2110 vocant
2453 2065 2508 2111 et
2569 2057 2782 2126 negotia
2835 2067 2932 2126 per
2980 2064 3034 2112 te
3072 2057 3317 2113 absoluta
3384 2071 3499 2114 me-

1921 2159 2170 2204 morant.
2205 2149 2274 2204 Et
2333 2163 2476 2203 nunc
2521 2146 2725 2203 videris
2780 2161 2882 2204 nos
2915 2147 3120 2204 dixisse
3155 2149 3308 2220 prius
3362 2151 3501 2206 ami-

1919 2255 2035 2304 cos,
2063 2245 2206 2312 quod
2257 2251 2405 2298 recte
2443 2255 2548 2296 non
2601 2239 2954 2310 judiCaveris,
3011 2242 3165 2313 quasi
3214 2241 3498 2299 meliorum

1921 2337 2102 2405 inopia
2163 2335 2524 2407 praesentibus
2586 2351 2720 2391 usus
2776 2335 2989 2391 fueris:
3050 2336 3311 2406 praeteriti
3361 2352 3502 2408 quo-

1920 2442 2023 2499 que
2054 2431 2310 2499 temporis
2348 2439 2398 2484 te
2429 2429 2724 2501 poeniteat,
2751 2430 2894 2501 quod
2943 2429 3226 2486 nobiscum
3284 2430 3502 2502 indigne

1919 2524 2339 2594 consumpsisti;
2401 2535 2456 2578 et
2507 2538 2655 2579 nunc
2715 2523 2961 2580 scribens
3004 2538 3200 2578 vereor
3240 2539 3310 2580 ne
3373 2538 3502 2578 nos-

1921 2627 2056 2672 tram
2089 2617 2378 2687 epistolam
2424 2616 2648 2673 moleste
2697 2617 2883 2674 feras:
2913 2632 3014 2689 ego
3039 2627 3219 2673 tamen
3243 2625 3501 2688 prospera

1921 2711 2035 2773 tibi:
2067 2725 2279 2780 precor,
2309 2710 2522 2766 etiamsi
2574 2720 2850 2781 oporteret
2879 2724 2965 2764 me
3019 2711 3215 2764 iterum
3265 2711 3500 2781 despici,

1919 2805 2063 2876 quod
2117 2820 2363 2860 amarum
2419 2814 2584 2871 esset,
2645 2816 2749 2859 tua:
2805 2813 2985 2859 autem
3035 2804 3262 2861 fortunae
3321 2805 3498 2878 gratia

1920 2895 2131 2953 ferreus
2157 2939 2172 2954 .

2203 2989 2337 3048 XIII.
2363 2987 2734 3047 ZACHARl/E
2764 2989 2850 3045 ET
2884 2987 3219 3048 PIIILIPPO.

1995 3085 2262 3141 Prmteriti
2328 3085 2528 3141 silentii
2585 3085 2792 3140 crimen
2851 3085 2992 3139 lerat
3067 3085 3284 3150 hiems,
3351 3099 3503 3143 more

1924 3179 2068 3236 soliti
2090 3179 2459 3245 contristans;
2493 3178 2700 3234 silentii
2769 3187 2950 3234 autem
2989 3177 3131 3234 illius
3158 3180 3305 3249 quod
3360 3194 3502 3235 nunc

1920 3272 2099 3334 foret,
2135 3287 2232 3328 vos
2263 3273 2528 3328 rationem
2585 3272 2908 3328 redderetis.
2976 3269 3258 3339 Quantum
3317 3279 3500 3328 autem

1921 3367 2121 3422 malum
2177 3367 2245 3422 sit
2290 3365 2582 3422 liberorum
2626 3365 2929 3432 silentium,
2983 3365 3107 3436 quis
3143 3364 3210 3420 iis
3253 3367 3504 3422 ostendet

1918 3466 2008 3535 qui
2074 3463 2321 3536 nondum
2396 3473 2520 3518 sunt
2573 3461 2822 3532 experti?
2863 3457 2977 3515 Vos
3024 3473 3252 3530 prorsus
3310 3458 3500 3514 scietis

1919 3573 2040 3613 cum
2107 3558 2316 3614 ardenti
2393 3571 2578 3612 amore
2627 3555 2745 3625 capi
2786 3553 2949 3608 emiui
2980 3593 2995 3608 .
3042 3551 3158 3607 Non
3235 3566 3337 3623 ego
3379 3552 3504 3621 qui-

1919 3651 2039 3705 dem
2101 3650 2182 3704 sic
2237 3649 2492 3719 superbia
2545 3655 2602 3702 ut
2658 3662 2688 3701 a
2722 3647 2870 3702 vobis
2928 3644 3196 3699 redamari
3273 3651 3500 3713 putem,

1920 3743 2061 3815 quod
2120 3752 2298 3798 tamen
2329 3742 2461 3797 mihi
2490 3741 2658 3812 magis
2697 3751 3010 3810 exoptarem
3068 3752 3232 3807 quam
3272 3736 3504 3807 plurimo

1921 3852 2057 3891 auro
2103 3835 2380 3891 abundare
2405 3845 2460 3889 et
2512 3833 2580 3889 ad
2622 3847 2895 3890 summum
2953 3830 3176 3886 honoris
3227 3829 3500 3901 iaStigium

1922 3926 2216 3994 devenire;
2259 3925 2350 3995 qui
2411 3925 2556 3980 enim
2609 3924 2891 3994 quiescere
2946 3937 3052 3976 non
3117 3921 3345 3978 haberet
3405 3935 3505 3991 per

1921 4020 2249 4076 desiderium
2301 4033 2476 4072 meum
2515 4032 2619 4071 non
2671 4024 2851 4086 posset
2903 4014 3175 4070 consolari
3229 4029 3497 4071 amorem.

1921 4111 1979 4168 Si
2020 4109 2152 4165 nihil
2204 4107 2510 4179 huiusmodi
2550 4109 2609 4162 lit
2647 4117 2703 4160 et
2753 4108 2931 4164 adhuc
2989 4107 3244 4176 silebilis,
3279 4120 3501 4176 arguam

1923 4202 2047 4257 talia
2081 4201 2322 4273 patiens;
2371 4199 2636 4270 iudicabit
2695 4209 2874 4253 autem
2903 4213 3096 4253 amans
3121 4209 3176 4253 et
3205 4197 3505 4253 declarabit

1921 4297 2049 4366 quid
2082 4297 2154 4350 sit
2187 4295 2340 4348 vobis
2382 4293 2696 4363 patiendum
2747 4301 2804 4346 et
2863 4290 3333 4346 exsolvendum...
3393 4287 3506 4343 feli-

1922 4391 2059 4442 citer
2089 4387 2303 4457 quidem
2341 4386 2537 4457 pati
2573 4399 2640 4439 ne
2683 4399 2769 4438 me
2808 4399 2999 4438 rursus
3037 4399 3261 4439 amor...
3290 4381 3505 4453 judica-

226 4481 518 4552 ψηφιεῖται
538 4480 567 4533 ὃ
591 4497 644 4533 τι
665 4481 770 4551 χρὴ
799 4479 992 4532 παθεῖν
1023 4477 1168 4548 ὑμᾶς
1182 4476 1605 4531 καὶάποτίσαι...
1633 4475 1691 4529 εὖ
1721 4477 1818 4547 μὲν

1928 4478 2008 4535 bit
2066 4487 2242 4531 autem
2306 4490 2401 4530 vos
2460 4484 2536 4529 tot
2567 4474 2874 4528 redditurus
2917 4473 3175 4543 epistolas
3224 4487 3388 4543 quam
3446 4480 3506 4526 ut

231 4575 430 4630 παθεῖν
460 4575 636 4629 ἀπο...
667 4591 756 4629 ται
789 4575 876 4627 ἴνα
926 4571 1002 4643 μὴ
1025 4571 1114 4625 τὸν
1139 4569 1350 4644 ἐρῶντά
1384 4587 1453 4642 με
1484 4570 1718 4625 πάλιν...
1742 4571 1816 4642 (ιι)

1930 4569 2185 4638 prmterili
2248 4567 2505 4635 temporis
2563 4565 2838 4620 silentium
2885 4564 3268 4620 consolaniini.

227 4671 520 4742 ψηφιεῖται
567 4669 623 4722 δὲ
653 4737 658 4742 _
686 4669 829 4740 ὑμᾶς
871 4665 1126 4721 ἀποτῖσαι
1184 4664 1440 4730 τοιαύτας
1491 4663 1815 4731 ἐπιστολὰς,
1853 4662 1994 4717 ὥστε
2038 4661 2118 4732 τῷ
2187 4659 2382 4731 πλήθει
2418 4659 2514 4713 τοῦ
2546 4657 2912 4728 προλαϐόντος
2979 4657 3176 4729 χρόνου
3239 4671 3504 4728 παραμυ,

231 4766 446 4821 θεῖσθαι
484 4765 586 4835 τὴν
626 4764 859 4834 σιωπήν.

666 4857 764 4910 ιΔν.
799 4855 1076 4910 mmor]
1108 4853 1392 4923 ΛΔΕΛΦῼ.

301 4949 659 5022 Δέδεγμαιτδ
695 4948 902 5020 βιϐλίον
924 4948 986 5002 τὸ
1039 4948 1147 5019 πρὸ
1200 4947 1298 5018 τῆς
1326 4944 1521 5016 πείρας
1545 4942 1816 5014 ποθούμε-

229 5065 321 5102 νον
344 5063 361 5077 ·
394 5045 519 5117 ἥκει
556 5043 666 5116 γὰρ
698 5046 765 5115 τῇ
794 5043 893 5113 μὲν
943 5039 1202 5111 ἐπιστολῇ
1253 5034 1568 5107 θαυμαστὸν
1609 5033 1816 5105 ἡλίκον,

227 5141 309 5212 τῷ
341 5139 402 5192 δὲ
427 5137 716 5210 πράγματι
751 5135 901 5201 ξένον
940 5135 1103 5206 φέρον
1132 5132 1306 5196 οὐδὲν,
1335 5130 1450 5184 ἀλλ’
1493 5127 1522 5182 ὅ
1566 5127 1662 5182 καὶ
1687 5127 1818 5180 πολ-

229 5231 344 5285 λοῖς
370 5231 470 5283 καὶ
499 5227 768 5291 ποικίλοις
793 5225 1159 5280 ἐσπούδασται
1181 5240 1195 5253 ο
1229 5222 1324 5276 σοῦ
1368 5221 1425 5274 δέ
1461 5219 1622 5292 χάριν
1663 5219 1759 5272 καὶ
1792 5216 1821 5269 ὃ

227 5323 289 5375 τὸ
320 5323 533 5392 βέλτιον
555 5321 734 5373 εἰπεῖν
787 5316 1097 5390 σεσιγήσθω
1117 5333 1131 5347 ’
1179 5315 1296 5368 ἀλλ’
1329 5313 1424 5368 οῦν
1466 5311 1708 5365 κείσεταί
1737 5328 1819 5364 σοι

226 5418 392 5486 χάρις
433 5417 515 5478 εἰς
554 5414 696 5485 ἐμὴν
740 5415 966 5485 μνήμην
1004 5411 1355 5482 ἀνάγραπτος
1379 5423 1391 5436 ·
1431 5408 1574 5478 πλὴν
1602 5405 1700 5476 οὐχ
1733 5399 1820 5457 οἷα

226 5508 386 5582 παρὰ
415 5507 492 5579 τῷ
507 5509 794 5578 Παυσανίᾳ
808 5506 885 5578 τῷ
919 5506 994 5578 μὴ
1019 5505 1180 5576 μέχρι
1208 5501 1407 5565 παντὸς
1435 5500 1822 5571 σωφρονοῦντι.

2303 4839 2441 4896 XIV.
2495 4837 2770 4896 VICTORI
2818 4837 3112 4894 FRATRI.

1997 4937 2257 4993 Volnmen
2297 4943 2422 4990 ante
2473 4935 2865 5004 experientiam
2914 4931 3027 5002 jam
3073 4941 3386 5004 exoptatum
3415 4943 3504 4988 re-

1928 5035 2067 5102 cepi.
2115 5031 2360 5086 Mirabile
2412 5028 2555 5084 enim
2601 5037 2864 5098 quantum
2901 5040 2967 5082 ex
2998 5035 3087 5081 tua
3125 5026 3358 5097 epistola
3409 5041 3506 5082 ve-

1930 5125 2041 5189 nit,
2097 5122 2226 5176 nihil
2299 5131 2476 5174 lamen
2546 5118 2705 5172 alieni
2775 5117 2949 5186 reipsa
3011 5116 3351 5187 adjunctum,
3411 5116 3506 5170 sed

1928 5217 2070 5286 quod
2118 5213 2298 5268 inultis
2336 5220 2390 5266 et
2448 5210 2677 5269 diversis
2708 5217 3015 5278 exoptatur;
3049 5207 3126 5262 tui
3157 5216 3336 5262 autem
3383 5219 3508 5277 grn-

1929 5311 2000 5364 tia
2034 5315 2276 5361 taceatur
2327 5315 2382 5359 et
2435 5307 2590 5374 'quod
2655 5303 2836 5357 dicere
2867 5301 3100 5356 melius.
3175 5297 3290 5354 Tua
3331 5297 3507 5370 gratia

1929 5403 1981 5455 iu
2012 5418 2127 5456 mea
2154 5397 2414 5454 memoria
2438 5398 2642 5466 absque
2669 5395 2862 5449 litteris
2888 5391 3232 5465 perdurabit;
3261 5405 3417 5446 secus
3444 5399 3509 5445 ac

1929 5497 2071 5564 quod
2103 5495 2169 5548 de
2202 5491 2468 5546 Pausania
2499 5491 2588 5559 qui
2629 5492 2680 5544 in
2716 5490 2876 5542 linem
2939 5486 3158 5556 sapiens
3216 5501 3320 5540 non
3384 5483 3506 5538 fuit:
3562 5484 3565 5485 ⁷

238 5577 572 5676 Ὀνμὲνῇἁρ
592 5602 711 5656 οὐδὲ
768 5577 1046 5664 Πλαταιὰς
1093 5597 1384 5664 αἰδεσθεὶς,
1425 5595 1547 5649 οὐδὲ
1589 5595 1818 5667 τρόπαια

1937 5603 2112 5660 neque
2141 5587 2283 5644 cnim
2315 5583 2545 5639 Plataeas
2575 5581 2846 5640 reveritus
2873 5594 3052 5650 neque
3081 5577 3366 5651 splendido
3397 5585 3507 5634 tro-

1744 5684 1976 5747 NOTIE.

301 5796 384 5870 (i)
406 5795 462 5852 in
485 5793 573 5852 his
606 5791 815 5848 lacunis
831 5802 1096 5861 perpauca
1135 5787 1299 5842 verba
1337 5783 1440 5857 legi
1470 5790 1764 5855 nequeunt.

532 5888 811 5951 ΡΔτῐιοῑ..
842 5885 955 5946 GR.
1008 5878 1378 5943 LXXXVII.

2998 5855 3076 5918 86
