4046 6386
552 262 696 333 2¹ἶ31

1879 259 2238 322 PROCOPII
2275 260 2522 322 GAZIEI

3675 258 3811 324 2732
3863 237 3872 248 ’

551 381 725 452 pineo,
771 377 1016 434 Barbaro
1078 377 1356 434 tradidita
1388 391 1450 433 se
1502 376 1766 433 salvatam
1825 376 2125 444 Grzeciam,

2237 379 2391 450 φίλαι
2453 378 2738 452 προεδίδου
2790 378 3063 450 Βαρὸἀω)
3107 379 3205 449 τὴν
3247 380 3314 434 δι’
3350 379 3516 435 αὑτοῦ
3545 379 3811 436 σωθεῖσαν

550 474 706 545 quasi
744 487 848 527 non
905 478 1183 540 pateretur
1207 472 1262 526 in
1330 468 1492 525 ﬁnem
1579 484 1640 526 se
1683 469 1892 526 felicem
1958 487 2124 528 esse.

552 564 632 619 'l‘u
661 579 790 619 vero
814 563 1028 635 propria
1048 578 1377 630 memorans,
1396 577 1503 617 non
1531 572 1614 617 est
1636 564 1777 632 quod
1802 578 1908 618 non
1937 565 2128 633 facias;

2247 473 2496 540 Ἐλλάδα,
2527 473 2720 544 ὥσπερ
2757 472 2860 526 οὐκ
2881 473 3092 544 ἀνέχων
3117 474 3197 536 εἰς
3225 474 3376 537 τέλος
3410 474 3647 544 εὐτυχὴς
3695 477 3812 527 ὲπιο

2235 569 2419 638 μεῖναι
2440 583 2453 597 ·
2490 566 2555 619 σὺ
2577 566 2634 618 δὲ
2665 566 2734 618 τὰ
2765 567 2942 619 οἰκεῖα
2972 565 3296 636 πειριέπων,
3318 566 3440 620 οὐδὲ
3465 568 3494 620 ὃ
3516 585 3571 619 τι
3589 567 3666 636 μὴ
3690 567 3806 636 δραι

556 658 856 714 rcmanehit
887 669 974 710 tua
1026 659 1222 724 gratia,
1255 671 1359 710 non
1408 655 1625 726 quidem
1669 656 1867 725 prima,
1901 657 1994 711 sed
2036 671 2125 726 per

2235 675 2370 721 σεις.
2396 659 2658 712 Κείσεταί
2693 675 2775 712 σοι
2804 659 2985 712 τοίνυν
3008 661 3041 729 η
3065 658 3224 730 χάρις
3246 659 3306 712 οὐ
3343 658 3559 730 πρώτη,
3601 659 3679 730 μὰ
3696 661 3810 721 Δία,

551 743 766 808 Jovem,
795 745 904 814 pati
953 745 1150 798 multas
1185 747 1392 814 priores
1413 784 1428 809 ,
1480 754 1534 798 et
1563 746 1768 812 altera;
1813 761 1919 800 una
1949 757 2128 801 autem

555 837 727 906 gratia
782 837 940 890 abiis
985 837 1073 904 qui
1108 835 1370 891 beneficia
1412 824 1756 906 acceperint,
1788 837 1945 893 bonis
1994 837 2130 893 satis

551 929 656 984 erit
682 971 698 996 ,
740 931 792 983 id
832 939 1008 984 autem
1060 937 1162 994 est,
1225 931 1538 986 meminisse
1562 946 1622 986 se
1649 931 1908 987 beneﬁcia
1970 947 2127 987 acce-

555 1023 722 1092 pisse.
779 1021 907 1075 Mihi
972 1038 1105 1077 vero
1159 1023 1438 1092 conlingat
1480 1038 1586 1078 non
1646 1039 1831 1078 eorum
1885 1024 2129 1080 oblivisci

551 1117 749 1186 quibus
820 1116 1066 1168 voluntas
1100 1125 1184 1169 est
1222 1116 1353 1170 mihi
1404 1115 1819 1190 benefaciendi,
1855 1117 1986 1172 licet
2021 1131 2130 1172 non

552 1209 620 1264 ad
651 1223 764 1262 rem
795 1207 1068 1262 deveniat.

1091 1297 1205 1351 XV.
1240 1295 1560 1354 DIODORO.

621 1391 815 1445 Adhuc
838 1389 1018 1443 taces?
1048 1389 1222 1442 adhuc
1253 1403 1350 1442 nos
1365 1387 1704 1455 aspernaris?
1721 1386 1798 1442 Te
1826 1388 2134 1445 arbitrabar

556 1485 607 1555 in
639 1483 974 1538 saturitatem
1014 1482 1224 1535 venisse
1255 1483 1554 1549 superbiae,
1593 1481 1679 1534 cui
1711 1496 1959 1550 magnum
1987 1483 2131 1537 vide-

553 1585 641 1629 tur
667 1573 860 1639 silere;
918 1589 1015 1627 nos
1067 1583 1247 1627 autem
1281 1587 1339 1626 re
1374 1571 1714 1626 ambitiosius
1753 1581 1989 1636 utemur,
2024 1586 2131 1641 quo

552 1664 898 1734 supercilium
947 1673 1167 1732 propter
1199 1662 1470 1718 silentium
1520 1663 1723 1715 elatum
1759 1661 2129 1716 demittamus.

2233 747 2371 817 πρὸς
2394 746 2614 812 πολλαῖς
2637 747 2693 802 δὲ
2721 748 2968 820 πρώταις
2996 749 3188 818 ἐτέραο
3241 747 3341 818 μία
3382 748 3440 801 δὲ
3472 748 3636 820 χάρις
3663 750 3816 820 παρὰ

2232 839 2340 894 τῶν
2371 835 2432 892 εὖ
2463 838 2745 894 παθόντων
2793 840 3024 912 ἀρκέσει
3066 842 3180 903 τοῖς
3216 839 3463 907 ἀγαθοῖς,
3505 840 3814 912 μεμνῆσθαι

2237 929 2395 1002 μόνον
2421 930 2506 984 ὅτι
2535 931 2869 985 πεπόνθασιν
2889 949 2902 964 ·
2938 933 3064 1003 ἐμοὶ
3111 932 3168 986 δὲ
3201 931 3416 1001 γένοιτο
3443 933 3505 986 τὸ
3537 933 3674 1003 μηδὲ
3705 932 3813 985 τῶν

2235 1025 2399 1096 μέχρι
2426 1023 2621 1101 βουλῆς
2643 1025 2884 1079 εὑποιεῖν
2915 1025 3211 1080 ἐθελόντων
3241 1027 3610 1097 ἀμνημονεῖν·
3639 1027 3688 1078 εἰ
3718 1027 3813 1079 καὶ

2238 1115 2316 1186 μὴ
2341 1115 2515 1186 πέρας
2537 1115 2699 1189 ,ἔσται
2729 1119 2842 1182 τοῖς
2872 1115 3140 1184 δόξουσιν.

2794 1295 2897 1352 ιε’.
2944 1298 3244 1369 musam.

2306 1390 2425 1443 Ἔτι
2451 1392 2639 1460 σιγᾷς;
2664 1390 2746 1443 ἔτι
2780 1392 3129 1460 περιφρονείς
3165 1392 3232 1443 τὰ
3259 1389 3536 1461 ἡμέτερας
3571 1389 3680 1441 Καὶ
3707 1389 3812 1459 μὴν

2233 1481 2391 1553 ᾤμην
2417 1501 2474 1536 σε
2501 1482 2637 1553 πρὸς
2674 1482 2836 1553 κόρον
2890 1481 3118 1552 ἁφίχθαι
3172 1473 3558 1552 φρονήματος⁹
3615 1482 3812 1546 σεμνὸν

2236 1575 2336 1644 μὲν
2358 1573 2658 1644 ἡγούμενον
2685 1574 2745 1627 τὸ
2769 1575 2947 1644 σιγᾷν,
2992 1576 3023 1644 η
3033 1575 3148 1642 μῶν
3165 1574 3220 1626 δὲ
3243 1573 3655 1644 φιλοτιμότερον
3677 1589 3814 1642 χρη-

2236 1667 2480 1741 σομένων
2529 1666 2609 1735 τῷ
2669 1665 2976 1736 πράγματι,
3032 1665 3122 1726 ἵνα
3148 1665 3244 1719 καὶ
3285 1665 3597 1736 νικήσωμεν
3643 1664 3815 1734 ὀφρῦν

551 1757 608 1813 ld
629 1758 774 1813 enim
799 1757 1036 1812 solitum.
1063 1755 1260 1810 Statim
1286 1763 1342 1808 ut
1364 1753 1632 1809 Cresarem
1661 1754 1987 1820 videris_alte
2011 1768 2125 1824 pro«

2234 1759 2320 1814 διὰ
2349 1761 2509 1830 σιγὴν
2546 1759 2868 1831 ἐπηρμένην
2887 1776 2900 1791 ·
2926 1760 3077 1813 τουτὶ
3099 1759 3208 1831 γὰρ
3235 1760 3414 1813 έκεῖνο
3453 1759 3514 1812 τὸ
3559 1757 3812 1826 σύνηθες.

550 1850 797 1922 grederis
818 1859 872 1904 et
895 1848 1038 1919 quod
1075 1849 1128 1902 in
1157 1846 1394 1902 sublime
1431 1846 1613 1901 Persei
1640 1847 1748 1900 alis
1772 1861 1876 1900 non
1904 1846 2124 1912 levaris,

553 1940 829 2015 irasceris;
852 1948 1038 1994 nostra
1071 1947 1250 1992 autem
1279 1938 1644 1992 consideranti
1671 1952 1896 2008 parvum
1929 1937 2130 2006 quidet

550 2033 708 2103 quasi
747 2031 879 2086 nihil
919 2030 1194 2086 videntur.
1225 2030 1413 2100 Itaque
1436 2028 1604 2098 legem
1631 2029 1907 2098 antiquam
1926 2037 1979 2085 et
2006 2029 2128 2085 ubi-

551 2137 658 2192 que
681 2129 954 2190 potentem
980 2135 1038 2174 es
1065 2128 1443 2190 trangressus:
1479 2127 1692 2188 Oportet
1720 2121 1886 2182 enim,
1911 2120 2126 2189 quando

549 2215 690 2284 quis,
717 2213 904 2267 solitos
941 2212 1275 2282 relinquens,
1311 2211 1378 2266 ad
1410 2210 1544 2265 alios
1574 2211 1930 2279 transcurrit,
1975 2211 2125 2266 illum

551 2305 725 2377 primo
760 2303 958 2360 litteris
991 2303 1299 2358 describere
1344 2303 1615 2372 quomodo
1655 2317 1809 2358 mare
1836 2312 1990 2358 actus
2035 2305 2125 2370 sit,

550 2409 669 2464 qua:
692 2404 835 2449 terra
857 2409 976 2449 eum
1001 2392 1583 2462 transmiserit,hntrum
1616 2393 1752 2449 bene
1779 2396 2126 2461 successerit,

550 2496 737 2541 utrum
761 2485 1133 2540 benevolentia
1158 2483 1319 2539 fuerit
1347 2495 1637 2555 acceptus:
1663 2500 1893 2554 quorum
1918 2486 2052 2541 nihil
2070 2496 2126 2542 tu

550 2577 738 2632 dixisti
792 2591 891 2632 nec
925 2577 1258 2631 narrandum
1302 2576 1654 2640 habebamus,
1689 2577 1785 2632 sed
1817 2593 1901 2631 me
1921 2577 2126 2647 judice,

549 2667 788 2738 piscibus
819 2668 987 2735 tttagis
1024 2667 1168 2722 fuisti
1193 2677 1393 2732 mutus,
1424 2682 1489 2721 ne
1519 2680 1702 2722 autem
1729 2666 1954 2723 silentio
1983 2669 2126 2722 ami-

549 2758 675 2813 citia
699 2757 956 2828 paulatim
983 2758 1035 2811 in
1065 2757 1388 2812 oblivionem
1414 2757 1648 2823 decidat,
1673 2772 1788 2813 rem
1820 2773 2022 2812 renovo
2073 2766 2127 2813 et

551 2849 650 2906 tibi
696 2849 766 2905 flo
806 2850 1057 2917 amicior;
1097 2859 1150 2905 tu
1201 2865 1354 2915 vero,
1392 2859 1452 2906 ut
1479 2851 1716 2917 solebas,
1748 2851 1798 2904 in
1828 2849 2125 2904 amicitiam

548 2931 694 3013 apud
721 2956 842 3008 nos,
892 2951 980 2996 tua
1011 2942 1183 3012 gratia
1241 2942 1384 3012 digni
1414 2982 1429 3008 ,
1464 2940 1683 3010 jocarc.
1735 2941 1888 3008 Quod
1919 2941 1963 2996 si
1997 2941 2126 3010 quid

548 3031 749 3086 accidit
789 3030 1036 3098 molesti,
1094 3030 1269 3085 ventis
1309 3031 1655 3100 permittatur
1679 3040 1734 3085 et
1763 3032 2124 3086 humanarum

2232 1851 2384 1922 Ἀμα
2415 1853 2511 1905 καὶ
2540 1853 2639 1922 τὴν
2664 1850 2943 1922 Καίσαρος
2977 1847 3139 1916 εἶδες,
3193 1850 3289 1904 καὶ
3317 1851 3524 1920 βαίνεις
3561 1849 3698 1920 ὑψοῦ
3723 1849 3817 1902 καὶ

2229 1943 2580 2012 ἀγανακτεῖς,
2607 1944 2691 1997 ὅτι
2721 1942 2796 2014 μὴ
2822 1944 3082 2014 Περσέως
3095 1945 3315 2013 πτεροῖς
3345 1943 3477 2014 αἴρῃ
3505 1943 3780 2013 μετέωρος
3800 1957 3814 1970 ·

2231 2036 2300 2090 τὰ
2321 2035 2380 2089 δὲ
2413 2035 2662 2107 ἡμέτερά
2684 2053 2775 2089 σοι
2807 2033 3164 2106 λογιζομένῳ,
3219 2035 3394 2106 μικρά
3428 2053 3486 2088 τε
3529 2034 3611 2088 ἔτι
3641 2034 3818 2087 δοκεῖν

2228 2127 2323 2182 καὶ
2357 2126 2543 2180 οὐδέν’
2591 2127 2714 2180 ὅθεν
2756 2143 2838 2181 σοι
2895 2128 3060 2196 νόμος
3114 2125 3344 2189 παλαιὸς
3397 2126 3494 2179 καὶ
3537 2123 3815 2194 πανταχοῦ

2229 2217 2451 2291 κρατῶν
2485 2219 2870 2291 παρεδαίνετο.
2894 2219 3018 2290 Χρὴ
3043 2218 3152 2288 γὰρ
3169 2217 3390 2272 ἐπειδάν
3407 2235 3492 2282 τις
3523 2216 3651 2280 τοὺς
3686 2233 3812 2270 συν-

2228 2310 2382 2382 ήθεις
2406 2309 2726 2365 καταλιπὼν
2759 2311 2850 2365 ἐπ’
2879 2309 3201 2372 ἀλλοδαποῖς
3240 2307 3410 2362 ἰθύνοι
3461 2307 3556 2362 τὸν
3589 2308 3812 2378 δρόμον,

2229 2404 2392 2458 αὐτὸν
2419 2400 2558 2458 εἶναι
2580 2405 2797 2476 πρῶτον
2833 2403 2924 2457 τὸν
2964 2401 3372 2466 ἐπιστέλλοντα,
3418 2401 3601 2454 ὁποῖον
3651 2400 3816 2454 αὐτὸν

2227 2491 2413 2568 ἦγενή
2437 2495 2696 2562 θάλαττα,
2733 2495 2936 2566 δπωςή
2963 2494 3033 2565 γῆ
3063 2494 3226 2548 τοῦτο
3257 2491 3644 2565 ὁδοιποροῦντα
3675 2508 3816 2563 παρα

2229 2589 2496 2657 έπεμπεν,
2527 2591 2574 2641 εἰ
2600 2587 2848 2658 χρηστῆς
2896 2586 3149 2658 ἀπήλαυε
3210 2586 3401 2658 τύχης,
3437 2589 3485 2640 εἰ
3530 2587 3621 2638 τὸν
3649 2587 3818 2639 αὐτὶ-θ

2230 2679 2476 2750 εὐμενῶς
2532 2679 2825 2751 ὑπεδέχετο
2845 2694 2858 2709 ο
2891 2677 3096 2732 τούτων
3146 2679 3245 2750 μὲν
3276 2678 3440 2743 αὐτὸς
3468 2678 3606 2749 ἔφης
3633 2679 3817 2741 οὐδὲν,

2230 2771 2345 2826 οὐθ’
2368 2774 2530 2844 ἡμεῖς
2557 2771 2759 2843 ἔχομεν
2794 2770 3190 2843 διηγήσασθαι·
3212 2770 3349 2825 ἀλλά
3388 2770 3589 2841 τούμὸν
3622 2771 3816 2840 μέρος,

2231 2863 2412 2916 αὐτῶν
2446 2860 2646 2932 ἰχθύων
2672 2860 2903 2929 γέγονας
2955 2861 3296 2931 ἀφωνότερος
3319 2877 3333 2890 ⁸
3382 2859 3499 2914 ἀλλ’
3529 2861 3616 2913 ῖνα
3643 2860 3720 2932 μὴ
3749 2859 3820 2914 τὰ

2231 2951 2334 3022 τῆς
2367 2950 2550 3019 φιλίας
2578 2953 2644 3021 τῇ
2679 2952 2805 3021 σιγῇ
2833 2949 2969 3020 πρὸς
2999 2949 3168 3020 λήθην
3205 2949 3425 3004 ἐλθόντα
3447 2950 3587 3004 κατά
3617 2950 3819 3020 μικρὸν

2232 3043 2500 3116 ὐπορῤέῃ,
2539 3043 2869 3114 ἀνανεοῦμαι
2903 3042 3065 3096 πάλιν
3105 3043 3164 3096 τὸ
3199 3045 3428 3114 πρᾶγμα
3460 3043 3554 3096 καὶ
3589 3042 3819 3112 γίνομαί

550 3135 733 3177 rerum
772 3121 1002 3176 fortunae
1030 3137 1150 3192 quae
1195 3098 1377 3176 nostra
1411 3122 1574 3192 inque
1599 3123 1776 3193 deque
1806 3127 2125 3192 perturbare

2234 3153 2315 3188 σοι
2342 3098 2916 3207 ⁸ιεριλίιινθρωπότεροςο
2963 3134 3058 3187 καὶ
3119 3135 3183 3187 σὺ
3413 3098 3615 3203 φιλίαν.
3650 3098 3817 3196 παῖζε

549 3215 848 3271 delectatur
892 3223 945 3271 et
990 3215 1174 3284 rapida
1208 3214 1538 3270 volutatione
1569 3217 1718 3284 agit,
1749 3216 1884 3270 nihil
1945 3217 2129 3274 volens

549 3308 748 3364 stabile
791 3318 885 3363 aut
917 3308 1192 3364 immobile
1221 3309 1434 3365 videre.
1479 3307 1676 3363 Malum
1708 3311 1956 3379 equidem
2005 3326 2129 3366 cen-

548 3411 644 3454 seo
668 3413 789 3454 esse
815 3398 1077 3465 dolorem,
1121 3398 1291 3454 multo
1317 3412 1497 3454 autem
1538 3400 1688 3470 pejus
1725 3401 1792 3454 iis
1821 3401 1916 3470 qui
1961 3415 2123 3471 spec-

550 3491 730 3548 taculo
804 3493 1124 3548 adfuerunt.
1201 3491 1404 3558 Puella,

548 3583 802 3638 omnibus
828 3595 976 3645 nota,
1011 3599 1108 3653 pro
1155 3583 1394 3640 thalamo
1417 3585 1482 3640 ad
1515 3585 1823 3656 sepulcrum
1885 3586 2124 3653 ducitur;

550 3676 734 3743 sponsi
765 3676 953 3730 inanes
981 3691 1126 3743 spes;
1156 3677 1336 3746 pactio
1366 3677 1781 3732 matrimonialis
1826 3677 2121 3746 discerpta.

549 3764 828 3833 Miserum,
872 3778 931 3822 ut
978 3769 1234 3835 arbitror,
1269 3778 1324 3824 et
1363 3771 1504 3838 quod
1534 3769 1649 3824 ﬁeri
1695 3787 1800 3824 non
1833 3770 2123 3825 debuerit:

555 3875 663 3914 non
693 3870 874 3914 autem
901 3861 957 3915 in
987 3878 1084 3917 nos
1110 3863 1340 3932 primum
1369 3865 1546 3919 saeviit
1577 3863 1815 3933 fortuna,
1835 3865 1928 3920 sed
1957 3864 2126 3934 pluri-

549 3963 671 4004 mas
696 3950 804 4020 jam
867 3951 1002 4006 alias
1057 3954 1247 4023 patria:
1293 3957 1511 4025 eripuit,
1543 3955 1837 4010 thalamum
1879 3957 1931 4011 in
1964 3955 2126 4012 funus

550 4052 898 4098 convertens.
933 4044 1074 4111 Quot
1141 4046 1406 4113 homines,
1463 4061 1561 4117 spe
1596 4049 1721 4103 elati
1747 4062 1844 4120 per
1883 4064 2002 4104 eam
2044 4049 2126 4104 [ατ

547 4134 672 4209 bula
727 4133 856 4191 facti
896 4138 1059 4191 sunt!
1115 4135 1220 4193 Sed
1259 4153 1359 4194 nec
1401 4141 1670 4195 sententia
1722 4141 1922 4208 vincit;
1964 4141 2126 4196 simul

547 4241 615 4282 ac
668 4228 810 4292 vult,
861 4228 952 4294 fit;
998 4230 1156 4284 cedat
1205 4230 1546 4302 philosophia
1591 4241 1648 4287 et
1696 4231 2125 4299 voluntas;ali-

548 4315 683 4386 quid
727 4318 798 4372 sit
838 4319 1069 4388 amplius
1116 4320 1180 4375 iis
1217 4319 1309 4390 qui
1359 4320 1764 4376 incumbunt...
1803 4321 1947 4377 scire
1979 4321 2124 4377 ferre

2232 3228 2366 3300 πρὸς
2395 3229 2542 3300 ἡμᾶς
2570 3227 2641 3282 τά
2663 3228 2869 3300 συνήθη
2917 3228 3012 3281 καὶ
3063 3226 3164 3296 τῆς
3201 3225 3299 3297 σῆς
3328 3227 3551 3298 χάριτος
3581 3225 3730 3291 ἄξια.
3755 3227 3817 3279 Εἰ

2230 3319 2288 3374 δέ
2315 3337 2368 3374 τι
2390 3319 2582 3388 γέγονε
2626 3319 2740 3373 τῶν
2795 3319 3091 3385 ἀνιῶντων,
3141 3317 3340 3389 αὔραις
3377 3318 3537 3372 τοῦτο
3561 3318 3814 3381 διδόσθω,

2231 3414 2327 3466 καί
2349 3416 2416 3484 τῇ
2449 3412 2594 3484 τύχῃ
2623 3411 2733 3466 τῶν
2769 3411 3124 3484 ἀνθρωπίνων
3163 3411 3528 3483 πραγμάτων,
3575 3413 3703 3482 ἥτις
3732 3413 3817 3464 ὲνο

1500 3493 1739 3548 nondum
1811 3493 2125 3564 propinquis

2229 3504 2492 3576 τρυφῶσα
2519 3505 2634 3568 τοῖς
2657 3503 2947 3575 ἡμετέροις
2994 3504 3105 3558 ἄνω
3138 3503 3237 3557 καὶ
3258 3503 3408 3556 κάτω
3461 3502 3690 3572 μεταθεῖ
3721 3505 3814 3556 καὶ

2231 3595 2460 3668 βραχείᾳ
2520 3599 2662 3667 ῥοπῇ
2718 3595 3137 3667 μεταϐάλλεται,
3188 3596 3352 3668 μηδὲν
3391 3596 3654 3649 ἐθέλουσα
3690 3595 3808 3665 βλέ-

2229 3705 2351 3742 πειν
2386 3688 2620 3760 ἑστηκὸς
2649 3689 2746 3743 καὶ
2791 3689 3077 3761 ἀκίνητον·
3120 3690 3214 3743 καὶ
3241 3689 3414 3743 δεινὸν
3441 3689 3540 3759 μὲν
3563 3685 3720 3759 οἶμαι
3752 3689 3814 3742 τὸ

2227 3779 2420 3846 πάθος,
2443 3779 2745 3849 δεινότερον
2777 3781 2835 3835 δὲ
2863 3783 2978 3845 τοῖς
3005 3781 3172 3834 εἰδόσι
3199 3781 3259 3834 τὸ
3297 3781 3505 3850 θέαμα·
3542 3781 3679 3852 κόρη
3709 3800 3787 3854 μη

2225 3868 2282 3922 δὲ
2312 3871 2425 3934 τοῖς
2445 3869 2668 3934 οἰκείοις
2693 3869 2898 3925 ἀπασιν
2931 3871 3274 3942 ὲγνωσμένη,
3301 3870 3360 3923 ὲν
3380 3870 3601 3924 πάντων
3626 3871 3814 3941 ὄψεσιν

2229 3963 2354 4016 ἀντὶ
2377 3961 2653 4025 παστάδος
2700 3961 2942 4034 ἀγομένη
2974 3963 3113 4034 πρὸς
3141 3961 3330 4032 τάφον.
3383 3962 3496 4017 Καὶ
3525 3965 3682 4017 κεναὶ
3711 3965 3814 4034 μὲν

2225 4053 2472 4108 ἐντεῦθεν
2497 4054 2812 4125 μνηστῆρος
2849 4054 3087 4118 ἐλπίδες,
3117 4055 3410 4128 συγγραφὴ
3446 4056 3504 4110 δὲ
3536 4036 3813 4128 γαμήλιος

2224 4146 2313 4200 ἐπ’
2335 4145 2474 4218 αὐτῇ
2517 4147 2878 4220 διερρήγνυτο
2902 4161 2917 4176 °
2953 4146 3103 4202 δεινά
3153 4148 3252 4219 μὲν
3303 4143 3456 4218 οἶμαι
3485 4148 3682 4215 ταῦτα,
3716 4151 3812 4205 καὶ

2222 4237 2324 4291 οὐκ
2352 4237 2530 4307 ῶφελε
2550 4238 2802 4308 γενέσθαι
2829 4254 2844 4270 ⁸
2908 4239 3048 4313 πλὴν
3096 4241 3198 4294 οὐκ
3225 4241 3311 4311 ἐφ’
3349 4239 3508 4312 ήμῶν
3541 4241 3810 4312 πρῶτοιιὴ

2223 4327 2362 4401 τύχη
2395 4331 2778 4401 στρατεύεται,
2803 4331 3004 4398 πολλὰς
3017 4333 3117 4406 ἤδη
3143 4351 3247 4387 που
3276 4333 3370 4388 καὶ
3392 4333 3560 4399 ἄλλας
3585 4336 3809 4407 ἥρπασε

544 4403 769 4459 vulnera
797 4405 1067 4461 fortunae:
1115 4405 1283 4463 miror
1309 4407 1454 4463 enim
1503 4422 1603 4478 ego
1655 4407 1804 4464 illum
1848 4408 1939 4480 qui
1985 4407 2120 4464 dixit

2229 4421 2328 4492 τῆς
2391 4422 2672 4495 πατρίδος,
2728 4424 2825 4480 καὶ
2881 4403 3152 4496 νυμφικόν
3205 4427 3446 4499 θάλαμον
3494 4430 3576 4493 εἰς
3610 4403 3812 4504 θρῆνον

543 4494 820 4563 sapienter
846 4515 860 4551 :
891 4497 1023 4552 Cum
1068 4513 1170 4551 non
1209 4500 1464 4554 eveniant
1506 4515 1628 4570 qua:
1672 4501 1942 4568 volumus,
1997 4517 2119 4573 quae

546 4587 1241 4646 eveniuntvclimus.Ahit
1292 4600 1493 4646 terram
1542 4591 1854 4664 relinquens
1896 4603 1958 4650 ut
1981 4611 2116 4650 con-

539 4675 675 4747 jugii
735 4679 874 4733 mala
905 4691 959 4748 et
994 4681 1288 4737 liberorum
1339 4691 1546 4753 partus,
1607 4685 1652 4740 si
1688 4685 1854 4741 futuri
1894 4697 2120 4755 essent;

546 4771 900 4838 praatermitto
951 4782 1126 4826 autem
1163 4776 1470 4830 nutricialia
1505 4777 1745 4847 pericula
1775 4787 1830 4832 et
1861 4778 2000 4833 inter
2043 4779 2124 4834 fe-

543 4857 803 4914 licitatem
867 4863 1108 4929 titnores,
1170 4881 1237 4921 ne
1291 4869 1503 4925 scilicet
1559 4870 1917 4940 praesentibus
1961 4872 2116 4928 bonis

537 4952 856 5020 excidatur;
896 4956 1052 5011 malis
1081 4957 1205 5014 vitae
1243 4960 1414 5016 libera
1441 4961 1576 5028 abit,
1609 4965 1753 5018 viam
1783 4979 1909 5019 vere
1948 4964 2114 5020 latam

538 5043 851 5114 ingrediens
883 5057 939 5103 et
970 5063 1132 5118 quam
1189 5066 1380 5108 omnes
1437 5068 1537 5109 nos
1566 5054 1777 5126 ingredi
1808 5064 2023 5126 oportet
2051 5071 2118 5112 eo

539 5137 682 5204 quod
715 5139 828 5193 nati
861 5154 1051 5196 sumus
1075 5178 1092 5195 .

2225 4513 2539 4584 μετέϐαλεν.
2575 4519 2641 4570 Ὢ
2668 4518 2824 4573 πόσοι
2879 4522 3003 4584 ταῖς
3031 4520 3213 4574 ἐλπίσι
3251 4522 3594 4592 τρυφῶντες,
3637 4523 3811 4594 μῦθος

2222 4604 2310 4659 διά
2357 4605 2562 4678 ταύτην
2621 4610 2902 4678 ἐγένοντοο
2933 4611 3051 4666 ἀλλ’
3080 4613 3202 4667 οὐδὲ
3230 4617 3296 4685 τῇ
3333 4615 3502 4689 ψήφῳ
3522 4618 3679 4689 νικᾷ’
3714 4622 3810 4671 καὶ

2223 4694 2340 4765 ἅμα
2360 4713 2412 4749 τι
2436 4696 2578 4752 θέλει
2621 4701 2718 4754 καὶ
2746 4700 2993 4771 γίνεται’
3058 4704 3302 4758 νικάσθω
3359 4705 3653 4777 φιλοσοφία
3711 4709 3809 4762 καὶ

2224 4785 2420 4858 γνώμη
2450 4804 2464 4818 '
2516 4791 2610 4845 καὶ
2639 4792 2781 4846 ἔστω
2831 4811 2884 4846 τι
2932 4795 3095 4850 πλέον
3125 4797 3238 4860 τοῖς
3271 4797 3654 4870 ἀνακειμένοις
3683 4804 3809 4864 ταῖς

2227 4879 2465 4949 μούσαις
2501 4881 2562 4934 τὸ
2598 4882 2784 4954 φέρειν
2813 4885 3011 4940 εἰδέναι
3040 4888 3136 4952 τὰς
3163 4888 3353 4959 τύχας.
3389 4889 3666 4961 Θαυμάζω
3697 4895 3807 4962 γὰρ

2225 4969 2402 5040 ἔγωγε
2447 4973 2542 5026 καὶ
2566 4973 2656 5027 τδν
2692 4977 2951 5047 εἰρηκότα
2983 4979 3164 5049 σοφῶς
3193 4996 3208 5010 ο
3257 4979 3396 5034 Ἀλλ’
3417 4981 3607 5054 ἐπειδὴ
3621 4985 3699 5055 μὴ
3724 4987 3809 5054 γί-

2224 5080 2376 5117 νεται
2419 5063 2456 5118 ἃ
2500 5065 2747 5138 θέλομεν,
2782 5067 3102 5142 θελήσωμεν
3147 5073 3216 5126 τὰ
3263 5075 3560 5144 γινόμενα’
3591 5077 3805 5146 οἴχεται

2224 5155 2324 5226 τὴν
2368 5157 2472 5228 γῆν
2530 5158 2892 5229 ἀπολιποῦσα,
2935 5165 3032 5218 καὶ⁸
3074 5164 3254 5236 γάμου
3293 5166 3437 5220 κακά
3476 5169 3569 5221 καὶ
3595 5170 3804 5222 παίδων

535 5232 755 5300 ὠδῖνας,
790 5235 974 5290 εἴποτε
1006 5240 1099 5292 καὶ
1153 5238 1438 5308 ἐγένοντο·
1473 5243 1569 5299 καί
1615 5246 1808 5301 σιωπῶ
1856 5247 1984 5312 τοὺς
2013 5249 2114 5321 τῆς
2152 5253 2544 5326 παιδοτροφίας
2573 5258 2875 5326 κινδύνους,
2913 5262 3010 5317 καὶ
3060 5232 3240 5319 τὸν-ὲν
3306 5266 3532 5338 εὐτυχίᾳ
3611 5268 3799 5336 φόϐον,

538 5337 614 5404 μή
645 5350 776 5432 ποτε
810 5335 1020 5432 γένοιτο
1050 5337 1156 5432 τῶν
1189 5339 1475 5432 παρόντων
1505 5342 1830 5415 διαμαρτεῖν
1853 5362 1868 5376 ·
1904 5346 2016 5399 τῶν
2091 5348 2148 5402 δὲ
2191 5353 2508 5423 συντρόφων
2539 5355 2618 5427 τῷ
2649 5355 2749 5428 βίῳ
2770 5359 2956 5413 κακῶν
2995 5360 3263 5432 γενομένη
3304 5335 3521 5416 πάντων
3584 5361 3803 5417 ελεύθε-

538 5444 633 5499 ρος
659 5427 865 5500 οἴχεται
895 5428 1170 5500 λεωφόρον
1203 5430 1372 5495 ὅντως
1399 5432 1540 5503 ὁδὸν,
1567 5437 1660 5490 καὶ
1677 5436 1748 5492 ὒν
1786 5437 2004 5494 ὁδεῦσαι
2025 5441 2109 5495 δεῖ
2144 5442 2376 5512 πάντας,
2401 5445 2588 5518 ἐπειδὴ
2615 5448 2707 5501 καὶ
2730 5427 3056 5522 γεγόναμεν.

1091 5523 1208 5582 XVI
1234 5567 1249 5583 .
1295 5527 1503 5585 EIDEM
1530 5570 1545 5585 .

606 5614 763 5672 Nunc
805 5613 1030 5684 cognovi
1094 5627 1294 5686 qnanta
1349 5636 1438 5676 me
1491 5621 1641 5690 prius
1685 5623 1884 5695 injuria
1919 5635 2009 5683 tuo
2041 5629 2117 5684 si-

534 5706 701 5764 lentio
733 5705 1012 5763 aﬂ‘eccris:
1070 5717 1330 5779 quantum
1378 5714 1522 5770 enim
1559 5731 1644 5773 me
1669 5719 1916 5778 scribens
1966 5722 2120 5778 exhi-

2775 5547 2893 5616 ις’.
2938 5550 3024 5621 Τῼ
3049 5549 3250 5622 am).

2293 5633 2409 5689 Νῦν
2430 5635 2600 5705 ἔγνων
2631 5636 2755 5691 ὅσον
2781 5639 2989 5709 ἠδίκεις
3019 5642 3290 5714 πρότερον
3347 5644 3602 5700 σιωπῶν·
3638 5646 3701 5713 ἐξ
3723 5643 3800 5704 ὧν

2221 5725 2330 5798 γὰρ
2363 5726 2650 5800 ηὔφρανας
2701 5730 2950 5803 γράφων,
2996 5733 3062 5790 ἐκ
3110 5733 3318 5791 τούτων
3365 5735 3504 5801 ὅλως
3563 5739 3796 5812 σιγήσας
