4046 6386
164 266 390 369 ’9733

1692 301 2099 364 ΕΡῘΞΤΟΙΛΕ.

3376 293 3518 364 2734

249 414 462 475 λυπεῖς⁶
495 412 597 481 τὴν
650 410 759 481 γὰρ
804 409 1099 480 ἐπιστολὴν
1146 410 1225 473 εἰς
1277 411 1465 480 χεῖρας
1497 408 1699 472 λαϐὼν,
1729 426 1833 463 πα·

1945 407 2149 475 Iarasti,
2181 415 2386 462 tantum
2420 415 2604 462 tacens
2636 406 2847 475 aﬂligis.
2899 407 3068 463 Tuam
3120 425 3355 481 namque
3402 417 3533 482 cpi»

247 505 406 567 λαιᾶς
437 501 717 574 ἐμνήσθην
766 500 1113 570 εὐδαιμονίας
1135 517 1146 529 ·
1192 502 1251 553 σέ
1274 500 1530 571 παρεῖναι
1558 500 1734 553 δοκῶν
1772 501 1831 554 ἐν

247 600 358 661 τοῖς
386 596 701 668 γράμμασι,
732 593 826 648 καί
855 610 909 647 τι
932 596 1112 663 λέγειν
1135 594 1210 657 ὡς
1254 595 1485 665 παρόντι
1510 593 1792 671 προήχθην
1814 608 1827 622 ·

248 688 347 741 καὶ
374 687 443 739 τὰ
474 686 574 757 μέν
599 681 776 746 εἶπον,
808 686 876 738 τὰ
897 685 954 738 δὲ
1020 685 1273 752 λέγοντος
1314 682 1537 738 ἀκούειν
1568 683 1786 737 ἐδόκουν
1814 699 1829 713 '

249 779 343 832 καὶ
376 777 529 849 μόλις
549 776 882 844 ἀνενεγκὼν,
920 776 1093 844 ἔγνων
1124 777 1198 838 ὡς
1227 776 1361 847 ὄναρ
1406 772 1474 847 ἦν
1504 776 1707 840 ἐκεῖνα,
1739 776 1834 829 καὶ

249 868 606 941 ἠπατήμεθα.
650 869 860 923 Οὐκοῦν
904 869 1082 940 γράφε
1132 868 1413 933 πολλάκις,
1455 869 1545 923 ἵνα
1575 870 1673 940 τῆς
1703 870 1834 935 θέας

249 963 606 1034 ἀποροῦντες,
633 963 908 1033 ὀνείρασιν
929 961 1351 1033 εὐφραινώμεθα
1373 979 1386 993 ⁸
1416 962 1719 1036 ἐπειδήπερ
1739 962 1835 1018 καὶ

249 1054 421 1119 δεινὸς
454 1056 689 1127 ἐραστὴς
711 1055 821 1108 τῶν
852 1054 1123 1109 παιδικῶν
1154 1055 1392 1126 ἀτυχῶν,
1434 1057 1672 1129 χρηστὸν
1699 1056 1834 1128 ὂναρ

249 1144 360 1202 εἶδε
389 1150 487 1202 καὶ
548 1146 969 1219 μεταϐάλλεται’
1003 1148 1139 1201 ἀλλὰ
1175 1148 1388 1203 δέδοικα
1433 1150 1596 1203 ταυτὶ
1625 1148 1832 1218 λέγειν,

255 1241 332 1312 μὴ
368 1241 465 1294 καὶ
494 1240 725 1312 νομίσας
746 1239 945 1311 ἀληθῆ,
974 1242 1326 1312 φρονήματος
1352 1242 1712 1312 ἐμπλησθεὶς,
1740 1242 1836 1296 καὶ

250 1336 464 1407 γένοιτο
504 1336 663 1389 πάλιν
688 1337 879 1408 σιγᾷν·
933 1336 1126 1407 νόμιζε
1176 1336 1358 1389 τοίνυν
1414 1331 1554 1389 εἶναι
1621 1336 1832 1408 ψευδῆ·

252 1427 348 1482 καὶ
382 1426 542 1498 μόνον
574 1426 863 1489 λαλοῦντος
888 1426 1216 1497 ἀκούσομαι.
1266 1428 1371 1481 Τὸν
1399 1428 1455 1481 δὲ
1485 1428 1722 1500 φέροντα
1737 1431 1835 1498 τὴν

253 1519 545 1591 ἐπιστολὴν
570 1519 791 1590 ἀνεψιὸν
814 1520 943 1573 ὅντα
980 1521 1076 1574 καὶ
1121 1521 1407 1592 κηδεστὴν,
1460 1524 1593 1591 εῖγε
1648 1522 1727 1574 δεῖ
1775 1522 1836 1575 τὸ

257 1613 459 1683 μᾶλλον
486 1615 683 1679 είπεῖν,
707 1613 995 1684 εὐμενέσιν
1045 1613 1167 1667 ἰδὼν
1210 1614 1512 1685 ὀφθαλμοῖς
1538 1656 1554 1681 ,
1587 1616 1692 1670 κᾶν
1720 1616 1835 1689 δὲῃ.

253 1702 553 1776 παρασχὼν
573 1703 722 1775 αὐτῷ
754 1704 1150 1775 συμμαχοῦσαν
1182 1705 1282 1778 τὴν
1321 1706 1590 1775 γλῶτταν,
1616 1707 1739 1779 ἐμοί
1776 1724 1836 1759 τε

253 1798 364 1852 πᾶν
389 1795 597 1851 διδόναι
625 1796 773 1850 δόκει
808 1798 907 1869 τῆς
924 1796 1166 1868 χάριτος.

821 1980 1029 2051 ιΖ’.Τῼ
1062 1979 1270 2050 arm.

324 2073 499 2146 Ὅσης
522 2072 808 2145 ἁπήλαυσε
845 2071 978 2144 παρ’
1013 2071 1167 2142 ὑμῶν
1188 2072 1287 2144 τῆς
1315 2071 1567 2137 εὐποιίας
1610 2075 1638 2128 ό
1677 2072 1839 2137 καλὸς

254 2166 556 2238 Ζαχαρίας,
598 2165 762 2229 αὐτός
803 2182 864 2218 τε
893 2165 1185 2238 διηγεῖται,
1237 2164 1501 2229 πολλάκις
1538 2165 1636 2219 καὶ
1678 2167 1841 2237 ἡμεῖς

251 2260 613 2330 ἀκηκόαμενο
660 2257 847 2330 ἐδήλου
886 2257 944 2310 δὲ
975 2258 1067 2311 καὶ
1108 2256 1176 2311 τὰ
1224 2255 1466 2329 ὑμέτερα
1510 2257 1838 2329 γράμματα,

254 2352 398 2423 πλὴν
439 2350 579 2404 ἀλλὰ
609 2349 710 2420 τῆς
738 2347 995 2420 ἀληθείας
1029 2347 1288 2404 ἐλάττονα
1316 2364 1330 2378 ⁸
1363 2350 1513 2413 ὅπως
1544 2350 1631 2415 ἂν,
1658 2346 1835 2420 οἶμαι,

251 2440 413 2513 δόξῃς
471 2440 540 2494 τὰ
582 2440 796 2511 χρηστὰ
844 2441 1016 2493 ποιεῖν
1044 2439 1244 2494 είδέναι
1285 2439 1484 2511 μᾶλλον
1531 2441 1565 2511 ἢ
1606 2440 1788 2509 λέγειν
1823 2458 1838 2474 ο

253 2536 394 2604 ὅπερ
434 2534 536 2586 οὐκ
588 2531 792 2603 ἀπορία
816 2531 909 2585 τοῦ
947 2531 1217 2600 λέγοντος,
1256 2531 1391 2586 ἀλλὰ
1420 2533 1651 2603 σώφρων
1678 2532 1842 2597 αἰδὼς

252 2622 353 2692 τὴν
397 2620 601 2689 ἐαυτῆς
638 2620 838 2692 ἀρετὴν
884 2621 1318 2693 ἐπικρύπτουσα.
1372 2622 1485 2694 Τὴν
1524 2623 1582 2677 δέ
1631 2622 1731 2696 σὴν
1762 2624 1843 2687 είς

1935 500 2131 556 stolam
2166 500 2217 554 in
2268 500 2517 554 manibus
2568 500 2864 569 accipiens,
2923 502 3166 569 pristina:
3201 507 3518 559 recordatus

1933 608 2056 648 sum
2101 590 2409 655 felicitatis;
2446 600 2498 645 te
2543 591 2595 644 in
2636 591 2745 645 tuis
2791 591 2986 646 litteris
3012 594 3207 648 adesse
3252 595 3518 661 opinabar

1936 695 1991 741 et
2036 686 2102 739 ad
2146 685 2524 756 alloquendum
2576 694 2626 739 te
2663 685 2808 739 velut
2839 696 3158 756 prmsentem
3205 688 3515 754 excitabar;

1938 780 2096 834 modo
2162 779 2330 849 loqui,
2379 780 2537 832 modo
2578 778 2766 833 audire
2826 778 2954 831 mibi
3017 779 3279 845 videbar;
3342 787 3397 833 et
3432 782 3520 833 vix

1937 872 2082 927 ferre
2110 874 2276 941 potui,
2350 887 2471 926 cum
2528 870 2720 941 agnovi
2764 870 2814 923 id
2846 883 2966 924 esse
3020 870 3290 925 somnium
3347 877 3521 926 etme

1937 961 2087 1018 falli.
2123 964 2329 1032 Saepius
2359 978 2487 1033 ergo
2512 962 2708 1027 scribe,
2761 971 2839 1027 ut,
2885 970 2977 1016 tuo
3006 972 3297 1032 conspectu
3349 964 3521 1018 desd-

1938 1062 2110 1119 tutns,
2146 1052 2372 1107 somniis
2428 1051 2618 1106 saltem
2673 1052 2970 1121 gaudeam.
3006 1052 3284 1120 Siquidem
3321 1053 3519 1107 ardens

1938 1157 2172 1208 amator,
2255 1144 2368 1200 suis
2432 1145 2672 1213 privatus
2735 1143 2945 1207 amicis,
3021 1143 3177 1198 dulce
3241 1146 3514 1199 somnium

1937 1243 2085 1295 videt
2115 1252 2169 1297 et
2218 1244 2455 1311 seipsum
2502 1240 2657 1295 fallit.
2716 1241 2821 1295 Sed
2872 1242 2986 1295 bazc
3010 1240 3211 1306 dicens,
3254 1242 3417 1296 timeo
3453 1258 3521 1297 ne

1937 1347 2065 1386 vera
2098 1347 2219 1389 esse
2253 1344 2410 1404 putes
2456 1341 2511 1388 et
2561 1332 2811 1401 superbia
2852 1331 3043 1401 plenus
3083 1332 3261 1388 demto
3304 1345 3516 1390 taceas:

1939 1427 2113 1496 cogita
2169 1440 2300 1496 ergo
2350 1425 2485 1479 falsa
2539 1438 2680 1490 esse,
2734 1438 2843 1493 quo
2896 1434 2958 1478 te
2984 1440 3203 1495 semper
3275 1428 3516 1484 audiam.

1939 1517 2040 1585 Qui
2078 1528 2255 1572 autem
2314 1533 2489 1574 meam
2530 1516 2814 1587 epistolam
2872 1519 2936 1571 ad
2987 1526 3038 1573 te
3091 1518 3322 1584 deferet,
3385 1537 3522 1591 quo-

1942 1610 2085 1664 niam
2114 1610 2473 1665 consobrinns
2489 1609 2602 1667 etsi
2635 1608 2762 1681 quid
2787 1609 3018 1680 amplius
3043 1612 3329 1667 dicendum
3358 1630 3523 1683 gener

1942 1718 2096 1758 meus
2161 1713 2272 1767 est,
2331 1718 2452 1758 eum
2503 1702 2675 1772 gratis
2725 1702 2961 1771 accipias
3010 1705 3203 1772 oculis,
3243 1716 3318 1774 et,
3347 1708 3393 1762 si
3426 1723 3521 1762 nc-

1872 1767 2119 1861 Bcesso,
2172 1805 2437 1867 praestans
2495 1805 2550 1851 et
2582 1806 2685 1852 tua:
2742 1794 2939 1864 lingua:
2984 1796 3336 1867 adjutorium,
3367 1815 3518 1857 sum-

1940 1903 2084 1941 mam
2115 1887 2246 1942 niihi
2270 1888 2502 1960 gratiam
2534 1898 2763 1958 praestes
2791 1931 2806 1948 .

2520 1979 2683 2037 XVII.
2727 1983 2957 2041 EIDEM.

2012 2074 2222 2143 Quanta
2254 2076 2394 2146 apud
2425 2084 2477 2131 te
2505 2076 2768 2134 felicitate
2794 2081 3012 2150 gavisus
3049 2079 3214 2135 fuerit
3253 2079 3524 2137 formosus

1942 2162 2256 2227 Zacharias,
2292 2165 2406 2234 ipse
2438 2164 2595 2221 nobis
2626 2170 2867 2224 narravit
2905 2177 2960 2226 et
2987 2169 3315 2240 compluries
3353 2170 3522 2224 audi-

1940 2258 2153 2326 vimus;
2218 2268 2338 2313 tuas
2385 2270 2604 2327 quoque
2648 2260 2858 2316 litteras
2901 2262 3259 2329 monstrabat,
3294 2261 3526 2317 veritate

1945 2357 2123 2403 tamen
2166 2350 2428 2414 minores,
2462 2351 2738 2419 quoniam,
2776 2361 2834 2407 ut
2880 2353 3100 2423 opinor,
3136 2353 3328 2408 melius
3369 2368 3526 2424 egre-

1943 2441 2014 2511 gii
2048 2441 2228 2497 facere
2257 2443 2366 2497 scis
2397 2457 2558 2512 quam
2599 2444 2809 2511 dicere,
2843 2461 2947 2499 non
2978 2460 3043 2500 ex
3075 2447 3341 2502 sermonis
3387 2447 3525 2501 indi-

1943 2536 2150 2607 gentia,
2179 2537 2274 2590 sed
2318 2551 2385 2591 ex
2434 2536 2699 2593 modestia
2743 2553 2862 2608 qum
2904 2554 3057 2594 suam
3098 2540 3351 2596 virtutem
3393 2558 3521 2611 prn-

1944 2631 2135 2684 denter
2180 2628 2435 2684 occultat.
2487 2629 2658 2684 Tuam
2713 2640 2892 2685 autem
2947 2632 2999 2685 in
3048 2648 3144 2686 nos
3188 2633 3524 2704 diligentiam

254 2717 409 2785 ἡμᾶς
464 2713 700 2785 σπουδὴν
748 2714 842 2767 καὶ
881 2713 1014 2785 πρὶν
1070 2715 1326 2783 γενέσθαι
1366 2718 1501 2770 πᾶσι
1549 2716 1694 2788 βοῶ·
1748 2719 1841 2771 καὶ

1945 2720 2257 2792 iampridem
2292 2722 2637 2777 cxsistentem
2665 2724 2914 2779 omnibus
2953 2725 3147 2790 clamo,
3178 2734 3231 2781 et
3262 2727 3375 2781 bare
3405 2744 3527 2781 om-

257 2806 412 2872 εένον
436 2805 586 2859 οὐδὲν
620 2806 753 2876 ἡμῖν
788 2806 1002 2859 ἅπαντα
1041 2804 1078 2860 ἃ
1108 2807 1204 2877 μὲν
1245 2806 1312 2860 ἂν
1340 2806 1651 2878 ἐλπίσωμεν
1683 2806 1842 2876 γενέ-

257 2901 421 2953 σθαι’
478 2901 573 2953 καὶ
640 2899 882 2971 μεγάλης
942 2899 1108 2970 οῦσης
1161 2901 1249 2954 ἀεὶ
1295 2900 1396 2970 τῆς
1454 2902 1685 2969 ἐλπίδος,
1742 2902 1844 2956 οὐκ

254 2993 477 3063 ἐλέγχει
503 2993 708 3063 ταύτην
740 2995 776 3059 ἡ
816 2995 978 3064 πεῖρα
1001 3008 1016 3024 ·
1049 2991 1160 3061 ἐγὼ
1195 2993 1296 3064 μὲν
1316 2992 1410 3047 οῦν
1439 2995 1533 3047 καὶ
1572 2995 1742 3048 πλείω
1768 2995 1846 3048 λέ-

1946 2815 2032 2868 nia
2070 2829 2191 2885 qnze
2219 2829 2501 2886 speramus
2548 2816 2682 2870 nihil
2733 2813 2846 2870 fore
2894 2832 3131 2885 novum;
3186 2830 3528 2884 quantaecu-

1945 2921 2050 2977 que
2081 2906 2225 2960 enim
2262 2917 2446 2962 nostra
2492 2922 2638 2975 spes,
2669 2923 2785 2962 eam
2814 2925 2919 2962 non
2950 2908 3097 2963 fallet
3126 2919 3373 2965 eventus.
3414 2910 3528 2983 Ego

1946 2998 2163 3067 quidem
2217 2997 2373 3068 plura
2432 2999 2611 3053 dicere
2663 2999 2844 3063 velim,
2895 3002 2990 3056 sed
3024 3016 3134 3066 me,
3166 3003 3351 3057 nescio
3407 3020 3525 3067 cur,

258 3102 387 3155 γειν
410 3084 579 3139 ἐθέλω
600 3102 613 3116 ·
637 3086 701 3139 σὺ
734 3086 791 3140 δέ
810 3103 876 3154 με
901 3085 1135 3153 παίζειν,
1154 3087 1254 3140 οὐκ
1286 3082 1378 3141 οἷδ’
1404 3089 1573 3152 ὅπως,
1596 3090 1724 3159 ἡγῇ,
1749 3087 1841 3142 καὶ

1948 3090 2121 3161 jocari
2168 3090 2381 3161 putabis
2427 3099 2480 3145 et
2525 3093 2757 3146 tacebo:
2792 3101 2937 3146 tanta
2986 3093 3130 3148 enim
3166 3102 3249 3149 est
3281 3107 3370 3152 tua
3409 3112 3528 3150 mo-

260 3179 593 3247 σιγήσομαι·
625 3178 880 3231 τοσοῦτον
908 3179 1016 3249 γάρ
1045 3195 1127 3230 σοι
1154 3180 1215 3230 τὸ
1252 3179 1495 3248 μέτριον,
1524 3178 1599 3242 ὡς
1630 3180 1724 3232 καὶ
1754 3179 1845 3232 τὸν

260 3270 484 3341 ἀληθῶς
515 3272 839 3325 ἐπαινοῦντα
857 3271 1071 3337 παίζειν
1093 3274 1203 3343 ἡγῇ
1230 3290 1244 3304 ·
1279 3270 1396 3341 ἐγὼ
1414 3271 1472 3325 δέ
1489 3270 1613 3325 οῦτε
1636 3273 1847 3337 παίζων

256 3366 364 3436 τῆς
395 3363 655 3435 ἀληθείας
674 3364 982 3436 ἐξίσταμαι,
1018 3364 1142 3418 οὔτε
1175 3363 1456 3435 ἀληθεύων
1484 3362 1578 3417 τοῦ
1607 3362 1845 3429 παίζειν,

261 3456 431 3529 ἡνίκα
460 3456 524 3528 δή
566 3474 656 3527 μοι
705 3456 842 3526 πρὸς
887 3458 1011 3521 τοὺς
1062 3454 1350 3526 φιλοῦντας
1391 3456 1420 3509 ὁ
1483 3456 1666 3524 λόγος’
1707 3454 1849 3509 ὥστε

261 3547 474 3625 [δέχου]
514 3550 640 3612 τοὺς
698 3550 868 3619 ἐμοὺς
916 3548 1171 3613 ἐπαίνους
1202 3563 1215 3578 ·
1251 3547 1377 3602 οῦτε
1422 3546 1532 3618 γὰρ
1569 3546 1852 3612 παντελῶς

258 3642 373 3697 τῶν
401 3642 836 3714 ἀπερριμμένων
864 3637 915 3694 εῐ
941 3641 1071 3712 παρ’
1102 3639 1246 3713 ἐμοί.

827 3736 935 3790 nr.
964 3734 1288 3807 ΔΩΡΟΘΕῼ.

332 3827 527 3893 Δεινὸς
547 3828 655 3900 ἄρα
684 3846 767 3891 τις
808 3823 957 3898 ἦσθα
1001 3827 1069 3881 τὰ
1118 3826 1330 3901 σμικρὰ
1377 3825 1594 3898 μεγάλα
1650 3826 1848 3891 ποιεῖν,

261 3922 362 3976 καὶ
389 3914 474 3981 οἷς
504 3920 571 3975 ἂν
596 3919 789 3990 ἐθέλῃς
818 3920 914 3973 καὶ
939 3918 1146 3990 μοῦσαν
1181 3918 1413 3973 διδόναι·
1464 3917 1643 3971 καίτοι
1690 3916 1852 3970 ἐπαί-

260 4031 378 4075 νοις
417 4015 518 4083 ούχ
561 4006 672 4077 οἷος
702 4011 814 4081 ἐγὼ
837 4011 1040 4082 λέγειν,
1082 4012 1196 4066 ἀλλ’
1244 4006 1355 4065 οἷον
1388 4010 1657 4082 προσήκει
1695 4008 1853 4079 γενέ-

262 4106 393 4160 σθαι
411 4121 429 4136 ⁸
463 4104 600 4158 ἀλλὰ
630 4103 808 4173 καὶ,δι’
826 4098 902 4157 ὧν
929 4121 1019 4175 μοι
1040 4103 1165 4166 τοὺς
1181 4102 1373 4172 λόγους
1400 4100 1588 4161 αίτῶν,
1607 4099 1851 4153 Ἀττικόν

258 4213 315 4251 τι
359 4197 576 4270 φθέγγῃ
615 4198 711 4252 καὶ
740 4198 861 4260 ταῖς
907 4196 1126 4267 χάρισιν
1159 4193 1446 4266 ἀνειμένον
1494 4191 1726 4257 πείθεις,
1773 4192 1850 4257 ὡς

264 4290 408 4361 μήτε
443 4288 586 4344 ἐκὼν
612 4285 751 4343 εἶναι
786 4288 1013 4352 τούτους
1052 4285 1430 4357 ἐκπέμψομεν,
1464 4283 1616 4356 φόϐῳ
1637 4282 1730 4338 τοῦ
1763 4284 1841 4354 μὴ

261 4382 423 4454 παρὰ
458 4383 543 4436 σοὶ
572 4384 734 4454 κριτῇ
788 4382 914 4445 τοὺς
949 4381 1118 4452 ἐμοὺς
1159 4379 1479 4451 ἐλέγχεσθαι
1511 4377 1729 4441 παῖδας.
1776 4375 1852 4429 Τὸ

1950 3184 2122 3238 destia
2157 3194 2213 3236 ut
2244 3186 2510 3237 veraciter
2544 3183 2851 3239 laudantem
2881 3184 3053 3255 jocari
3086 3187 3397 3255 exisumcs;
3432 3188 3528 3242 sed

1948 3292 2126 3348 neque
2159 3277 2284 3347 joco
2318 3293 2346 3330 a
2378 3279 2601 3333 veritate
2636 3280 2932 3343 discedam,
2962 3295 3138 3350 neque
3181 3294 3304 3335 vera
3345 3283 3533 3336 dicens

1949 3371 2147 3439 ajoco,
2182 3371 2402 3439 quando
2431 3372 2496 3425 ad
2527 3372 2733 3426 amicos
2777 3372 2906 3426 Inibi
2951 3373 3054 3428 erit
3103 3389 3320 3436 sermo;
3368 3390 3396 3427 a
3448 3392 3532 3427 nio

1951 3464 2113 3531 igitur
2146 3461 2333 3517 laudes
2365 3462 2581 3533 suscipe
2620 3482 2636 3519 :
2673 3464 2945 3535 utinquam
2992 3465 3135 3518 enim
3194 3480 3224 3520 c
3270 3466 3530 3521 memoria

1952 3560 2137 3607 nostra
2176 3552 2411 3607 decides.

2434 3728 2618 3785 XVIII.
2654 3727 3049 3786 DOROTIIEO.

2024 3822 2223 3879 Potens
2245 3836 2380 3879 sane
2411 3838 2471 3878 es
2498 3824 2566 3879 de
2599 3825 2779 3893 parvis
2816 3839 3006 3892 magna
3032 3823 3214 3879 facere
3243 3834 3297 3879 et
3335 3826 3533 3895 quibus

1951 3915 2034 3971 vis
2069 3932 2251 3972 musas
2282 3917 2488 3987 largiri.
2521 3916 2627 3971 Sed
2661 3931 2767 3970 non
2796 3915 2972 3985 ipsum
3004 3916 3095 3986 qui
3145 3916 3369 3972 laudare
3410 3935 3535 3989 pos-

1951 4011 2078 4077 sim,
2134 4010 2231 4065 sed
2267 4011 2521 4080 quoniam
2565 4008 2680 4063 ﬁeri
2748 4017 2927 4079 potest
2961 4007 3163 4065 dicam.
3223 4010 3288 4065 In
3335 4013 3535 4081 quibus

1952 4102 2148 4158 litteris
2167 4118 2446 4158 sermones
2476 4118 2506 4157 a
2529 4117 2616 4158 me
2642 4102 2875 4173 expetis,
2901 4102 3082 4157 Attice
3100 4103 3233 4157 dicis
3263 4113 3316 4157 et
3346 4107 3537 4174 gratiis

1951 4198 2265 4269 persuades,
2287 4195 2361 4249 ita
2381 4205 2439 4249 ut
2455 4201 2519 4249 ad
2533 4204 2586 4249 te
2605 4210 2708 4248 non
2737 4194 2908 4249 libens
2934 4209 3028 4249 eos
3057 4194 3535 4258 Iniserim,Vcritus

1953 4304 2148 4358 nempe
2175 4303 2263 4354 ne,
2303 4297 2355 4342 te
2379 4285 2583 4355 judice,
2603 4287 2713 4341 nati
2741 4287 2844 4339 mei
2870 4286 3218 4341 damnentur.
3249 4288 3406 4357 Apud
3440 4288 3535 4358 ju-

1954 4383 2101 4437 diees
2130 4381 2272 4436 enim
2320 4380 2588 4446 faventes,
2617 4379 2818 4449 aliquid
2871 4376 3013 4433 forte
3058 4388 3274 4446 essent;
3309 4381 3403 4435 sed
3436 4396 3535 4436 vo-

260 4475 377 4546 γὰρ
428 4474 697 4546 ἡμέτερον
744 4475 877 4545 παρ’
911 4472 1158 4526 εύνοοῦσι
1207 4471 1305 4542 μὲν
1359 4471 1641 4533 δικασταῖς
1690 4468 1841 4540 τυχὸν

1956 4473 2189 4529 lentibus
2223 4472 2454 4527 strictim
2485 4471 2785 4537 examinor,
2803 4470 2957 4525 nihil.
2984 4469 3089 4526 Sed
3114 4472 3243 4525 mibi
3276 4472 3321 4526 is
3345 4474 3420 4527 sis
3442 4474 3535 4543 qui

263 4568 401 4631 ἴσως
448 4567 633 4638 μέγα·
686 4564 1079 4637 παρεξετάζειν
1115 4563 1173 4617 δὲ
1209 4560 1560 4635 βουλομένοις
1609 4559 1852 4613 ἐναντίον

257 4659 407 4726 δόξει
438 4675 454 4691 ·
499 4659 636 4714 ἀλλά
671 4676 762 4730 μοι
815 4658 994 4727 γένοιο
1034 4657 1096 4711 τὸ
1128 4656 1431 4728 πρότερονο
1482 4655 1559 4717 ὼς
1607 4651 1704 4724 τὴν
1749 4652 1849 4722 σὴν

261 4750 556 4822 ἐπιστολὴν
570 4751 799 4814 δεδιότες
829 4752 877 4804 οἱ
910 4749 1079 4818 λόγοι,
1116 4748 1221 4800 Ἔα
1245 4746 1550 4811 λανθάνειν,
1579 4738 1624 4798 ὦ
1651 4742 1848 4814 πάτερ,

260 4842 532 4907 πολλάκις
572 4843 742 4895 ἐϐόων
769 4856 783 4870 ’
837 4839 949 4909 ἐγὼ
994 4841 1050 4894 δὲ
1093 4838 1355 4902 πολλάκις
1408 4835 1849 4909 παρεμυθούμην

256 4936 477 4991 οἴκοθεν
503 4934 687 4987 οἴκαδε
716 4934 995 5005 φοιτήσειν
1025 4931 1499 5001 ἐπαγγελλόμενος
1525 4946 1540 4960 ο
1578 4929 1848 4997 ἐπάγεται

256 5028 316 5082 δὲ
354 5025 534 5096 τούτῳ
577 5025 803 5096 πολίτης
836 5025 1099 5095 ὑμέτερος
1122 5062 1137 5085 ,
1190 5017 1234 5091 ᾧ
1262 5022 1332 5075 τὰ
1383 5022 1603 5091 μουσῶν
1659 5019 1845 5085 μέλει*

260 5118 544 5191 Δωρόθεος
572 5117 741 5189 ὄνομα
776 5116 953 5188 αὐτῷ,
995 5118 1089 5168 καὶ
1130 5115 1397 5182 Πελαγίου
1436 5113 1623 5167 τοῦτον
1658 5114 1819 5165 ἐπονο

262 5210 565 5278 μὰζουσινί

418 5306 521 5357 IH'.
549 5301 848 5374 ΖΑΧΛΡΙᾼ
882 5303 1000 5355 ΚΑΙ
1031 5301 1314 5370 ΦΙΛΙΠΠῼ
1338 5297 1689 5352 ΑΔΕΛΦΟΙΣ.

338 5392 415 5449 Εὖ
455 5412 519 5463 γε
550 5396 659 5448 τῶν
686 5396 966 5465 ὑμετέρων
995 5394 1344 5464 γραμμάτων
1372 5407 1383 5419 ·
1415 5391 1489 5449 ὡς
1525 5391 1661 5459 πρὸς
1691 5387 1851 5442 εὐθυ-

266 5487 403 5560 μίαν
441 5487 577 5556 ὅσην
605 5487 761 5556 ἡμῶν
787 5482 929 5538 οἶδεν
965 5486 1214 5554 ἐπαίρειν
1244 5485 1343 5553 τὴν
1369 5483 1618 5554 γνώμην.
1652 5482 1717 5535 Τί
1742 5483 1851 5552 γὰρ

258 5578 486 5653 ἥδιονῆ
528 5576 919 5648 φθεγγομένων
954 5577 1176 5630 ἀκούειν
1218 5577 1306 5629 ὅτε
1339 5575 1597 5645 παρεῖναί
1650 5591 1732 5637 τις
1785 5573 1852 5627 ἂν

260 5672 420 5744 αῦτῷ
454 5672 715 5743 φθόγγοις
750 5671 1135 5743 προσηύξατο;
1164 5668 1238 5734 ὡς
1268 5669 1377 5721 ἔδει
1423 5668 1522 5739 μὲν
1552 5668 1646 5721 καὶ
1683 5667 1852 5720 πάλαι

261 5764 447 5838 τούτῳ
473 5766 574 5837 τὴν
607 5765 780 5839 τύχην
820 5764 1136 5820 ἐπινεῦσαι·
1188 5764 1398 5833 γένοιτο
1424 5762 1469 5815 δ’
1495 5762 1561 5818 ἄν
1590 5778 1720 5815 ποτε
1754 5760 1850 5815 καὶ

1961 4576 2140 4622 antea.
2190 4563 2360 4619 Tuam
2414 4566 2666 4618 timentes
2711 4563 3021 4634 epistolam,
3092 4564 3197 4619 mei
3256 4580 3537 4621 sermones

1959 4659 2156 4728 smpius
2202 4656 2505 4711 clamabant
2548 4654 2744 4719 :Sine,
2778 4670 2810 4710 ο
2857 4665 3032 4725 pater,
3062 4671 3163 4710 nos
3187 4656 3391 4723 latere;
3438 4674 3539 4729 ego

1959 4759 2139 4804 autem
2172 4764 2267 4804 eos
2311 4748 2633 4803 consolabar
2676 4748 2998 4817 promittens
3044 4748 3110 4801 de
3152 4749 3313 4803 domo
3351 4766 3447 4804 sua
3482 4752 3535 4805 in

1959 4841 2177 4895 donmm
2213 4854 2364 4894 suam
2391 4852 2485 4893 eos
2519 4854 2642 4893 esse
2690 4843 2881 4893 ituros.
2918 4838 3112 4892 Incitat
3167 4855 3384 4911 quoque
3436 4859 3535 4897 nos

1960 4947 2100 4987 unus
2129 4946 2191 4986 ex
2221 4932 2433 4986 civibus
2461 4947 2736 4985 musarmn
2771 4931 3063 5000 plurimum
3098 4948 3311 5001 amans,
3338 4936 3422 4988 cui
3449 4951 3539 4990 no-

1960 5040 2082 5081 men
2114 5025 2421 5080 DorOtbeus
2449 5034 2503 5078 et
2534 5021 2784 5091 Pelagius
2819 5039 3140 5093 cognomen.

1956 5300 2103 5356 XIX.
2166 5296 2537 5356 ZACHARI/E
2597 5295 2684 5351 ET
2752 5291 3534 5358 PIIILIPPO,FRATRIBUS.

2030 5394 2283 5449 Feliciter
2325 5401 2516 5446 vestrae
2550 5391 2744 5443 litterze
2776 5405 2789 5441 :
2841 5394 3042 5456 quanta
3074 5387 3290 5441 leartitla
3361 5404 3535 5440 meam

1958 5493 2194 5541 mentem
2248 5481 2633 5552 perfudernnt!
2707 5480 2846 5547 Quid
2908 5478 3052 5533 enim
3114 5478 3325 5548 gratius
3374 5494 3536 5547 quam

1960 5575 2167 5638 audire,
2218 5588 2341 5627 cum
2388 5572 2538 5641 quis;
2567 5578 2821 5639 precatur
2846 5568 2952 5623 sibi
2993 5569 3225 5623 adesse?
3272 5567 3391 5623 Jam
3427 5568 3538 5638 prai-

1960 5668 2080 5722 dem
2120 5664 2408 5737 Oportebat
2466 5662 2737 5717 fortunam
2769 5662 2821 5717 id
2850 5660 3179 5725 concedere,
3240 5660 3340 5716 sed
3396 5674 3539 5714 lttlttc

1963 5758 2058 5815 ttat
2088 5768 2142 5814 et
2170 5758 2308 5816 bene
2337 5756 2556 5815 eveniat
2584 5766 2762 5813 vestra
2786 5754 3090 5826 voluntate,
3124 5753 3230 5821 Dii,
3289 5754 3342 5809 in
3366 5766 3540 5823 quao-
