4046 6386
523 309 666 372 2735

1899 307 2249 369 PROCOPII
2285 308 2529 369 ϐΑΖίΕῐ

3657 308 3793 373 2736

525 435 636 480 tum
677 436 772 492 pro
819 419 953 492 ipsis
1017 423 1226 478 litteras
1269 422 1429 477 nobis
1491 424 1600 478 sint
1632 423 1875 488 missuri,
1911 423 2097 493 quibus

2215 421 2346 492 πρὸς
2390 421 2562 492 πέρας
2593 419 2722 494 ἔλθῃ
2752 419 3092 492 βουλομένων
3139 418 3316 492 ὑμῶν,
3347 411 3392 473 ὧ
3423 419 3558 486 θεοὶ,
3604 420 3662 474 ὲν
3686 422 3792 492 ὅσῳ

529 515 666 569 alter
697 514 902 569 erimus
932 513 1156 570 Crmsus
1179 529 1276 584 pro
1309 515 1539 580 deliciis,
1597 514 1826 584 ejusque
1887 514 2108 569 divitias

531 603 730 658 habere
762 603 1072 659 videbimur
1104 613 1157 658 et
1188 605 1329 673 regis
1356 605 1529 659 instar
1571 605 1745 674 Magni
1782 620 1976 660 nomen
2025 621 2109 660 ac-

527 699 730 769 cipere.
785 695 886 765 Qui
934 698 1284 753 hirundinem
1333 698 1498 763 videt,
1561 699 1608 753 is
1635 714 1730 752 ver
1756 701 1948 753 adesse
1983 715 2107 768 pro-

529 791 773 854 nuntiat;
813 804 910 859 ego
935 799 1112 843 autem
1169 800 1401 844 vestram
1453 805 1638 845 vocem
1679 790 1904 846 audiens
1934 790 2107 861 magis

529 881 750 936 I:vtahor
827 897 988 950 quam
1053 881 1275 936 Crtesus
1341 881 1448 936 illis
1511 882 1621 937 suis
1668 883 1873 937 divitiis
1913 891 1966 937 et
2012 899 2102 938 rex

527 988 751 1042 magnus
769 975 869 1028 sub
883 972 1097 1042 platano
1113 974 1329 1028 sedens.
1347 973 1451 1028 Pro
1465 973 1848 1030 hirundinibus
1874 975 2000 1029 mihi
2030 975 2108 1030 vi-

525 1067 792 1119 debantur
817 1066 1024 1119 ‘canere
1047 1064 1230 1120 Musae.
1257 1067 1402 1120 Cedo
1431 1075 1632 1129 autem,
1667 1081 1735 1120 ne
1768 1065 2103 1135 voluptatem

526 1156 687 1211 nimis
713 1155 910 1210 aﬂ'erre
931 1156 1140 1220 volens,
1187 1157 1429 1226 sophista
1482 1158 1534 1210 in
1566 1156 1703 1211 meis
1734 1156 1928 1212 litteris
1977 1156 2100 1210 forti

524 1249 734 1312 videar,
768 1258 822 1304 et
851 1264 916 1304 ne
955 1265 1052 1305 vos
1077 1249 1239 1304 simul
1289 1251 1528 1305 ridentes
1559 1251 1688 1305 illttd
1734 1265 1884 1304 more
1921 1258 2103 1304 vestro

522 1343 833 1407 celebretis,
870 1343 1072 1412 Duplex
1101 1352 1280 1397 tamen
1314 1343 1446 1397 tnihi
1476 1343 1574 1396 fttit
1601 1343 1872 1412 voluptas,
1903 1358 1999 1397 vos
2026 1340 2100 1395 si-

522 1435 882 1505 ntnlalloqtti;
943 1436 1086 1490 sicut
1114 1436 1206 1506 qui
1245 1436 1296 1489 in
1330 1435 1562 1504 Delphos
1612 1436 1923 1498 veniebant,
1977 1449 2099 1488 cum

519 1527 754 1596 Apollini
785 1528 1042 1598 hymnum
1100 1527 1370 1591 dicerent,
1427 1527 1650 1580 Dianam
1683 1541 1896 1596 quoque
1919 1525 1970 1578 in
1996 1525 2102 1578 lan-

516 1619 678 1674 dibus
715 1617 788 1672 illi
827 1619 1251 1684 consociabant;
1320 1617 1483 1688 idque
1533 1618 1709 1689 magis
1749 1619 1886 1672 Deos
1921 1617 2102 1672 delec-

520 1712 687 1779 tabat,
725 1728 885 1782 quam
918 1713 962 1768 si
987 1721 1216 1782 uterque
1245 1707 1492 1766 seorsum
1550 1712 1800 1766 laudatus
1855 1711 2046 1765 fuisset
2081 1728 2096 1764 :

2213 529 2274 582 γε
2305 512 2412 583 μὴν
2441 512 2727 584 μέλλουσιν
2759 511 2877 567 ἀνθ’
2911 512 3124 566 ἑαυτῶν
3151 513 3284 584 ἡμῖν
3327 512 3684 584 χορηγεῖσθαι
3727 516 3791 566 τὰ

2211 605 2517 678 γράμματα
2541 621 2552 634 ·
2595 604 2741 675 ἄλλῳ
2769 605 2868 675 μὲν
2895 603 3004 675 γὰρ
3032 605 3091 656 ὲν
3123 603 3282 674 ἡδονῇ
3313 603 3533 674 Κροίσῳ
3563 619 3624 656 τε
3655 600 3792 656 εἶναι

2211 700 2306 754 καὶ
2362 699 2612 753 τάκείνου
2658 697 2982 768 κεκτῆσθαι,
3035 697 3112 768 τῷ
3159 697 3215 750 δὲ
3275 695 3490 768 βασιλεῖ
3532 698 3562 752 ὁ
3620 697 3789 768 μέγας

2208 791 2464 846 ἀκούειν·
2508 790 2624 846 ἀλλ’
2663 793 2691 844 ό
2738 790 2837 854 τὰς
2890 787 3169 860 χελιδόνας
3204 787 3350 855 ἰδὼν,
3400 788 3459 842 τὸ
3497 787 3599 860 ἔαρ
3650 788 3792 858 ἔχειν

2207 884 2483 954 ὁρίζει-αι’
2526 883 2638 950 ἐγὼ
2682 883 2739 937 δὲ
2774 883 2872 954 τῆς
2913 884 3186 954 ὑμετέρας
3241 879 3530 936 ἀπολαύων
3577 882 3786 951 φωνῆς,

2211 976 2396 1045 μεῖζον
2455 974 2715 1045 ἐφρόνουν
2768 973 2801 1045 ἢ
2867 974 3100 1045 Κροῖσος
3163 973 3255 1025 ἐπὶ
3324 972 3438 1035 τοῖς
3501 973 3788 1035 ταλάντοις

2207 1065 2458 1131 ἐκείνοις,
2486 1067 2580 1118 καὶ
2611 1064 2864 1136 βασιλεὺς
2890 1067 2917 1117 ὁ
2951 1064 3125 1135 μέγας
3159 1063 3264 1117 ὑπὸ
3291 1066 3358 1135 τῇ
3379 1063 3637 1134 πλατάνῳ
3659 1063 3790 1117 καθ-

2205 1159 2410 1229 ήμενος
2435 1173 2451 1188 ⁸
2492 1158 2586 1211 καὶ
2641 1159 2764 1212 ἀντὶ
2805 1157 2912 1210 τῶν
2945 1157 3228 1228 χελιδόνων
3269 1156 3441 1220 αύτάς
3478 1175 3570 1228 μοι
3631 1173 3792 1226 προσ-

2207 1250 2352 1322 ᾴδειν
2369 1250 2586 1303 ἐδόκουν
2609 1250 2708 1312 τὰς
2732 1248 2832 1320 μού
2843 1267 2955 1312 σαςο
2977 1249 3113 1303 ἀλλά
3138 1249 3246 1320 γὰρ
3275 1247 3582 1319 παύσομαι,
3601 1247 3678 1318 μὴ
3696 1247 3790 1318 τὴν

2203 1345 2396 1416 ἡδονὴν
2445 1345 2586 1413 ἄγαν
2627 1344 2889 1416 ἑμφέρειν
2929 1343 3162 1404 ἐθέλων,
3205 1341 3467 1412 σοφιστὴς
3503 1341 3653 1394 οὕτω
3687 1359 3790 1393 που

2202 1439 2342 1508 τάχα
2375 1436 2511 1502 δόξω
2547 1438 2658 1500 τοῖς
2703 1437 3031 1508 γράμμασι’
3083 1436 3178 1489 καὶ
3226 1435 3497 1504 γελῶντες
3533 1433 3789 1506 ἀλλήλοις

2201 1529 2359 1583 τοῦτο
2401 1529 2466 1600 δὴ
2499 1529 2559 1583 τὸ
2589 1527 2821 1600 σύνηθες
2867 1529 2995 1599 ὑμῖν
3036 1528 3233 1596 ἐπίσης
3278 1527 3452 1598 ὕψητε
3481 1543 3496 1560 ο
3537 1527 3682 1596 πλὴν
3709 1527 3791 1580 ὅτι

2205 1637 2292 1692 μοι
2339 1619 2627 1675 διπλασίαν
2668 1619 2902 1673 ἐνεποίει
2936 1619 3034 1691 τὴν
3094 1618 3290 1689 ἡδονὴν
3323 1618 3382 1672 τὸ
3426 1619 3579 1689 κοινῇ
3620 1633 3791 1687 προσ-

2208 1716 2356 1785 ερεῖν
2415 1713 2576 1785 ὑμῖνο
2613 1713 2802 1784 ὥσπερ
2837 1713 2962 1776 τοὺς
2995 1714 3074 1776 είς
3125 1711 3361 1782 Δελφοὺς
3396 1711 3787 1781 ἀφικομένους,

519 1807 714 1860 fratres
757 1807 902 1860 enim
938 1820 1062 1860 cum
1111 1814 1314 1869 essent,
1366 1802 1566 1859 fratres
1607 1818 1820 1874 quoque
1851 1803 1900 1858 in
1939 1804 2097 1874 hym-

2201 1805 2422 1859 ἐπειδὰν
2486 1804 2654 1876 ὕμνον
2715 1805 2963 1867 είπόντες
3004 1803 3322 1857 Ἀπόλλωνά
3365 1821 3422 1855 τε
3483 1804 3664 1870 σχοῖεν
3713 1799 3789 1869 τῷ

520 1897 604 1952 uis
635 1897 804 1952 videri
835 1896 1108 1952 volebant.

513 1989 573 2045 δὲ
603 1992 699 2044 καὶ
741 1991 869 2054 τοὺς
938 1990 1098 2054 θεοὺς
1148 1989 1420 2064 ηὔφραινε
1467 1991 1696 2063 μᾶλλον,

2203 1897 2368 1969 λόγῳ,
2409 1899 2504 1952 καὶ
2534 1900 2800 1970 ’Ἄρτεμις
2831 1897 2948 1969 ἅμα
2983 1899 3147 1970 μέρος
3186 1894 3256 1970 ἦν
3283 1897 3384 1967 τῆς
3412 1897 3554 1968 ᾠδῆς
3577 1912 3591 1926 ’
3630 1894 3792 1949 τοῦτο

1773 1989 1815 2059 ἢ
1883 1989 1934 2040 εί
1985 1987 2111 2041 καθ’
2175 1989 2340 2043 αὐτόν
2407 2008 2492 2054 τις
2558 1989 2850 2046 ἀπολαϐὼν
2911 1991 3169 2060 ἑκάτερον
3237 1991 3516 2062 ὕμνησεν*
3572 1986 3790 2057 ἀδελφοὶ

514 2087 624 2158 γὰρ
665 2083 838 2149 ὄντες,
885 2085 979 2138 καὶ
1028 2085 1152 2148 ταῖς
1195 2084 1363 2156 ᾠδαῖς
1415 2082 1650 2137 τοιοῦτοι
1702 2080 1884 2148 μένειν
1924 2080 2237 2150 ἠϐούλοντο.

926 2176 1046 2230 XX.
1075 2175 1453 2232 ZACHARUE
1492 2173 1780 2230 FRATRI.

587 2268 666 2324 Tu
713 2270 929 2340 quidem
987 2273 1150 2325 horas
1206 2271 1400 2325 amicis
1435 2268 1619 2339 fugere
1657 2271 1904 2338 quereris
1940 2288 1956 2338 ;
2000 2285 2099 2341 ego

516 2371 700 2416 autem
740 2376 833 2414 eas
856 2361 1050 2415 iterum
1081 2375 1200 2416 esse
1227 2359 1490 2428 fugituras
1510 2378 1524 2426 ;
1546 2361 1674 2430 quid
1713 2361 1878 2430 igitur
1910 2361 2099 2418 taces?

517 2469 622 2512 non
651 2453 794 2508 enim
830 2453 1103 2509 sufﬁciens
1161 2453 1405 2525 apologia
1431 2453 1658 2522 alicujus
1715 2454 1842 2509 facti
1889 2457 2096 2511 crimen

520 2548 574 2601 in
603 2561 662 2602 se
684 2560 998 2610 assumere;
1026 2545 1118 2600 sed
1147 2545 1260 2614 qui,
1293 2559 1416 2599 reus
1455 2561 1578 2601 cum
1633 2546 1727 2611 sit,
1751 2555 1981 2600 caeteros
2007 2561 2101 2615 po-

519 2647 634 2693 stca
682 2639 969 2706 vituperat,
1009 2639 1055 2691 si
1115 2638 1295 2692 caeteri
1355 2654 1460 2692 non
1513 2647 1810 2696 accusent.
1855 2639 2096 2707 seipsum

520 2738 757 2784 accusat.
793 2729 982 2798 Neque
1013 2729 1142 2782 ntihi
1197 2729 1433 2783 adducas
1466 2740 1704 2783 nostram
1728 2729 1971 2800 Byzantii
2006 2744 2096 2782 ra-

519 2821 718 2876 tionem
747 2821 801 2876 in
834 2820 1051 2876 silentio
1085 2819 1297 2874 \ivendi
1329 2836 1344 2884 ;
1373 2821 1501 2874 ntilti
1535 2821 1678 2875 enim
1723 2821 1898 2875 omnis
1927 2819 2100 2874 tribus

520 2913 680 2968 testis
701 2923 802 2976 est,
836 2912 1001 2967 multa
1031 2927 1092 2967 se
1142 2911 1310 2966 fuisse
1345 2911 1602 2976 locutam,
1639 2911 1910 2967 audivisse
1942 2911 2097 2967 nihil.

519 3007 624 3059 Sed
654 3005 859 3058 utinam
885 3004 1059 3059 adhuc
1079 3004 1208 3058 ntihi
1229 3014 1375 3060 esset
1394 3004 1600 3059 clarum
1635 3003 1891 3068 tribunal,
1911 3004 2100 3072 judex-

518 3113 623 3168 que
658 3099 867 3152 Atticus
895 3106 949 3152 et
990 3097 1269 3166 splendida
1319 3098 1658 3152 Athenarum
1728 3097 1897 3166 ﬁgura
1927 3115 1942 3151 :
1975 3111 2096 3150 cum

516 3190 725 3245 scilicet
775 3205 1030 3259 prospera
1081 3201 1226 3246 sorte
1280 3202 1522 3245 uteretur
1597 3189 1890 3244 rhetorica.
1945 3186 2168 3279 Platoc

518 3292 721 3346 autem,
754 3282 953 3347 dicam,
989 3296 1098 3336 non
1133 3281 1395 3336 tuliteam
1419 3282 1651 3336 feliciter
1686 3295 1878 3351 agere:
1911 3280 2096 3336 statim

518 3385 704 3430 contra
739 3384 791 3430 te
825 3375 1102 3430 accusatio
1151 3374 1456 3430 deferretur
1488 3375 1789 3430 :adversus
1820 3374 2083 3430 Graeciam

519 3473 709 3533 peccat
769 3466 1067 3531 rhetorica,
1116 3481 1222 3536 qua
1270 3467 1579 3522 constituta:
1637 3474 1765 3521 sunt
1801 3465 2096 3532 civitates;

518 3560 768 3628 nihilque
797 3559 1237 3630 prtetcrmittitut'
1268 3574 1455 3614 eorum
1477 3561 1675 3628 quibus
1709 3573 1972 3614 accusare
1991 3557 2099 3613 vel-

517 3654 617 3708 les.
644 3652 750 3706 Sed
775 3651 904 3706 mihi
935 3652 1032 3706 des
1055 3653 1265 3706 veniam
1291 3651 1566 3722 paulisper
1584 3649 1760 3708 efferri
1793 3651 1937 3722 :jatn
1955 3649 2096 3705 enim

518 3746 595 3798 ira
618 3753 673 3798 et
695 3743 1164 3815 objurgationihus
1206 3743 1396 3814 plenus
1462 3759 1599 3798 sum.
1649 3745 1716 3798 Et
1736 3744 1942 3814 primo:
1990 3760 2097 3798 nou

519 3836 730 3899 tacebo,
759 3835 1007 3906 judices:
1039 3836 1172 3890 nihil
1199 3837 1346 3892 enim
1371 3837 1526 3907 pejus
1569 3852 1693 3893 esse
1726 3846 1907 3908 potest
1936 3849 2096 3908 quam

514 3941 638 3982 cum
698 3929 780 3980 vir
824 3927 904 3982 sic
932 3927 1208 3983 maledicit
1256 3929 1330 3983 illi
1363 3929 1439 3983 rei
1493 3944 1596 3999 qua
1629 3928 1724 3984 tibi
1759 3929 1911 3984 venit
1955 3929 2094 3999 quod

516 4033 596 4077 εει
625 4041 640 4078 :
675 4021 756 4078 sic
777 4020 867 4076 ille
897 4022 1070 4076 bonus
1094 4022 1159 4076 de
1188 4033 1239 4076 te
1257 4021 1470 4076 loeutus
1498 4022 1657 4076 audet
1688 4021 1851 4076 etiam
1883 4030 1937 4076 et
1968 4035 2097 4076 cuu-

518 4127 596 4169 tra
659 4115 986 4171 rhetoricam
1040 4115 1242 4180 dicere,
1273 4129 1340 4170 ex
1378 4130 1482 4186 qua
1539 4114 1612 4170 illi
1673 4117 1782 4170 vita
1835 4116 1986 4170 beata
2045 4123 2100 4170 et

513 4209 782 4277 plausus;
834 4208 907 4263 ita
947 4207 1216 4263 sententia
1258 4207 1364 4262 lata
1389 4250 1404 4273 ,
1442 4210 1511 4264 ab
1556 4222 1619 4263 ea
1648 4209 1818 4262 victor
1867 4207 2099 4262 vincitur

513 4303 563 4355 ei
615 4318 719 4372 qtta
770 4302 993 4356 vincere
1058 4299 1238 4355 datur.
1292 4300 1569 4356 Platonem
1625 4315 1842 4372 quoque
1903 4309 2093 4356 teStem

513 4395 767 4466 producit
792 4395 884 4464 qui
937 4394 1270 4450 rhetoricam
1325 4394 1586 4448 extremis
1614 4393 1770 4448 malis
1801 4393 2016 4448 devovit
2041 4403 2097 4448 et

515 4488 571 4542 in
620 4487 872 4542 rhetores
900 4496 1046 4541 totus
1095 4486 1473 4542 invehebatur.
1502 4485 1626 4541 llmc
1669 4486 1946 4555 judicibus
1998 4503 2096 4556 per

2632 2158 2718 2230 κν.
2761 2174 3063 2246 ΖΑΧΑΡῘᾼ
3082 2174 3364 2246 samera.

2277 2267 2348 2320 Σὺ
2389 2268 2486 2338 μὲν
2519 2268 2772 2336 ἐγκαλεῖς
2807 2268 2884 2332 ὡς
2917 2265 3236 2338 παρῴχοντο
3275 2267 3402 2328 τοὺς
3435 2267 3695 2336 ἑταίρους
3727 2267 3784 2319 al

2205 2355 2346 2429 ὧραι
2372 2376 2384 2389 ’
2439 2360 2551 2426 ἐγὼ
2584 2360 2640 2414 δὲ
2674 2360 2750 2424 ὡς
2778 2359 2873 2414 καὶ
2897 2361 3120 2431 πάρεισι
3156 2359 3317 2413 πάλιν
3341 2373 3357 2388 ο
3404 2360 3456 2412 τί
3483 2359 3667 2413 τοίνυν
3710 2359 3788 2412 ἔτι

2208 2453 2395 2523 σιγᾷς;
2428 2451 2504 2505 Οὐ
2535 2453 2644 2523 γὰρ
2688 2452 2872 2506 ίκανδν
2895 2453 2976 2516 είς
3005 2451 3325 2520 ἀπολογίαν,
3369 2449 3667 2521 προλαϐεῖν
3705 2467 3788 2515 τις

2205 2545 2326 2598 καθ’
2366 2543 2531 2599 αὑτοῦ
2592 2541 2748 2609 τινος,
2775 2545 3053 2616 ἔγκλημαο
3103 2544 3218 2598 ἀλλ’
3270 2544 3418 2608 ὅστις
3469 2542 3654 2614 ἔνοχος
3691 2541 3787 2611 ὢν,

2203 2633 2323 2690 εἶτα
2367 2640 2480 2702 τοῖς
2547 2636 2727 2701 ἄλλοις
2787 2636 3101 2708 μέμφεται,
3160 2637 3226 2690 ἃν
3273 2635 3480 2708 ἀφέλῃς
3518 2637 3579 2688 τὸ
3620 2635 3788 2706 δῆθεν

2205 2730 2406 2802 ἐτέρων
2453 2730 2801 2801 κατηγορεῖν,
2858 2729 3050 2783 ἑαυτὸν
3102 2729 3370 2782 αἰτιᾶταιο
3421 2726 3629 2799 καὶνμή
3690 2745 3780 2798 μοι

2203 2823 2480 2894 πρόσφερε
2543 2823 2643 2892 τὴν
2710 2827 2768 2875 ὲν
2839 2820 3118 2893 Βυζαντίῳ
3167 2822 3446 2892 διαγωγὴν
3511 2819 3788 2889 σιγώντων

2203 2915 2398 2985 ἡμῶνο
2442 2915 2567 2982 ἐμοὶ
2603 2915 2713 2985 γὰρ
2767 2916 2860 2967 καὶ
2913 2914 3204 2985 πάμφυλος
3267 2913 3480 2986 μάρτυς
3528 2913 3672 2982 αὕτη
3712 2913 3786 2977 ὡς

2202 3007 2371 3059 πολλὰ
2407 3006 2505 3077 μὲν
2545 3005 2749 3076 ἔλεγεν,
2797 3007 2998 3076 ἤκουσε
3041 3007 3099 3059 δὲ
3143 3005 3326 3060 οὐδέν’
3373 3005 3488 3060 ἀλλ’
3531 3004 3644 3059 εἴθε
3694 3023 3788 3075 μοι

2204 3097 2365 3151 πάλιν
2417 3094 2486 3170 ἦν
2538 3097 2687 3170 βῆμα
2733 3097 2932 3160 σεμνὸν
2965 3099 3058 3152 καὶ
3101 3097 3365 3170 δικαστὴς
3396 3097 3658 3162 Ἀττικὸς
3695 3099 3788 3150 καὶ

2205 3190 2392 3260 σχῆμα
2466 3188 2720 3263 λαμπρὸν
2765 3190 3028 3261 ’Λθῆναι’
3096 3191 3185 3244 ὅτε
3243 3193 3506 3263 ῥητορικὴ
3532 3191 3634 3262 μὲν
3695 3191 3789 3243 ἐπὶ

2204 3281 2407 3351 σεμνῆς
2437 3281 2654 3352 ἤκμαζε
2687 3282 2856 3353 τύχης
2879 3298 2894 3311 ·
2934 3281 3159 3335 Πλάτων
3206 3282 3263 3336 δὲ
3300 3282 3417 3346 πῶς
3458 3283 3525 3336 ἂν
3573 3284 3788 3352 εἴποιμι

2205 3374 2443 3444 μετρίως
2497 3374 2597 3428 ούκ
2647 3373 2846 3445 ἔφερεν
2889 3373 3260 3445 εὐτυχοῦσανο
3322 3375 3511 3446 γραφὴ
3558 3375 3672 3446 γάρ
3720 3377 3787 3430 ἂν

2201 3467 2364 3531 εὐθὺς
2398 3467 2661 3522 ἀπέκειτο
2711 3467 2854 3522 κατὰ
2885 3467 2980 3522 σοῦ
3001 3483 3018 3499 ο
3051 3466 3128 3532 ὡς
3181 3467 3386 3522 ἀδικεῖν
3415 3469 3514 3540 τὴν
3555 3468 3786 3524 Ἐλλάδα

2203 3559 2523 3632 ῥητορικὴν,
2548 3561 2634 3630 ἐφ’
2667 3553 2736 3631 ἧς
2774 3561 3068 3632 ἑστήκασιν
3112 3561 3169 3615 αί
3207 3560 3411 3626 πόλεις,
3452 3562 3608 3616 οὐδὲν
3641 3558 3782 3617 slva!

2199 3667 2254 3702 τι
2279 3651 2451 3715 θέλεις
2498 3650 2811 3722 παρελθὼν,
2850 3651 3230 3724 κατηγόρουν’
3276 3653 3412 3708 ἀλλά
3461 3671 3554 3724 μοι
3587 3653 3785 3725 μικρὸν

2205 3741 2353 3795 δίδου
2389 3742 2760 3796 νεανιεύεσθαι
2792 3760 2808 3775 ο
2857 3742 2958 3814 ἤδη
2997 3742 3107 3815 γὰρ
3147 3743 3237 3797 ὑπ’
3263 3744 3430 3814 ὀργῆς
3464 3745 3560 3798 καὶ
3607 3743 3784 3813 λόγων

2201 3833 2536 3904 κατηγορίας
2580 3834 2976 3905 ὲμπίπλαμαν
3029 3837 3126 3890 καὶ
3169 3836 3268 3908 τὴν
3332 3837 3511 3909 ἀρχὴν
3571 3836 3672 3892 οὐκ
3717 3839 3782 3891 ἂν

2203 3926 2569 3995 σιωπήσαιμι,
2608 3925 2774 3979 Οὐδὲν
2812 3920 2880 3997 ἦν
2923 3925 3030 3999 ἄρα
3058 3925 3380 3999 δεινότερον,
3428 3921 3473 3982 ὧ
3505 3928 3781 3994 δικασταὶ,

2200 4014 2233 4085 ἤ
2282 4015 2411 4067 ὅταν
2469 4013 2755 4084 ἄνθρωπος
2817 4015 2976 4071 τοῦτο
3012 4017 3145 4090 λέγῃ
3192 4019 3379 4083 κακῶς
3445 4019 3568 4073 ὅθεν
3633 4021 3784 4092 αὐτῷ

2202 4104 2530 4176 προσῆλθεν,
2577 4099 2689 4170 οἷος
2730 4108 2862 4177 ἡμῖν
2890 4107 2918 4158 ό
2957 4109 3405 4178 χρηστὸςούτοσὶ
3434 4109 3610 4179 λέγων
3651 4113 3782 4182 περὶ

2203 4195 2295 4250 σού
2327 4197 2470 4251 κατὰ
2500 4198 2796 4269 ῥητορικῆς
2826 4197 3001 4270 τολμᾷ
3033 4217 3085 4252 τι
3109 4200 3202 4254 καὶ
3231 4199 3567 4270 φθέγγεσθαι
3595 4216 3610 4230 ·
3652 4202 3781 4274 ἑξῆς

2199 4287 2352 4358 αὐτῷ
2387 4286 2500 4358 βίος
2535 4288 2812 4360 εὐδαίμων
2842 4289 2934 4344 καὶ
2975 4291 3154 4361 φῆμαι
3179 4305 3194 4320 ·
3241 4290 3382 4344 ὥστε
3409 4292 3514 4346 κᾶν
3548 4294 3648 4364 τὴν
3677 4293 3784 4362 ψῆ-

2201 4397 2301 4452 φον
2337 4373 2500 4454 λάϐῃ,
2537 4382 2816 4453 νενίκηται
2839 4383 3026 4456 ξταύτῃ
3060 4385 3296 4456 κρατῶν,
3331 4385 3393 4452 ἒξ
3425 4381 3492 4459 ἦς
3540 4387 3687 4458 αὐτῷ
3721 4389 3782 4441 τὸ

2205 4478 2362 4548 νικᾷν
2389 4493 2403 4506 ’
2444 4476 2542 4530 καλ⁸
2578 4477 2815 4550 μάρτυρι
2841 4477 3040 4550 χρῆται
3067 4479 3146 4550 τῷ
3192 4478 3439 4534 Πλάτωνι
3467 4479 3525 4544 ὃς
3556 4481 3655 4554 τὴν
3684 4482 3784 4553 ρηο

517 4591 605 4630 me
627 4576 864 4641 edoctis,
889 4591 1104 4645 poenam
1132 4591 1236 4630 non
1259 4577 1536 4631 adderem.
1555 4575 1742 4631 Polum
1761 4587 1810 4631 et
1842 4577 2094 4633 Calliclca

2201 4567 2424 4640 τορικὴν
2455 4570 2657 4641 ἐσχάτῃ
2689 4570 2890 4624 δέδωκε
2910 4571 3101 4644 μοίρᾳ,
3127 4571 3220 4626 καὶ
3245 4573 3324 4635 είς
3352 4573 3595 4645 ῥητόρων
3621 4573 3781 4642 ὓϐριν

517 4668 728 4732 dicens,
759 4662 1038 4721 Platonem
1068 4667 1190 4721 dico
1223 4684 1238 4722 :
1265 4667 1353 4720 ille
1379 4671 1521 4722 enim
1557 4667 1649 4722 tibi
1678 4682 1774 4724 eos
1810 4667 1960 4738 fingit
2005 4683 2090 4724 ve-

516 4759 596 4812 lut
623 4759 676 4812 in
693 4761 938 4813 dramate
962 4774 1084 4829 quae
1111 4774 1176 4816 ex
1201 4759 1504 4829 composito
1532 4761 1673 4814 inter
1696 4775 1756 4816 se
1795 4761 2089 4816 concinna.

517 4851 721 4917 veriut,
773 4853 1055 4921 loquentes
1087 4869 1100 4917 ;
1139 4853 1222 4907 sin
1262 4863 1442 4908 autem
1475 4855 1755 4910 commdiae
1809 4853 2085 4910 Socratem

515 4945 658 5016 loqui
685 4945 850 5000 sinas.

2205 4660 2405 4732 ἐχώρει
2453 4661 2619 4726 πολύς
2643 4680 2654 4693 ·
2688 4664 2863 4717 ταῦτα
2917 4664 3188 4734 μαθόντας
3233 4665 3362 4729 τοὺς
3394 4665 3472 4736 τῷ
3519 4666 3663 4738 λόγῳ
3696 4666 3781 4719 δι-

2199 4754 2427 4818 καστὰς,
2465 4754 2565 4807 οὐκ
2603 4755 2668 4808 ἂν
2696 4754 2774 4809 ἔτι
2805 4755 3106 4828 προσθείην
3135 4756 3194 4810 τὸ
3215 4756 3456 4828 τίμημα.
3508 4758 3694 4812 Πῶλον
3724 4760 3782 4813 δὲ

2197 4845 2294 4896 καὶ
2353 4844 2660 4898 Καλλικλέα
2714 4847 2919 4916 λέγων,
2968 4848 3250 4920 προστίθει
3295 4849 3390 4904 τοῦ
3461 4849 3777 4914 Πλάτωνος·

2197 4935 2420 4999 τούτους
2447 4936 2558 5007 γὰρ
2594 4937 2772 5009 ἑαυτῷ
2801 4938 3127 5010 δημιουργεῖ
3164 4940 3416 5012 καθάπερ
3457 4942 3515 4996 ὲν
3538 4940 3780 5012 δράματι

2197 5027 2620 5099 φθεγγομένους,
2675 5031 2710 5084 δι
2739 5031 2802 5101 δὴ
2843 5032 3125 5087 συνέθεντο
3148 5049 3161 5063 ·
3194 5036 3241 5088 εί
3274 5034 3329 5087 δὲ
3362 5034 3461 5105 μὴ,
3491 5035 3583 5088 τὸν
3621 5037 3678 5088 ὲν
3712 5039 3778 5106 τῇ

2196 5121 2461 5192 κωμῳδίᾳ.
2499 5121 2640 5176 δίδου
2685 5124 2982 5196 Σωκράτην
3023 5125 3274 5195 ἡγεῖσθαι
3320 5126 3420 5197 (1).

2016 5204 2241 5264 NOTAE.

586 5295 662 5365 (1)
703 5291 934 5365 Epistula
961 5306 1086 5365 qua;
1111 5291 1349 5365 ineditis
1384 5298 1466 5345 est
1486 5289 1594 5365 Lll,
1623 5293 1944 5365 incipitque,
1971 5297 2088 5352 Νῦν

510 5355 678 5440 όντως
710 5355 902 5431 ἔγνων,
937 5355 1042 5440 ούκ
1058 5355 1126 5431 ἦν
1147 5360 1442 5440 ἀρα-λόγος
1477 5355 1592 5416 ἀλλ⁴
1618 5355 1778 5440 ἔργον
1905 5355 2084 5440 φήμη,

513 5437 759 5488 lacunam
794 5448 902 5500 pne
931 5448 989 5488 se
1018 5432 1121 5486 fert
1146 5433 1194 5486 in
1231 5433 1382 5486 libris
1414 5432 1658 5502 itemque
1682 5436 1732 5488 in
1758 5432 1943 5492 codice
1967 5432 2087 5495 "re-

511 5507 600 5573 gio
633 5505 754 5559 Val.
787 5504 986 5573 159m.
1008 5504 1136 5570 251,
1165 5506 1216 5559 b.
1249 5505 1327 5557 sic
1356 5502 1413 5557 ὃν
1455 5505 1512 5556 ὲν
1531 5507 1648 5569 ταῖς
1674 5505 1803 5559 εύ...
1845 5506 2083 5565 ακούειν.

512 5572 687 5648 καίτοι
720 5589 807 5641 γε,
839 5584 943 5648 etc.
970 5572 1140 5648 Porro
1161 5589 1280 5642 qua:
1303 5575 1649 5648 continuatur
1679 5592 1804 5644 pars
1847 5580 2087 5648 epistolae

512 5647 564 5699 in
616 5647 768 5699 libris
799 5653 852 5697 et
882 5645 934 5697 in
960 5645 1216 5712 praet‘hcto
1245 5647 1431 5700 codice
1463 5647 1581 5701 sine
1611 5647 1772 5700 dubio
1804 5645 1974 5703 aliena
1999 5662 2084 5707 est

513 5715 585 5786 ab
609 5717 709 5786 hac
744 5714 967 5786 epistola
997 5715 1410 5786 importuueque
1437 5719 1647 5772 absnta.
1678 5716 1970 5775 Bandinius
1995 5724 2080 5776 ni-

513 5785 590 5839 hil
621 5785 763 5860 aliutl
797 5785 1068 5860 adnotavit
1105 5827 1118 5848 ,
1157 5788 1257 5840 nisi
1298 5785 1434 5842 hanc
1492 5788 1772 5860 cpistolatn
1835 5789 2081 5860 aliquan-

513 5862 626 5911 tum
663 5855 718 5910 in
754 5857 930 5913 medio
958 5857 1226 5912 diversam
1258 5873 1394 5926 esse,
1433 5855 1636 5917 scilicet
1667 5875 1694 5915 a
1727 5863 1908 5917 codice
1927 5855 2080 5919 Lau-

2191 5303 2460 5377 rentiano.
2516 5305 2655 5361 Ecce
2705 5313 2890 5377 autem
2937 5307 2990 5361 in
3025 5307 3290 5362 Vaticano
3335 5316 3622 5377 praestante
3647 5309 3775 5364 506.

2191 5375 2429 5444 (p.106)
2488 5378 2578 5446 qui
2643 5376 2772 5447 tnihi
2827 5386 2906 5432 tot
2955 5378 3186 5433 ineditas
3239 5375 3777 5447 Precopiiepistolas

2191 5446 2525 5518 suppeditat,
2555 5447 2623 5502 ita
2667 5461 2728 5501 se
2752 5446 2926 5518 habet
2955 5449 3185 5518 genuina
3210 5446 3605 5518 ejusepistola:
3625 5451 3779 5504 clau-

2189 5516 2302 5591 sula
2339 5515 2540 5591 {neque
2566 5519 2724 5591 aliter
2747 5517 2797 5571 itt
2822 5515 3190 5591 Laurentiano
3219 5515 3406 5591 codice
3469 5520 3569 5591 legi
3603 5535 3779 5591 augu-

2190 5586 2301 5662 ror)
2335 5586 2472 5662 όνλέν
2501 5587 2922 5662 ταῖς-εὐτυχίαις
2950 5587 3151 5662 μᾶλλον
3205 5589 3316 5662 ὀρῷ
3373 5586 3778 5662 μετριώτερον

2188 5653 2312 5708 ὅθεν
2333 5657 2428 5731 ἀεὶ
2462 5659 2555 5710 καὶ
2575 5659 2643 5710 τά
2679 5653 2852 5727 μείζω
2885 5653 3255 5730 προσδέχομαι
3288 5653 3305 5693 ί
3339 5653 3451 5731 τοῖς
3473 5653 3584 5731 γὰρ
3601 5653 3775 5716 τοιού·

2187 5741 2301 5802 τοις
2329 5729 2707 5802 ἐπιμετρεῖται
2747 5731 2967 5802 πάντως
2993 5729 3204 5801 sum,
3237 5730 3402 5802 μηδὲν
3438 5729 3781 5802 τῶν-προλα-

2188 5796 2392 5873 ϐόντων
2437 5796 2827 5873 βασκαίνουσα.
2871 5796 3387 5872 δειιυῖιυῖὁρῖδιυιιι
3419 5820 3436 5858 :
3469 5796 3638 5873 Δέχου
3679 5803 3780 5872 τὴν

2190 5866 2474 5938 παροῦσαν
2503 5867 2814 5939 ἐπιστολήν.
