4046 6386
288 423 430 488 2ἷ37

817 538 948 592 KA'.
991 539 1076 608 Tu
1113 537 1318 608 ΑΥΤῼ.

357 629 528 698 Δέχου
565 629 664 702 τὴν
686 629 969 701 παροῦσαν
1000 631 1309 700 ἐπιστολὴν,
1345 631 1567 701 χρονίαν
1595 631 1718 704 μὲν,
1754 631 1866 684 ἀλλ’

284 722 435 792 ὅμως
480 720 810 792 θαρροῦσαν,
847 723 930 776 ὅτι
959 722 1111 794 παρὰ
1152 724 1322 792 φίλων
1369 723 1636 793 ἀφῖκται’
1673 724 1871 780 οὐκοῦν

288 816 366 884 μὴ
409 814 617 887 ψεύσῃς
648 815 818 886 αὐτὴν
851 815 952 887 τῆς
982 815 1216 882 ἐλπίδος,
1275 817 1750 888 ὰποστρεφόμενός
1810 835 1868 871 τε

285 906 380 958 καὶ
402 907 500 970 τὰς
525 905 697 978 ὀφρῦς
737 907 986 976 συνάγων
1007 908 1142 980 αὐτῇ
1175 923 1189 939 ·
1222 907 1345 962 ἐπεὶ
1371 909 1606 973 καὶτοὺς
1630 910 1870 981 ἐρῶντάς

285 1017 421 1068 φασι
447 999 624 1072 χρόνῳ
652 1001 745 1055 καί
773 1000 925 1071 μόλις
943 1000 1316 1071 ἐπιτυχόντας,
1337 1001 1441 1055 ὑπὸ
1464 1002 1561 1071 τῆς
1585 1000 1869 1072 παρούσης

282 1093 474 1164 ἡδονῆς
513 1093 621 1146 τῶν
655 1093 1036 1164 προλαϐόντων
1081 1094 1258 1147 πόνων
1285 1093 1775 1150 ἐπιλανθάνεσθαι·
1819 1097 1869 1148 εἰ

281 1187 341 1246 δὲ
374 1185 702 1257 σκυθρωπὸς
750 1188 889 1257 πρὸς
925 1185 1129 1258 ταύτην
1180 1187 1422 1258 φανείης,
1474 1187 1717 1258 λυπηρὸν
1770 1186 1870 1258 μὲν

281 1278 424 1343 ὅλον,
459 1279 598 1346 λέξω
629 1277 672 1332 δ’
695 1280 844 1350 ὅμως
876 1293 890 1308 ·
921 1279 1132 1333 δέδοικα
1157 1280 1264 1352 γὰρ
1309 1279 1383 1352 μὴ
1413 1281 1533 1334 οὐδὲ
1567 1281 1700 1350 ἄλλη
1733 1280 1869 1351 πρὸς

284 1370 344 1424 σὲ
375 1371 576 1443 ῥᾳδίως
605 1371 878 1441 ἀφίξεται,
904 1372 1166 1446 ὑϐριστήν
1196 1389 1254 1426 τε
1293 1372 1614 1444 νομίζουσα,
1648 1375 1741 1427 καὶ
1771 1373 1868 1445 τὴν

283 1464 669 1536 προλαϐοὖσαν
698 1461 784 1520 οἷα
815 1466 1053 1520 πέπονθε
1089 1466 1434 1537 λογιζομένη.

734 1558 860 1612 ΚΒ’.
894 1557 1083 1628 ΘΩΜᾼ
1123 1558 1405 1629 ΑΔΕΛΦῼ.

353 1646 555 1700 Ἔοικα
581 1645 692 1700 τῶν
729 1646 1010 1718 ὑμετέρων
1031 1647 1382 1718 γραμμάτων
1412 1646 1775 1718 μετειληφὼς,
1805 1646 1866 1700 οὺ

279 1741 466 1816 μένειν
519 1739 605 1809 ἐφ’
631 1735 714 1803 οἷς
748 1757 852 1793 που
898 1740 994 1794 καὶ
1022 1741 1308 1812 πρότερον,
1351 1740 1487 1795 ἀλλὰ
1523 1741 1736 1812 τρυφᾷν
1788 1738 1866 1811 τῷ

276 1830 495 1903 καιρῷ·
541 1831 635 1887 καὶ
675 1834 908 1904 ἐρμαιον
963 1832 1216 1902 ἡγεῖσθαι
1257 1832 1357 1904 τὴν
1402 1834 1678 1904 ἀφορμήν.
1734 1831 1864 1886 Ἰδοὺ

276 1925 386 1994 γάρ
409 1941 493 1978 σοι
518 1925 627 1977 τῶν
647 1923 942 1980 αἰτούντων
968 1925 1229 1997 ἐξαίφνης
1259 1925 1388 1996 ἐγώ·
1420 1927 1487 1978 σὺ
1515 1925 1572 1979 δὲ
1593 1925 1655 1979 τὸ
1675 1927 1859 1996 τάχος,
1896 1907 1938 1962 Β

272 2011 453 2089 οἶμαι,
486 2016 802 2089 θαυμάζων,
842 2015 977 2088 ταχὺ
1004 2018 1064 2072 τὸ
1092 2018 1192 2090 τῆς
1215 2016 1503 2088 κωμῳδίας
1537 2019 1683 2088 ἐρεῖς
1702 2035 1715 2048 ο
1745 2018 1860 2072 ἀλλ’

274 2107 388 2177 ἐγὼ
418 2107 588 2163 δεινὸν
609 2099 868 2180 ’ἡγούμην
909 2109 959 2162 εἰ
1002 2109 1092 2163 τὸν
1121 2108 1311 2179 χρόνον
1346 2108 1718 2180 περισκοπῶν,
1761 2108 1863 2161 οὐκ

273 2200 490 2271 αἰτήσω
545 2199 740 2255 θᾶττον
767 2199 797 2254 ὃ
828 2199 924 2255 καὶ
964 2200 1048 2254 σοὶ
1095 2200 1295 2253 διδόναι
1335 2200 1506 2271 κάμοὶ
1553 2200 1738 2254 λαϐεῖν
1769 2200 1861 2253 εύ-

272 2293 509 2363 πρεπές.
561 2292 779 2358 Αἰνείας
806 2292 967 2363 γὰρό
994 2292 1094 2364 τὴν
1141 2292 1432 2364 ἐπιστολὴν
1473 2293 1630 2371 ἡμῶν
1681 2294 1858 2348 ἐπιδι-

269 2385 420 2451 δοὺς,
459 2383 683 2454 πολίτης
707 2384 857 2438 ἐστὶν
890 2385 1178 2455 ἡμέτερος,
1218 2384 1278 2438 ὃν
1317 2385 1561 2454 εὐτυχεῖν
1595 2383 1868 2461 βούλομαι-

271 2479 344 2531 δι’
367 2478 544 2549 ὑμῶν.
593 2477 790 2542 Γένους
817 2494 877 2530 τε
893 2475 1000 2548 γὰρ
1029 2476 1142 2548 ἔχει
1165 2475 1368 2540 καλῶς,
1399 2477 1494 2530 καὶ
1531 2476 1622 2529 τὸν
1657 2477 1860 2548 τρόπον

272 2569 427 2624 ἐστὶν
458 2568 764 2639 ἐλεύθερος,
812 2568 907 2622 καὶ
951 2569 1147 2638 τέχνην
1172 2564 1276 2620 οἶδε
1307 2569 1436 2630 τοὺς
1468 2568 1694 2637 νόμους·
1731 2567 1858 2638 βού-

272 2664 428 2717 λεται
454 2662 512 2716 δὲ
537 2661 790 2716 τοσοῦτον
824 2659 1119 2715 ἀπολαύειν
1143 2660 1242 2730 τῆς
1262 2660 1481 2731 τέχνης,
1510 2659 1585 2724 ὡς
1610 2660 1740 2728 θεῷ,
1766 2661 1858 2713 καὶ

272 2755 375 2827 τὴν
425 2753 650 2825 γνώμην
697 2752 882 2823 μένειν
913 2752 1194 2823 ἐλεύθερον
1218 2769 1233 2784 ·
1273 2753 1333 2805 οὐ
1364 2752 1472 2823 γὰρ
1518 2748 1626 2804 οἶδε
1658 2751 1853 2822 κέρδος

275 2845 537 2901 τοσοῦτον
591 2845 922 2916 εὐφραίνειν,
981 2844 1057 2915 μὴ
1103 2847 1239 2914 μετὰ
1282 2843 1491 2896 δικαίου
1544 2842 1856 2914 γενόμενον.

283 2940 526 3012 Ιίάρεστι
559 2939 615 2993 δὲ
642 2937 802 2992 τοῦτο
833 2938 926 2991 καὶ
955 2940 1019 3008 τῇ
1054 2937 1220 3008 πείρᾳ
1250 2937 1442 3007 μαθεῖν
1467 2952 1480 2968 ο
1515 2937 1721 2989 πόλεων
1751 2936 1860 3006 γάρ

277 3049 445 3087 τινων
471 3031 565 3085 ἐπὶ
589 3034 700 3094 τοῖς
730 3030 962 3093 δικαίοις
996 3029 1464 3100 προϐεϐλημένος,
1508 3029 1602 3082 καὶ
1644 3028 1742 3099 τὴν
1767 3031 1860 3081 ὲκο

274 3124 431 3178 δίκου
462 3123 841 3194 προσηγορίαν
877 3120 1076 3186 λαϐὼν,
1102 3115 1258 3184 οὗτος
1284 3122 1593 3191 ἐμιμήσατο
1617 3121 1742 3183 τοὺς
1770 3119 1858 3172 νόε-

279 3233 440 3287 μους,
460 3216 625 3278 ςῶστε
658 3215 752 3270 καὶ
783 3214 1120 3285 συκοφάντου
1153 3213 1314 3283 φύσιν
1357 3212 1608 3283 ἐνίκησεν
1630 3226 1642 3241 ·
1683 3211 1860 3274 οὐδεὶς

277 3307 390 3377 γὰρ
422 3306 638 3360 οὐδόλου
660 3307 782 3362 οὐδὲ
810 3306 1012 3369 ἀδίκως
1034 3304 1340 3375 ἐμέμψατο,
1373 3303 1510 3358 ἀλλὰ
1538 3303 1700 3356 τοῦτο
1721 3303 1861 3374 τάχα

279 3402 380 3453 καὶ
407 3399 585 3469 γέλως
610 3399 786 3452 ἐδόκει
815 3400 930 3461 τοῖς
949 3397 1180 3468 ἄρχουσι
1211 3397 1318 3468 πρὸ
1349 3396 1504 3467 ὑμῶν
1523 3412 1538 3428 ο
1569 3395 1728 3468 μόνου
1755 3395 1863 3466 γὰρ

275 3487 420 3564 ἦσαν
463 3489 560 3544 τοῦ
591 3489 807 3543 λαϐεῖν’
859 3491 887 3543 ό
916 3489 974 3543 δὲ
1011 3489 1118 3544 τῶν
1163 3489 1415 3543 διδόντων
1458 3488 1559 3542 οὐκ
1597 3483 1694 3559 ἦν·
1741 3488 1866 3541 ὅθεν

275 3589 306 3637 ὸ
338 3581 442 3652 μὲν
461 3580 716 3646 ἐπαύετο,
736 3579 914 3652 ἕτεροι
941 3580 1000 3634 δὲ
1019 3574 1180 3651 ἦσαν,
1211 3578 1285 3641 ὼς
1303 3577 1471 3642 εἰκὸς,
1489 3577 1616 3644 ἄξια
1630 3575 1865 3648 δρῶντες

275 3667 355 3728 ὧν
431 3671 826 3727 ἐδεδιιὶυιεισαν⁸
877 3670 1126 3742 βούλεται
1159 3670 1215 3723 δὲ
1260 3669 1354 3723 νῦν
1406 3657 1500 3722 ἐπὶ
1541 3671 1640 3740 τῆς
1692 3669 1865 3739 αὐτῆς

276 3763 458 3833 τύχης
496 3760 775 3830 γενέσθαι,
805 3760 1012 3832 δωρεὰν
1057 3759 1188 3829 ὑμῖν
1227 3757 1520 3829 προσάγων
1549 3755 1610 3808 τὸ
1647 3754 1865 3808 δικαίαν

276 3859 428 3930 ἔχειν
465 3856 564 3929 τὴν
616 3855 845 3927 γνώμην
869 3871 883 3885 ·
939 3850 1050 3924 ἆρά
1096 3871 1179 3906 σοι
1213 3852 1306 3905 τοῦ
1359 3853 1531 3904 αἰτεῖν
1561 3853 1626 3903 ἐκ
1661 3849 1864 3920 μητρὸς

277 3953 525 4022 ἡκόντων
569 3951 956 4021 κατάρχομαι;
1005 3947 1200 4000 οὐκοῦν
1231 3947 1280 3999 εί
1311 3944 1614 4017 θαυμάζεις
1639 3942 1739 4015 τὴν
1781 3943 1865 3997 αῖ-

279 4061 463 4115 τησιν,
487 4043 623 4115 τίμα
649 4041 855 4112 ταύτην
880 4041 993 4104 τοῖς
1024 4038 1229 4109 λόγοις.

830 4221 955 4278 Kl".
995 4221 1082 4294 τᾳ
1118 4217 1323 4291 arra.

363 4316 510 4388 Ἐγώ
553 4333 650 4371 σου
697 4315 794 4388 τὴν
842 4313 1133 4384 ἐπιστολὴν
1178 4311 1430 4382 ἁσμένως
1481 4309 1626 4377 ἰδὼν,
1675 4311 1865 4381 ὥσπερ

283 4412 453 4476 εἰκὸς,
484 4409 730 4463 ἐπαινεῖν
762 4406 818 4459 δὲ
842 4406 979 4477 πρὸς
1013 4404 1172 4471 ἀξίαν
1203 4404 1302 4456 οὐκ
1330 4402 1488 4472 ἔχων,
1521 4400 1721 4474 μικροῦ
1755 4401 1864 4454 δεῖν

284 4523 368 4558 σοι
408 4505 511 4576 τὴν
554 4501 724 4572 αὐτὴν
767 4496 1136 4567 ἁντεπέθηκα,
1167 4493 1649 4566 τούπιγραμμὲνον
1695 4509 1864 4563 μετα·

1730 422 2134 483 EPISTOLJE.

1909 556 1950 610 A

1889 3264 1932 3322 (ἒ

2114 589 2123 602 ,
2566 542 2708 598 XXI.
2749 542 2978 599 EIDEM.

2040 633 2189 688 llanc
2238 633 2423 704 accipe
2465 637 2954 704 epistolamgtarde
2985 635 3201 707 quidem
3252 633 3560 691 venientem

1973 729 2069 782 sed
2132 737 2309 783 tamen
2339 729 2703 789 confidentem
2755 747 2816 786 se
2840 746 2906 786 ex
2947 731 3124 785 amico
3183 729 3385 785 venire.
3429 729 3557 783 Eam

1976 820 2144 892 igitur
2197 837 2263 876 ne
2295 836 2389 890 spe
2427 821 2719 877 defraudes
2741 863 2757 889 ,
2802 838 2899 877 nec
2933 823 3202 893 despicias
3238 839 3336 876 nec
3368 824 3553 876 adver-

1972 928 2066 969 sus
2095 929 2212 969 eam
2238 914 2527 984 supercilia
2557 930 2793 970 moveas.
2823 916 3100 986 Siquidem
3132 916 3388 970 dicuntur
3407 932 3559 968 ama-

1975 1016 2142 1072 tores,
2200 1017 2446 1078 tempore
2510 1008 2599 1062 vix
2665 1017 2922 1077 arrepto,
2976 1009 3373 1078 prteteritorum
3449 1025 3556 1080 pra:

1972 1099 2225 1167 praesenti
2263 1100 2539 1170 voluptate
2565 1100 2810 1156 oblivisci
2847 1102 3131 1156 malorum.
3169 1103 3224 1156 Si
3244 1112 3425 1156 autem
3453 1104 3553 1155 du-

1973 1206 2063 1245 rus
2095 1191 2148 1245 in
2173 1206 2291 1247 eam
2320 1207 2491 1258 esses,
2543 1191 2761 1250 Christo
2789 1193 3035 1260 omnino,
3097 1210 3204 1248 non
3245 1204 3423 1249 tatneu
3475 1205 3556 1248 ta-

1971 1281 2107 1338 ccbo
2140 1303 2155 1339 :
2182 1299 2376 1340 vereor
2402 1286 2603 1341 etenim
2644 1295 2700 1338 ιιι
2726 1286 2836 1355 jam
2871 1286 3041 1340 altera
3074 1287 3140 1340 ad
3169 1297 3220 1340 te
3258 1288 3412 1341 facile
3441 1301 3548 1342 eat.

1969 1378 2047 1432 Te
2100 1386 2297 1448 putans
2350 1379 2672 1450 injuriosum
2718 1387 2775 1434 et
2829 1395 2948 1449 qua:
2987 1395 3146 1450 passa
3187 1381 3352 1436 fuerit
3406 1381 3555 1452 prior

1970 1483 2158 1525 secum
2191 1478 2468 1541 reputans.

2388 1558 2551 1616 XXII.
2584 1559 2849 1618 TIIOMIE
2878 1559 3153 1618 FRATRI.

2042 1651 2168 1707 Mihi
2205 1653 2381 1708 visum
2413 1663 2520 1721 est,
2549 1663 2852 1710 vestrarum
2897 1655 3202 1711 litterarum
3241 1659 3552 1727 cognitione

1969 1743 2177 1808 habita,
2210 1759 2313 1798 non
2344 1753 2494 1800 stare
2528 1745 2595 1800 iis
2626 1746 2825 1816 quibus
2874 1747 3057 1803 forsan
3089 1758 3143 1802 et
3168 1751 3424 1820 primum,
3457 1757 3552 1811 sed

1968 1831 2073 1887 frui
2099 1833 2422 1899 occasione,
2457 1844 2514 1888 et
2545 1843 2798 1904 tauquam
2828 1838 3036 1892 lucrum
3069 1838 3390 1895 existimare
3422 1850 3554 1894 [θυι-τ

1969 1941 2070 1996 pus
2095 1935 2457 1995 opportunum
2499 1941 2513 1982 :
2550 1940 2683 1981 ecce
2718 1927 2862 1982 enim
2897 1929 2993 1982 tibi
3023 1937 3078 1984 et
3113 1945 3338 1986 numero
3369 1940 3551 2002 postu-

1970 2017 2195 2071 lantium
2231 2018 2421 2073 adsum
2450 2019 2632 2074 subito
2659 2036 2673 2071 :
2705 2027 2757 2072 tu
2785 2033 2914 2075 vero
2942 2019 3279 2076 celeritatem
3319 2023 3549 2089 mirans,

1968 2110 2184 2178 Opinor,
2233 2108 2363 2164 illud
2403 2110 2672 2166 comicum
2707 2111 2856 2165 dices
2887 2128 2900 2164 :
2940 2112 3036 2167 sed
3064 2128 3166 2183 ego
3197 2114 3395 2170 mirum
3428 2116 3548 2170 exi-

1968 2202 2280 2257 stimassem
2316 2202 2457 2271 quod
2489 2209 2704 2272 tempus
2740 2203 3210 2272 circumspiciens,
3247 2221 3352 2260 non
3377 2208 3549 2273 petis-

1967 2308 2081 2348 sem
2111 2293 2270 2348 citius
2302 2294 2444 2365 quod
2467 2303 2522 2350 et
2551 2294 2642 2348 tibi
2684 2295 2811 2349 dare
2831 2305 2887 2349 et
2918 2295 3047 2349 inibi
3081 2297 3327 2367 accipere
3352 2313 3552 2352 convc-

1968 2385 2067 2439 nit.
2105 2384 2307 2440 Aiaces
2344 2385 2487 2440 enim
2541 2385 2631 2454 qui
2679 2397 2920 2440 nostram
2968 2385 3254 2453 epistolam
3300 2386 3546 2457 porrigit,

1966 2478 2207 2531 coucivis
2253 2488 2336 2532 est
2373 2488 2579 2542 noster,
2635 2494 2794 2548 quem
2839 2494 2935 2548 per
2966 2493 3060 2533 vos
3108 2477 3307 2534 bonam
3361 2477 3546 2534 sortiri

1968 2567 2239 2622 fortunam
2283 2567 2402 2623 volo
2439 2587 2453 2624 :
2496 2569 2638 2622 bono
2677 2583 2879 2638 genere
2932 2579 3113 2634 natus,
3141 2568 3456 2636 conditione
3484 2567 3547 2622 Ii-

1966 2663 2093 2716 bera
2125 2675 2227 2726 est,
2252 2670 2307 2717 et
2344 2643 2519 2730 quoad
2550 2672 2722 2716 artem
2772 2662 2922 2716 novit
2956 2661 3099 2730 leges
3131 2679 3148 2718 ι
3179 2661 3294 2716 vult
3316 2677 3548 2730 praescr-

1967 2755 2060 2810 tim
2092 2753 2194 2808 frui
2244 2763 2381 2818 arte,
2413 2761 2470 2807 ut
2505 2755 2632 2810 mihi
2672 2752 2908 2819 videtur,
2960 2763 3015 2808 et
3049 2755 3098 2808 itt
3143 2754 3426 2808 sententiis
3462 2771 3548 2808 re-

1969 2863 2190 2901 manere
2245 2847 2420 2902 liber:
2470 2863 2575 2901 non
2632 2848 2774 2901 enim
2825 2847 3029 2915 cogitat
3075 2844 3286 2900 lucrum
3337 2856 3543 2900 tantum

1967 2939 2262 3002 delectare,
2306 2953 2411 2992 non
2445 2953 2569 2993 cum
2602 2936 2817 3005 iustitia
2849 2943 3162 3005 perceptum
3191 2952 3205 2990 :
3249 2944 3464 2990 constat
3491 2947 3547 2989 et

1969 3030 2095 3084 illud
2127 3029 2463 3097 experientia
2512 3029 2807 3083 didicisse:
2847 3029 3064 3082 urbium
3109 3029 3252 3083 enim
3279 3043 3543 3097 quarum-

1969 3125 2089 3178 dam
2121 3137 2218 3192 pro
2256 3122 2470 3192 juribus
2518 3122 2864 3190 praepositus,
2899 3128 2953 3174 et
2980 3119 3286 3174 defensoris
3323 3134 3546 3172 munere

1968 3227 2222 3286 suscepto
2266 3216 2371 3269 iste
2405 3215 2550 3285 leges
2594 3213 2872 3269 simulavit
2911 3213 2985 3266 ita
3022 3223 3078 3266 ut
3112 3221 3167 3266 et
3195 3213 3544 3284 sycophanta:

1968 3318 2214 3362 naturam
2249 3307 2586 3376 superaverit
2619 3323 2632 3359 :
2660 3305 2837 3360 nullus
2857 3307 2999 3361 enim
3035 3306 3147 3359 ullo
3175 3306 3334 3358 modo
3369 3320 3543 3374 neque

1968 3399 2164 3470 injuste
2191 3399 2482 3464 incusavit,
2511 3400 2604 3454 sed
2635 3399 2767 3452 illud
2812 3397 2995 3452 forsan
3027 3409 3083 3452 et
3113 3397 3294 3452 irrisio
3322 3397 3542 3452 videba-

1967 3501 2052 3547 tur
2083 3492 2185 3546 illis
2209 3490 2298 3560 qui
2331 3500 2457 3546 ante
2497 3505 2592 3545 vos
2638 3490 3018 3560 imperabant:
3059 3489 3235 3544 solum
3280 3489 3427 3543 enim
3462 3504 3546 3543 ac-

1965 3585 2146 3651 cipere
2171 3591 2434 3637 noverant.
2462 3599 2475 3636 :
2510 3582 2598 3637 ille
2631 3590 2809 3635 autem
2840 3582 2982 3635 inter
3013 3580 3205 3636 dantes
3239 3596 3342 3634 non
3383 3589 3540 3636 erat:

1967 3673 2088 3726 ideo
2116 3672 2217 3727 iste
2247 3673 2583 3742 quiescebat,
2611 3671 2699 3725 alii
2724 3686 2852 3724 vero
2882 3669 3153 3724 faciebant
3183 3679 3240 3722 ut
3269 3671 3542 3736 convenit.

1967 3765 2130 3835 digna
2169 3764 2236 3819 iis
2264 3780 2383 3833 qua:
2424 3764 2687 3822 dederant
2717 3782 2730 3818 :
2775 3763 2888 3816 vult
2918 3772 3096 3816 autem
3129 3778 3272 3815 nunc
3297 3763 3542 3816 eamdem

1967 3867 2140 3910 artem
2167 3869 2424 3912 exercere
2458 3856 2656 3911 donum
2687 3855 2840 3910 vobis
2867 3853 3318 3923 offerensjustam
3347 3853 3546 3908 habere

1966 3949 2296 4004 sententiam
2337 3965 2352 4002 :
2407 3963 2534 4002 num
2588 3964 2618 4002 a
2668 3956 2721 4002 te
2753 3956 2937 4016 petere
2969 3961 3089 4016 quas
3120 3961 3186 4001 ex
3234 3955 3408 4000 matre
3455 3961 3544 3998 ve-

1967 4041 2144 4106 niunt,
2181 4040 2423 4110 incipio?
2454 4041 2624 4112 Igitur
2659 4041 2704 4096 si
2743 4039 2962 4094 miraris
2987 4038 3328 4109 petitionem,
3355 4051 3547 4092 vercre

1968 4132 2113 4187 illam
2157 4133 2523 4188 sermonibus.

2510 4223 2698 4278 XXIII.
2742 4222 2974 4277 EIDEM.

2037 4319 2149 4391 Ego
2183 4329 2328 4373 tuatn
2374 4318 2658 4386 epistolam
2703 4316 2937 4370 libenter
2986 4315 3093 4369 vidi
3151 4325 3208 4368 ut
3251 4314 3541 4378 convenit,

1967 4431 2088 4470 cum
2113 4397 2295 4468 autem
2344 4411 2567 4465 laudare
2605 4410 2908 4465 secundum
2947 4409 3198 4463 meritum
3233 4423 3336 4462 non
3377 4407 3544 4462 habe-

1970 4519 2104 4571 rem,
2149 4519 2337 4573 parum
2380 4500 2710 4572 abfuitqbin
2764 4501 2860 4554 tibi
2893 4499 3136 4553 eamdem
3186 4501 3541 4564 remitterem,

284 4594 466 4649 ϐαλών
491 4611 502 4622 ·
543 4587 626 4656 οἷς
678 4591 788 4662 γὰρ
849 4587 1001 4658 τάμὰ
1044 4585 1339 4655 θαυμάζων
1375 4581 1719 4648 ἐπέστειλας,
1755 4584 1863 4636 τῶν

1972 4600 2240 4666 scriptura
2293 4604 2496 4649 mutata
2532 4613 2546 4650 :
2604 4607 2701 4663 per
2730 4607 2824 4648 eos
2867 4594 3010 4647 enim
3051 4592 3248 4662 quibus
3286 4607 3402 4646 mea
3447 4591 3547 4646 mi-

286 4686 399 4741 σῶν
429 4683 668 4740 ἐπαίνων
695 4681 914 4737 ἀκούειν
944 4678 1187 4733 ἐδόκουν.
1214 4675 1323 4729 Καί
1355 4673 1444 4745 μοί
1480 4693 1532 4728 τι
1578 4674 1868 4746 παραπλή-

288 4797 405 4834 σιον
433 4778 643 4841 ἐδόκεις
674 4777 869 4841 ποιεῖν,
895 4772 970 4836 ὡς
991 4771 1056 4825 ἂν
1081 4771 1131 4823 εί
1164 4769 1260 4823 καὶ
1279 4769 1371 4821 τὸν
1407 4768 1675 4839 Θερσίτην
1706 4767 1869 4820 ἐθαύ-

291 4870 464 4944 μαζεν
494 4873 524 4925 ὁ
551 4869 791 4942 Νηρεὺς,
815 4867 874 4930 ὃς
898 4865 1184 4928 κάλλιστος
1212 4864 1350 4934 ἀνὴρ
1389 4863 1493 4917 ὑπὸ
1521 4863 1682 4917 Ἴλιον
1713 4859 1863 4934 ἦλθε.

292 4966 458 5020 Ὅθεν
477 4964 643 5028 αἰδώς
670 4981 762 5033 μοι
790 4960 1129 5033 προσέπιπτε
1163 4957 1272 5011 τῶν
1300 4957 1536 5011 ἐπαίνων
1556 4972 1568 4987 ’
1601 4955 1742 5026 πλὴν
1772 4958 1869 5027 οὐχ

290 5059 434 5114 ὥστε
472 5057 550 5131 μὴ
587 5058 801 5129 χαίρειν
838 5052 916 5125 τῷ
945 5053 1270 5123 πράγματι·
1304 5053 1338 5120 ἡ
1370 5051 1476 5121 γὰρ
1507 5049 1764 5120 ἐπιστολὴ
1800 5049 1868 5103 δι’

271 5148 367 5223 ,ὧν
417 5151 579 5223 δῆθεν
609 5148 798 5221 ἐπῄνει
839 5146 909 5202 τὰ
945 5146 1075 5216 ἐμὰ,
1123 5142 1391 5214 ὡραῖζετό
1473 5160 1533 5194 τε
1582 5143 1678 5195 καὶ
1733 5143 1870 5214 πρὸς

297 5245 470 5316 μείζω
515 5243 681 5298 πόθον
727 5240 900 5294 ἐκίνει
954 5237 1048 5292 τὸν
1101 5237 1360 5307 ἐραστήν.
1406 5233 1570 5288 Ἀλλὰ
1625 5234 1722 5288 καὶ
1772 5235 1869 5306 τὴν

296 5336 592 5409 πρεσϐείαν
624 5334 686 5388 ού
715 5331 954 5404 μετρίως
982 5330 1166 5399 ὲπῆρα
1197 5329 1310 5391 τοῖς
1329 5327 1654 5398 γράμμασιν
1682 5343 1696 5358 ·
1736 5326 1785 5378 εί
1812 5327 1870 5379 δὲ

297 5427 620 5499 πρεσϐεύων
659 5424 1012 5494 ἐπαινοῦμαι,
1056 5421 1140 5485 τίς
1187 5419 1253 5474 ἂν
1301 5419 1418 5489 εἴην
1453 5419 1612 5482 αὐτὸς
1655 5421 1870 5473 ἐπινεύ-

300 5536 432 5586 σας;
465 5519 589 5574 ὅθεν
615 5518 724 5587 γὰρ
759 5513 944 5587 μεῖζον
968 5513 1064 5568 τοῦ
1091 5515 1267 5568 αἰτεῖν
1291 5513 1351 5565 τὺ
1379 5511 1596 5578 διδόναι,
1619 5513 1871 5567 τοσοῦτον

297 5613 502 5682 ἀρετῆς
542 5611 698 5679 λόγον
747 5610 776 5662 ό
823 5607 1024 5662 διδόναι
1047 5605 1288 5677 ἶμέλλων
1324 5604 1415 5657 τὸν
1443 5603 1684 5675 ῄτηκότα
1719 5607 1865 5676 νικᾷ.

313 5704 373 5758 '0
416 5705 476 5758 δὲ
522 5701 850 5775 λογιώτατος
905 5701 1124 5763 Αἰνείας
1174 5699 1249 5760 ὡς
1306 5699 1407 5770 ἤδη
1462 5696 1642 5752 λαϐὼν
1699 5699 1873 5768 ἀνυμ-

300 5800 416 5853 νεί·
478 5797 583 5869 ἤδη
648 5795 759 5868 γὰρ
807 5794 968 5867 ἡμῶν
1027 5795 1108 5856 εἰς
1166 5794 1361 5862 πεῖραν
1405 5788 1610 5857 ἐλθὼν,
1663 5791 1720 5842 ἐν
1775 5791 1874 5861 ἴσῳ

300 5889 361 5943 τδ
418 5890 610 5961 μέλλον
671 5890 747 5960 τῷ
795 5887 1092 5959 πραχθέντι
1149 5884 1458 5953 λογίζεται·
1517 5884 1564 5934 εί
1624 5883 1680 5936 δὲ
1744 5884 1872 5955 πρὶν

1973 4706 2099 4744 rans
2132 4705 2229 4760 per
2280 4688 2489 4742 litteras
2521 4685 2746 4748 misisti,
2785 4694 2904 4738 tttas
2943 4685 3127 4738 laudes
3164 4685 3353 4738 audire
3392 4683 3544 4738 vidc-

1973 4783 2096 4844 bar;
2130 4791 2183 4835 ct
2211 4781 2342 4835 mihi
2379 4777 2580 4848 aliquid
2625 4777 2802 4832 simile
2829 4776 3099 4831 videbaris
3129 4775 3312 4830 facere
3350 4775 3425 4830 illi
3453 4775 3541 4845 qui

1972 4873 2278 4928 mirabatur
2324 4869 2630 4924 Tltersitetu
2683 4865 2880 4933 Nereo,
2941 4867 3307 4936 pulcherrimo
3365 4866 3541 4919 virum

1971 4965 2064 5036 qui
2106 4965 2206 5020 sub
2250 4962 2400 5016 lliutn
2444 4970 2748 5015 venerunt:
2785 4960 2908 5014 ideo
2940 4962 3113 5028 pudor
3146 4973 3229 5013 me
3256 4957 3543 5027 superfun-

1972 5059 2133 5111 debat
2157 5055 2366 5108 illarum
2401 5053 2616 5104 laudum
2647 5069 2661 5104 :
2705 5064 2808 5103 non
2860 5057 3114 5118 excerplo
3144 5049 3288 5119 quod
3324 5062 3409 5100 res
3438 5063 3543 5100 non

1974 5149 2103 5202 utihi
2135 5145 2351 5200 afferret
2395 5143 2646 5211 gaudiqu
2677 5161 2689 5196 :
2725 5141 2951 5211 epistola
2984 5141 3127 5195 enim
3161 5140 3228 5193 ab
3256 5139 3318 5194 iis
3347 5139 3544 5209 quibus

1971 5240 2179 5296 scilicet
2219 5236 2472 5291 laudabat
2507 5250 2650 5302 mea,
2687 5233 2987 5289 ornabatur
3022 5244 3076 5287 et
3101 5233 3166 5286 ad
3200 5231 3373 5300 majus
3398 5233 3539 5286 desi-

1973 5334 2181 5388 derium
2211 5329 2483 5385 excitabat
2516 5328 2746 5382 amicum
2783 5342 2796 5378 :
2829 5326 2874 5381 si
2914 5325 3056 5378 enim
3088 5323 3290 5390 legatos
3322 5324 3542 5376 mittens

1975 5425 2184 5491 laudor,
2217 5423 2339 5488 quis
2377 5437 2551 5476 essem
2586 5421 2702 5488 ipse
2744 5415 3058 5488 appelletis?
3090 5415 3254 5486 Igitur
3284 5431 3350 5470 eo
3378 5418 3547 5486 magis

1973 5517 2115 5587 quod
2174 5513 2406 5569 nobilius
2455 5520 2538 5566 est
2579 5511 2708 5564 dare
2758 5524 2919 5585 quam
2969 5517 3173 5577 petere,
3219 5506 3437 5558 virtutis
3472 5522 3552 5558 ra-

1977 5611 2175 5665 tionem
2208 5608 2296 5676 qui
2349 5605 2478 5660 dare
2511 5603 2673 5659 debet
2704 5611 2922 5670 praestat
2976 5600 3069 5655 illo
3099 5600 3190 5670 qui
3227 5598 3379 5669 petiit
3410 5617 3422 5653 :
3466 5595 3547 5650 fa-

1975 5701 2345 5759 cundissimus
2369 5709 2551 5753 autem
2595 5694 2800 5750 [Encas
2840 5695 3065 5762 perinde
3090 5708 3155 5747 ac
3185 5693 3228 5746 si
3251 5690 3362 5762 jam
3393 5706 3547 5744 acce-

1978 5796 2148 5866 pisset
2174 5799 2356 5846 cantat
2385 5810 2399 5846 :
2440 5807 2561 5846 cunt
2595 5789 2735 5844 enim
2759 5789 2868 5855 jam
2905 5796 3147 5841 nostrum
3173 5785 3226 5839 itt
3258 5783 3543 5853 experien-

1978 5889 2106 5944 tiam
2137 5883 2364 5952 venerit,
2406 5899 2558 5954 tuque
2591 5884 2828 5940 futurum
2860 5898 2922 5937 ac
2955 5891 3233 5951 peractum
3265 5875 3495 5931 mstimat
3529 5890 3546 5930 :

3415 421 3571 486 2738‘
