  <div class='ocr_page' id='page_1' title='image "/cluster/home/n/w/nwhite01/storage/ocr_20150623/87:2/hvd.32044019208008/609.png"; bbox 0 0 4046 6386; ppageno 0'>
   <div class='ocr_carea' id='block_1_1' title="bbox 487 419 2077 488">
    <p class='ocr_par' dir='ltr' id='par_1_1' title="bbox 487 420 2077 488">
     <span class='ocr_line' id='line_1_1' title="bbox 487 420 2077 488; baseline -0.005 0"><span class='ocrx_word' id='word_1_1' title='bbox 487 423 633 488; x_wconf 77' lang='grc' dir='ltr'><strong>2⁹ἱ39</strong></span> <span class='ocrx_word' id='word_1_2' title='bbox 1791 420 2077 483; x_wconf 84' lang='lat' dir='ltr'>PROCOP</span> 
     </span>
    </p>
   </div>
   <div class='ocr_carea' id='block_1_2' title="bbox 2182 419 3762 488">
    <p class='ocr_par' dir='ltr' id='par_1_2' title="bbox 2186 419 3762 486">
     <span class='ocr_line' id='line_1_2' title="bbox 2186 419 3762 486; baseline 0.003 -6"><span class='ocrx_word' id='word_1_3' title='bbox 2186 420 2430 482; x_wconf 74' lang='lat' dir='ltr'><strong>GAZ/EI</strong></span> <span class='ocrx_word' id='word_1_4' title='bbox 3617 419 3762 486; x_wconf 76' lang='grc'><strong>2740</strong></span> 
     </span>
    </p>
   </div>
   <div class='ocr_carea' id='block_1_3' title="bbox 491 533 2077 608">
    <p class='ocr_par' dir='ltr' id='par_1_3' title="bbox 491 535 2074 607">
     <span class='ocr_line' id='line_1_3' title="bbox 491 535 2074 607; baseline -0.002 -17"><span class='ocrx_word' id='word_1_5' title='bbox 491 537 536 590; x_wconf 88' lang='lat' dir='ltr'><strong>si</strong></span> <span class='ocrx_word' id='word_1_6' title='bbox 571 550 702 591; x_wconf 88' lang='lat' dir='ltr'><strong>vero</strong></span> <span class='ocrx_word' id='word_1_7' title='bbox 727 543 1017 607; x_wconf 87' lang='lat' dir='ltr'><strong>antequam</strong></span> <span class='ocrx_word' id='word_1_8' title='bbox 1061 535 1310 606; x_wconf 84' lang='lat' dir='ltr'><strong>accipiat,</strong></span> <span class='ocrx_word' id='word_1_9' title='bbox 1342 536 1660 602; x_wconf 85' lang='lat' dir='ltr'><strong>sueclamet,</strong></span> <span class='ocrx_word' id='word_1_10' title='bbox 1695 536 1822 605; x_wconf 89' lang='lat' dir='ltr'><strong>quid</strong></span> <span class='ocrx_word' id='word_1_11' title='bbox 1853 544 1998 589; x_wconf 84' lang='lat' dir='ltr'><strong>esset</strong></span> <span class='ocrx_word' id='word_1_12' title='bbox 2031 535 2074 588; x_wconf 86' lang='lat' dir='ltr'><strong>si</strong></span> 
     </span>
    </p>
   </div>
   <div class='ocr_carea' id='block_1_4' title="bbox 2182 533 3760 608">
    <p class='ocr_par' dir='ltr' id='par_1_4' title="bbox 2182 533 3760 608">
     <span class='ocr_line' id='line_1_4' title="bbox 2182 533 3760 608; baseline 0.003 -22"><span class='ocrx_word' id='word_1_13' title='bbox 2182 533 2367 587; x_wconf 78' lang='grc' dir='ltr'>λαϐεῖν</span> <span class='ocrx_word' id='word_1_14' title='bbox 2393 533 2678 606; x_wconf 76' lang='grc' dir='ltr'><strong>κηρύττει,</strong></span> <span class='ocrx_word' id='word_1_15' title='bbox 2711 536 2794 598; x_wconf 85' lang='grc' dir='ltr'><strong>τίς</strong></span> <span class='ocrx_word' id='word_1_16' title='bbox 2839 536 2909 590; x_wconf 86' lang='grc' dir='ltr'>ἂν</span> <span class='ocrx_word' id='word_1_17' title='bbox 2941 536 3150 604; x_wconf 79' lang='grc' dir='ltr'>γένοιτο</span> <span class='ocrx_word' id='word_1_18' title='bbox 3187 537 3280 592; x_wconf 89' lang='grc' dir='ltr'><strong>τοῦ</strong></span> <span class='ocrx_word' id='word_1_19' title='bbox 3307 535 3649 608; x_wconf 76' lang='grc' dir='ltr'><strong>ποθουμένου</strong></span> <span class='ocrx_word' id='word_1_20' title='bbox 3673 555 3760 590; x_wconf 86' lang='grc' dir='ltr'>τυ-</span> 
     </span>
    </p>
   </div>
   <div class='ocr_carea' id='block_1_5' title="bbox 489 627 2077 702">
    <p class='ocr_par' dir='ltr' id='par_1_5' title="bbox 489 627 2072 698">
     <span class='ocr_line' id='line_1_5' title="bbox 489 627 2072 698; baseline 0 -16"><span class='ocrx_word' id='word_1_21' title='bbox 489 628 632 698; x_wconf 88' lang='lat' dir='ltr'><strong>quod</strong></span> <span class='ocrx_word' id='word_1_22' title='bbox 683 630 956 685; x_wconf 89' lang='lat' dir='ltr'><strong>desiderat</strong></span> <span class='ocrx_word' id='word_1_23' title='bbox 1011 629 1348 684; x_wconf 88' lang='lat' dir='ltr'><strong>obtinuerit?</strong></span> <span class='ocrx_word' id='word_1_24' title='bbox 1399 628 1466 683; x_wconf 85' lang='grc' dir='ltr'><strong>Ει</strong></span> <span class='ocrx_word' id='word_1_25' title='bbox 1493 628 1620 684; x_wconf 89' lang='lat' dir='ltr'><strong>olim</strong></span> <span class='ocrx_word' id='word_1_26' title='bbox 1687 638 1775 681; x_wconf 81' lang='lat' dir='ltr'><strong>tua</strong></span> <span class='ocrx_word' id='word_1_27' title='bbox 1829 627 2072 682; x_wconf 79' lang='lat' dir='ltr'><strong>referens</strong></span> 
     </span>
    </p>
   </div>
   <div class='ocr_carea' id='block_1_6' title="bbox 2182 627 3762 702">
    <p class='ocr_par' dir='ltr' id='par_1_6' title="bbox 2182 627 3762 702">
     <span class='ocr_line' id='line_1_6' title="bbox 2182 627 3762 702; baseline 0.001 -21"><span class='ocrx_word' id='word_1_28' title='bbox 2182 627 2290 698; x_wconf 85' lang='grc' dir='ltr'>χὼν</span> <span class='ocrx_word' id='word_1_29' title='bbox 2315 644 2329 694; x_wconf 90' lang='lat'><strong>;</strong></span> <span class='ocrx_word' id='word_1_30' title='bbox 2358 627 2454 681; x_wconf 74' lang='grc' dir='ltr'><strong>καὶ</strong></span> <span class='ocrx_word' id='word_1_31' title='bbox 2479 645 2610 682; x_wconf 88' lang='grc' dir='ltr'>ποτε</span> <span class='ocrx_word' id='word_1_32' title='bbox 2631 629 2698 683; x_wconf 82' lang='grc' dir='ltr'>τὰ</span> <span class='ocrx_word' id='word_1_33' title='bbox 2723 630 2791 683; x_wconf 78' lang='grc' dir='ltr'>σὰ</span> <span class='ocrx_word' id='word_1_34' title='bbox 2817 629 3175 702; x_wconf 81' lang='grc' dir='ltr'>διηγούμενος</span> <span class='ocrx_word' id='word_1_35' title='bbox 3195 631 3497 702; x_wconf 73' lang='grc' dir='ltr'><strong>προσθήσει</strong></span> <span class='ocrx_word' id='word_1_36' title='bbox 3523 629 3762 692; x_wconf 82' lang='grc' dir='ltr'>πάντως,</span> 
     </span>
    </p>
   </div>
   <div class='ocr_carea' id='block_1_7' title="bbox 490 717 2070 788">
    <p class='ocr_par' dir='ltr' id='par_1_7' title="bbox 490 717 2070 788">
     <span class='ocr_line' id='line_1_7' title="bbox 490 717 2070 788; baseline -0.001 -16"><span class='ocrx_word' id='word_1_37' title='bbox 490 719 818 788; x_wconf 84' lang='lat' dir='ltr'><strong>superaddet</strong></span> <span class='ocrx_word' id='word_1_38' title='bbox 863 719 1112 787; x_wconf 84' lang='lat' dir='ltr'><strong>omnino,</strong></span> <span class='ocrx_word' id='word_1_39' title='bbox 1161 721 1235 774; x_wconf 89' lang='lat' dir='ltr'><strong>ita</strong></span> <span class='ocrx_word' id='word_1_40' title='bbox 1279 729 1337 774; x_wconf 91' lang='lat' dir='ltr'><strong>nt</strong></span> <span class='ocrx_word' id='word_1_41' title='bbox 1367 719 1620 775; x_wconf 76' lang='lat' dir='ltr'><strong>celeriter</strong></span> <span class='ocrx_word' id='word_1_42' title='bbox 1666 717 1943 788; x_wconf 86' lang='lat' dir='ltr'><strong>duplicare</strong></span> <span class='ocrx_word' id='word_1_43' title='bbox 1976 731 2070 771; x_wconf 86' lang='lat' dir='ltr'><strong>ne-</strong></span> 
     </span>
    </p>
   </div>
   <div class='ocr_carea' id='block_1_8' title="bbox 491 809 2068 883">
    <p class='ocr_par' dir='ltr' id='par_1_8' title="bbox 491 809 2068 883">
     <span class='ocr_line' id='line_1_8' title="bbox 491 809 2068 883; baseline 0.001 -21"><span class='ocrx_word' id='word_1_44' title='bbox 491 827 646 867; x_wconf 82' lang='lat' dir='ltr'><strong>cesse</strong></span> <span class='ocrx_word' id='word_1_45' title='bbox 669 821 817 868; x_wconf 90' lang='lat' dir='ltr'><strong>esset</strong></span> <span class='ocrx_word' id='word_1_46' title='bbox 844 815 1088 882; x_wconf 75' lang='lat' dir='ltr'><strong>gratias:</strong></span> <span class='ocrx_word' id='word_1_47' title='bbox 1134 813 1398 883; x_wconf 89' lang='lat' dir='ltr'><strong>optimum</strong></span> <span class='ocrx_word' id='word_1_48' title='bbox 1439 827 1566 867; x_wconf 92' lang='lat' dir='ltr'><strong>vero</strong></span> <span class='ocrx_word' id='word_1_49' title='bbox 1599 809 1835 882; x_wconf 82' lang='lat' dir='ltr'><strong>Megam,</strong></span> <span class='ocrx_word' id='word_1_50' title='bbox 1860 811 1905 864; x_wconf 91' lang='lat' dir='ltr'><strong>si</strong></span> <span class='ocrx_word' id='word_1_51' title='bbox 1941 824 2068 878; x_wconf 89' lang='lat' dir='ltr'><strong>pos-</strong></span> 
     </span>
    </p>
   </div>
   <div class='ocr_carea' id='block_1_9' title="bbox 489 903 2067 968">
    <p class='ocr_par' dir='ltr' id='par_1_9' title="bbox 489 903 2067 968">
     <span class='ocr_line' id='line_1_9' title="bbox 489 903 2067 968; baseline -0.004 -7"><span class='ocrx_word' id='word_1_52' title='bbox 489 907 647 964; x_wconf 80' lang='lat' dir='ltr'><strong>sibile</strong></span> <span class='ocrx_word' id='word_1_53' title='bbox 692 917 839 963; x_wconf 85' lang='lat' dir='ltr'><strong>esset</strong></span> <span class='ocrx_word' id='word_1_54' title='bbox 882 909 1070 964; x_wconf 87' lang='lat' dir='ltr'><strong>eadem</strong></span> <span class='ocrx_word' id='word_1_55' title='bbox 1131 907 1220 962; x_wconf 88' lang='lat' dir='ltr'><strong>die</strong></span> <span class='ocrx_word' id='word_1_56' title='bbox 1283 906 1568 961; x_wconf 85' lang='lat' dir='ltr'><strong>instituere</strong></span> <span class='ocrx_word' id='word_1_57' title='bbox 1620 904 1764 960; x_wconf 88' lang='lat' dir='ltr'><strong>inter</strong></span> <span class='ocrx_word' id='word_1_58' title='bbox 1798 903 2067 968; x_wconf 84' lang='lat' dir='ltr'><strong>rhetores,</strong></span> 
     </span>
    </p>
   </div>
   <div class='ocr_carea' id='block_1_10' title="bbox 491 999 1733 1056">
    <p class='ocr_par' dir='ltr' id='par_1_10' title="bbox 491 999 1733 1056">
     <span class='ocr_line' id='line_1_10' title="bbox 491 999 1733 1056; baseline -0.004 -2"><span class='ocrx_word' id='word_1_59' title='bbox 491 1016 596 1054; x_wconf 86' lang='lat' dir='ltr'><strong>non</strong></span> <span class='ocrx_word' id='word_1_60' title='bbox 627 1001 780 1056; x_wconf 89' lang='lat' dir='ltr'><strong>nobis</strong></span> <span class='ocrx_word' id='word_1_61' title='bbox 804 1001 1118 1056; x_wconf 73' lang='lat' dir='ltr'><strong>necessaria</strong></span> <span class='ocrx_word' id='word_1_62' title='bbox 1153 1001 1294 1055; x_wconf 82' lang='lat' dir='ltr'><strong>foret</strong></span> <span class='ocrx_word' id='word_1_63' title='bbox 1325 1000 1563 1054; x_wconf 79' lang='lat' dir='ltr'><strong>secunda</strong></span> <span class='ocrx_word' id='word_1_64' title='bbox 1600 999 1733 1052; x_wconf 92' lang='lat' dir='ltr'><strong>dies.</strong></span> 
     </span>
    </p>
   </div>
   <div class='ocr_carea' id='block_1_11' title="bbox 526 1087 2032 1150">
    <p class='ocr_par' dir='ltr' id='par_1_11' title="bbox 526 1087 2032 1150">
     <span class='ocr_line' id='line_1_11' title="bbox 526 1087 2032 1150; baseline -0.005 0"><span class='ocrx_word' id='word_1_65' title='bbox 526 1093 716 1150; x_wconf 80' lang='lat' dir='ltr'><strong>XXIV.</strong></span> <span class='ocrx_word' id='word_1_66' title='bbox 741 1093 1115 1149; x_wconf 76' lang='lat' dir='ltr'><strong>ZACIIARUE</strong></span> <span class='ocrx_word' id='word_1_67' title='bbox 1145 1092 1236 1149; x_wconf 85' lang='lat' dir='ltr'><strong>ET</strong></span> <span class='ocrx_word' id='word_1_68' title='bbox 1268 1091 1583 1148; x_wconf 84' lang='lat' dir='ltr'><strong>PHILIPPO</strong></span> <span class='ocrx_word' id='word_1_69' title='bbox 1617 1087 2032 1146; x_wconf 79' lang='lat' dir='ltr'><strong>FRATRIBUS.</strong></span> 
     </span>
    </p>
   </div>
   <div class='ocr_carea' id='block_1_12' title="bbox 555 1183 2071 1253">
    <p class='ocr_par' dir='ltr' id='par_1_12' title="bbox 555 1183 2071 1253">
     <span class='ocr_line' id='line_1_12' title="bbox 555 1183 2071 1253; baseline -0.004 -9"><span class='ocrx_word' id='word_1_70' title='bbox 555 1187 949 1244; x_wconf 84' lang='lat' dir='ltr'><strong>Admirabilem</strong></span> <span class='ocrx_word' id='word_1_71' title='bbox 1001 1185 1272 1241; x_wconf 85' lang='lat' dir='ltr'><strong>Julianqu</strong></span> <span class='ocrx_word' id='word_1_72' title='bbox 1329 1195 1385 1242; x_wconf 91' lang='lat' dir='ltr'><strong>et</strong></span> <span class='ocrx_word' id='word_1_73' title='bbox 1434 1185 1596 1240; x_wconf 87' lang='lat' dir='ltr'><strong>aliter</strong></span> <span class='ocrx_word' id='word_1_74' title='bbox 1628 1184 1848 1253; x_wconf 85' lang='lat' dir='ltr'><strong>quidem</strong></span> <span class='ocrx_word' id='word_1_75' title='bbox 1879 1183 2071 1253; x_wconf 74' lang='lat' dir='ltr'><strong>dilige-</strong></span> 
     </span>
    </p>
   </div>
   <div class='ocr_carea' id='block_1_13' title="bbox 489 1277 2072 1345">
    <p class='ocr_par' dir='ltr' id='par_1_13' title="bbox 489 1277 2072 1345">
     <span class='ocr_line' id='line_1_13' title="bbox 489 1277 2072 1345; baseline -0.006 -8"><span class='ocrx_word' id='word_1_76' title='bbox 489 1285 611 1337; x_wconf 82' lang='lat' dir='ltr'><strong>bam</strong></span> <span class='ocrx_word' id='word_1_77' title='bbox 637 1301 652 1337; x_wconf 96' lang='lat'><strong>:</strong></span> <span class='ocrx_word' id='word_1_78' title='bbox 689 1283 916 1336; x_wconf 89' lang='lat' dir='ltr'><strong>idoneus</strong></span> <span class='ocrx_word' id='word_1_79' title='bbox 942 1283 1085 1336; x_wconf 84' lang='lat' dir='ltr'><strong>enim</strong></span> <span class='ocrx_word' id='word_1_80' title='bbox 1117 1278 1422 1334; x_wconf 87' lang='lat' dir='ltr'><strong>attrahendi</strong></span> <span class='ocrx_word' id='word_1_81' title='bbox 1467 1278 1534 1333; x_wconf 89' lang='lat' dir='ltr'><strong>ad</strong></span> <span class='ocrx_word' id='word_1_82' title='bbox 1565 1277 1780 1333; x_wconf 86' lang='lat' dir='ltr'><strong>labores</strong></span> <span class='ocrx_word' id='word_1_83' title='bbox 1814 1288 2072 1345; x_wconf 90' lang='lat' dir='ltr'><strong>prospere</strong></span> 
     </span>
    </p>
   </div>
   <div class='ocr_carea' id='block_1_14' title="bbox 488 1367 2072 1442">
    <p class='ocr_par' dir='ltr' id='par_1_14' title="bbox 488 1367 2072 1442">
     <span class='ocr_line' id='line_1_14' title="bbox 488 1367 2072 1442; baseline -0.006 -13"><span class='ocrx_word' id='word_1_84' title='bbox 488 1375 768 1429; x_wconf 86' lang='lat' dir='ltr'><strong>cedentem</strong></span> <span class='ocrx_word' id='word_1_85' title='bbox 797 1381 1000 1442; x_wconf 75' lang='lat' dir='ltr'><strong>praeter</strong></span> <span class='ocrx_word' id='word_1_86' title='bbox 1039 1371 1370 1427; x_wconf 86' lang='lat' dir='ltr'><strong>desiderium</strong></span> <span class='ocrx_word' id='word_1_87' title='bbox 1398 1379 1498 1424; x_wconf 67' lang='lat' dir='ltr'><strong>rat</strong></span> <span class='ocrx_word' id='word_1_88' title='bbox 1525 1368 1696 1423; x_wconf 88' lang='lat' dir='ltr'><strong>multo</strong></span> <span class='ocrx_word' id='word_1_89' title='bbox 1721 1368 1894 1439; x_wconf 87' lang='lat' dir='ltr'><strong>magis</strong></span> <span class='ocrx_word' id='word_1_90' title='bbox 1922 1367 2072 1421; x_wconf 85' lang='lat' dir='ltr'><strong>dele-</strong></span> 
     </span>
    </p>
   </div>
   <div class='ocr_carea' id='block_1_15' title="bbox 488 1460 2073 1535">
    <p class='ocr_par' dir='ltr' id='par_1_15' title="bbox 488 1460 2073 1535">
     <span class='ocr_line' id='line_1_15' title="bbox 488 1460 2073 1535; baseline -0.004 -16"><span class='ocrx_word' id='word_1_91' title='bbox 488 1476 666 1521; x_wconf 86' lang='lat' dir='ltr'><strong>ctatus</strong></span> <span class='ocrx_word' id='word_1_92' title='bbox 722 1481 843 1520; x_wconf 87' lang='lat' dir='ltr'><strong>sum</strong></span> <span class='ocrx_word' id='word_1_93' title='bbox 893 1466 1036 1535; x_wconf 92' lang='lat' dir='ltr'><strong>quod</strong></span> <span class='ocrx_word' id='word_1_94' title='bbox 1083 1479 1148 1519; x_wconf 81' lang='lat' dir='ltr'><strong>ex</strong></span> <span class='ocrx_word' id='word_1_95' title='bbox 1197 1463 1396 1518; x_wconf 83' lang='lat' dir='ltr'><strong>vestris</strong></span> <span class='ocrx_word' id='word_1_96' title='bbox 1431 1461 1628 1516; x_wconf 89' lang='lat' dir='ltr'><strong>litteris</strong></span> <span class='ocrx_word' id='word_1_97' title='bbox 1663 1460 1794 1516; x_wconf 91' lang='lat' dir='ltr'><strong>mihi</strong></span> <span class='ocrx_word' id='word_1_98' title='bbox 1836 1468 1957 1513; x_wconf 84' lang='lat' dir='ltr'><strong>nata</strong></span> <span class='ocrx_word' id='word_1_99' title='bbox 1989 1466 2073 1514; x_wconf 90' lang='lat' dir='ltr'><strong>est</strong></span> 
     </span>
    </p>
   </div>
   <div class='ocr_carea' id='block_1_16' title="bbox 487 1553 2071 1626">
    <p class='ocr_par' dir='ltr' id='par_1_16' title="bbox 487 1553 2071 1626">
     <span class='ocr_line' id='line_1_16' title="bbox 487 1553 2071 1626; baseline -0.003 -14"><span class='ocrx_word' id='word_1_100' title='bbox 487 1559 704 1616; x_wconf 78' lang='lat' dir='ltr'><strong>occasio</strong></span> <span class='ocrx_word' id='word_1_101' title='bbox 737 1578 751 1615; x_wconf 94' lang='lat'><strong>:</strong></span> <span class='ocrx_word' id='word_1_102' title='bbox 779 1559 944 1615; x_wconf 89' lang='lat' dir='ltr'><strong>istum</strong></span> <span class='ocrx_word' id='word_1_103' title='bbox 972 1558 1117 1613; x_wconf 90' lang='lat' dir='ltr'><strong>enim</strong></span> <span class='ocrx_word' id='word_1_104' title='bbox 1151 1557 1194 1613; x_wconf 91' lang='lat' dir='ltr'><strong>si</strong></span> <span class='ocrx_word' id='word_1_105' title='bbox 1234 1554 1733 1626; x_wconf 79' lang='lat' dir='ltr'><strong>repreheudissem,</strong></span> <span class='ocrx_word' id='word_1_106' title='bbox 1767 1554 1833 1609; x_wconf 89' lang='lat' dir='ltr'><strong>ad</strong></span> <span class='ocrx_word' id='word_1_107' title='bbox 1864 1553 2071 1626; x_wconf 85' lang='lat' dir='ltr'><strong>Cinny--</strong></span> 
     </span>
    </p>
   </div>
   <div class='ocr_carea' id='block_1_17' title="bbox 491 1644 2068 1718">
    <p class='ocr_par' dir='ltr' id='par_1_17' title="bbox 491 1644 2068 1718">
     <span class='ocr_line' id='line_1_17' title="bbox 491 1644 2068 1718; baseline -0.004 -13"><span class='ocrx_word' id='word_1_108' title='bbox 491 1667 606 1706; x_wconf 80' lang='lat' dir='ltr'><strong>ram</strong></span> <span class='ocrx_word' id='word_1_109' title='bbox 638 1665 761 1706; x_wconf 91' lang='lat' dir='ltr'><strong>esse</strong></span> <span class='ocrx_word' id='word_1_110' title='bbox 783 1649 932 1704; x_wconf 89' lang='lat' dir='ltr'><strong>visus</strong></span> <span class='ocrx_word' id='word_1_111' title='bbox 958 1663 1170 1704; x_wconf 90' lang='lat' dir='ltr'><strong>essem:</strong></span> <span class='ocrx_word' id='word_1_112' title='bbox 1203 1647 1435 1718; x_wconf 84' lang='lat' dir='ltr'><strong>postulat</strong></span> <span class='ocrx_word' id='word_1_113' title='bbox 1458 1659 1639 1700; x_wconf 76' lang='grc' dir='ltr'>ιιιιιειιι</span> <span class='ocrx_word' id='word_1_114' title='bbox 1671 1644 1887 1700; x_wconf 80' lang='lat' dir='ltr'><strong>diﬂieile</strong></span> <span class='ocrx_word' id='word_1_115' title='bbox 1914 1646 2068 1700; x_wconf 85' lang='lat' dir='ltr'><strong>nihil:</strong></span> 
     </span>
    </p>
   </div>
   <div class='ocr_carea' id='block_1_18' title="bbox 489 1737 2073 1806">
    <p class='ocr_par' dir='ltr' id='par_1_18' title="bbox 489 1737 2073 1806">
     <span class='ocr_line' id='line_1_18' title="bbox 489 1737 2073 1806; baseline -0.004 -11"><span class='ocrx_word' id='word_1_116' title='bbox 489 1744 582 1796; x_wconf 85' lang='lat' dir='ltr'><strong>sed</strong></span> <span class='ocrx_word' id='word_1_117' title='bbox 616 1741 742 1796; x_wconf 83' lang='lat' dir='ltr'><strong>huic</strong></span> <span class='ocrx_word' id='word_1_118' title='bbox 786 1755 872 1796; x_wconf 90' lang='lat' dir='ltr'><strong>me</strong></span> <span class='ocrx_word' id='word_1_119' title='bbox 907 1741 1098 1794; x_wconf 82' lang='lat' dir='ltr'><strong>adesse</strong></span> <span class='ocrx_word' id='word_1_120' title='bbox 1139 1747 1194 1794; x_wconf 89' lang='lat' dir='ltr'><strong>et</strong></span> <span class='ocrx_word' id='word_1_121' title='bbox 1227 1738 1339 1793; x_wconf 91' lang='lat' dir='ltr'><strong>illic</strong></span> <span class='ocrx_word' id='word_1_122' title='bbox 1375 1737 1584 1799; x_wconf 86' lang='lat' dir='ltr'><strong>volens,</strong></span> <span class='ocrx_word' id='word_1_123' title='bbox 1618 1751 1715 1804; x_wconf 90' lang='lat' dir='ltr'><strong>per</strong></span> <span class='ocrx_word' id='word_1_124' title='bbox 1754 1751 1850 1790; x_wconf 90' lang='lat' dir='ltr'><strong>vos</strong></span> <span class='ocrx_word' id='word_1_125' title='bbox 1890 1745 2073 1806; x_wconf 77' lang='lat' dir='ltr'><strong>sperat</strong></span> 
     </span>
    </p>
   </div>
   <div class='ocr_carea' id='block_1_19' title="bbox 490 1829 2070 1903">
    <p class='ocr_par' dir='ltr' id='par_1_19' title="bbox 490 1829 2070 1903">
     <span class='ocr_line' id='line_1_19' title="bbox 490 1829 2070 1903; baseline -0.003 -15"><span class='ocrx_word' id='word_1_126' title='bbox 490 1835 621 1890; x_wconf 91' lang='lat' dir='ltr'><strong>illud</strong></span> <span class='ocrx_word' id='word_1_127' title='bbox 648 1833 788 1898; x_wconf 79' lang='lat' dir='ltr'><strong>ﬁeri,</strong></span> <span class='ocrx_word' id='word_1_128' title='bbox 823 1833 964 1903; x_wconf 90' lang='lat' dir='ltr'><strong>quod</strong></span> <span class='ocrx_word' id='word_1_129' title='bbox 998 1843 1052 1887; x_wconf 91' lang='lat' dir='ltr'><strong>et</strong></span> <span class='ocrx_word' id='word_1_130' title='bbox 1078 1848 1179 1903; x_wconf 89' lang='lat' dir='ltr'><strong>ego</strong></span> <span class='ocrx_word' id='word_1_131' title='bbox 1207 1831 1432 1886; x_wconf 87' lang='lat' dir='ltr'><strong>omnino</strong></span> <span class='ocrx_word' id='word_1_132' title='bbox 1463 1849 1477 1886; x_wconf 93' lang='lat'><strong>:</strong></span> <span class='ocrx_word' id='word_1_133' title='bbox 1510 1841 1565 1884; x_wconf 86' lang='lat' dir='ltr'><strong>at</strong></span> <span class='ocrx_word' id='word_1_134' title='bbox 1596 1845 1697 1900; x_wconf 86' lang='lat' dir='ltr'><strong>ego</strong></span> <span class='ocrx_word' id='word_1_135' title='bbox 1725 1829 1859 1883; x_wconf 89' lang='lat' dir='ltr'><strong>nihil</strong></span> <span class='ocrx_word' id='word_1_136' title='bbox 1888 1838 2070 1898; x_wconf 82' lang='lat' dir='ltr'><strong>utpote</strong></span> 
     </span>
    </p>
   </div>
   <div class='ocr_carea' id='block_1_20' title="bbox 2173 717 3765 794">
    <p class='ocr_par' dir='ltr' id='par_1_20' title="bbox 2173 717 3765 794">
     <span class='ocr_line' id='line_1_20' title="bbox 2173 717 3765 794; baseline 0.003 -22"><span class='ocrx_word' id='word_1_137' title='bbox 2173 717 2251 782; x_wconf 85' lang='grc' dir='ltr'>ὡς</span> <span class='ocrx_word' id='word_1_138' title='bbox 2285 720 2381 772; x_wconf 80' lang='grc' dir='ltr'>καὶ</span> <span class='ocrx_word' id='word_1_139' title='bbox 2411 719 2490 790; x_wconf 81' lang='grc' dir='ltr'>τῷ</span> <span class='ocrx_word' id='word_1_140' title='bbox 2511 720 2669 790; x_wconf 85' lang='grc' dir='ltr'>τάχει</span> <span class='ocrx_word' id='word_1_141' title='bbox 2697 721 3074 785; x_wconf 74' lang='grc' dir='ltr'><strong>διπλασιάζειν</strong></span> <span class='ocrx_word' id='word_1_142' title='bbox 3112 721 3221 777; x_wconf 77' lang='grc' dir='ltr'>ἔδει</span> <span class='ocrx_word' id='word_1_143' title='bbox 3241 722 3342 786; x_wconf 79' lang='grc' dir='ltr'><strong>τὰς</strong></span> <span class='ocrx_word' id='word_1_144' title='bbox 3377 723 3650 794; x_wconf 84' lang='grc' dir='ltr'>χάριτας·</span> <span class='ocrx_word' id='word_1_145' title='bbox 3673 720 3765 776; x_wconf 76' lang='grc' dir='ltr'>τὸν</span> 
     </span>
    </p>
   </div>
   <div class='ocr_carea' id='block_1_21' title="bbox 2172 809 3762 888">
    <p class='ocr_par' dir='ltr' id='par_1_21' title="bbox 2172 809 3762 888">
     <span class='ocr_line' id='line_1_21' title="bbox 2172 809 3762 888; baseline 0.001 -21"><span class='ocrx_word' id='word_1_146' title='bbox 2172 812 2230 867; x_wconf 73' lang='grc' dir='ltr'>δὲ</span> <span class='ocrx_word' id='word_1_147' title='bbox 2273 813 2550 884; x_wconf 84' lang='grc' dir='ltr'>βέλτιστον</span> <span class='ocrx_word' id='word_1_148' title='bbox 2602 813 2826 883; x_wconf 79' lang='grc' dir='ltr'>Μέγαν,</span> <span class='ocrx_word' id='word_1_149' title='bbox 2878 816 3038 887; x_wconf 76' lang='grc' dir='ltr'>εἴπερ</span> <span class='ocrx_word' id='word_1_150' title='bbox 3077 809 3188 869; x_wconf 73' lang='grc' dir='ltr'>οἷόν</span> <span class='ocrx_word' id='word_1_151' title='bbox 3226 832 3284 869; x_wconf 87' lang='grc' dir='ltr'><strong>τε</strong></span> <span class='ocrx_word' id='word_1_152' title='bbox 3323 811 3392 888; x_wconf 77' lang='grc' dir='ltr'>ἦν</span> <span class='ocrx_word' id='word_1_153' title='bbox 3439 815 3762 887; x_wconf 80' lang='grc' dir='ltr'>αὑθήμερον</span> 
     </span>
    </p>
   </div>
   <div class='ocr_carea' id='block_1_22' title="bbox 2176 901 3761 978">
    <p class='ocr_par' dir='ltr' id='par_1_22' title="bbox 2176 901 3761 978">
     <span class='ocr_line' id='line_1_22' title="bbox 2176 901 3761 978; baseline 0.001 -22"><span class='ocrx_word' id='word_1_154' title='bbox 2176 901 2611 972; x_wconf 77' lang='grc' dir='ltr'>μετασκευάζειν</span> <span class='ocrx_word' id='word_1_155' title='bbox 2663 905 2744 969; x_wconf 85' lang='grc' dir='ltr'><strong>είς</strong></span> <span class='ocrx_word' id='word_1_156' title='bbox 2793 905 3054 978; x_wconf 77' lang='grc' dir='ltr'>ῥήτορας,</span> <span class='ocrx_word' id='word_1_157' title='bbox 3096 906 3196 960; x_wconf 86' lang='grc' dir='ltr'><strong>οὐκ</strong></span> <span class='ocrx_word' id='word_1_158' title='bbox 3227 906 3296 960; x_wconf 86' lang='grc' dir='ltr'><strong>ἂν</strong></span> <span class='ocrx_word' id='word_1_159' title='bbox 3337 907 3470 977; x_wconf 72' lang='grc' dir='ltr'>ἡμῖν</span> <span class='ocrx_word' id='word_1_160' title='bbox 3497 906 3609 960; x_wconf 70' lang='grc' dir='ltr'>ἔδει</span> <span class='ocrx_word' id='word_1_161' title='bbox 3643 905 3761 959; x_wconf 83' lang='grc' dir='ltr'>δευ-</span> 
     </span>
    </p>
   </div>
   <div class='ocr_carea' id='block_1_23' title="bbox 2172 993 2608 1066">
    <p class='ocr_par' dir='ltr' id='par_1_23' title="bbox 2172 993 2608 1066">
     <span class='ocr_line' id='line_1_23' title="bbox 2172 993 2608 1066; baseline 0.007 -19"><span class='ocrx_word' id='word_1_162' title='bbox 2172 993 2338 1066; x_wconf 78' lang='grc' dir='ltr'>τέρας</span> <span class='ocrx_word' id='word_1_163' title='bbox 2371 994 2608 1064; x_wconf 80' lang='grc' dir='ltr'>ἡμέρας.</span> 
     </span>
    </p>
   </div>
   <div class='ocr_carea' id='block_1_24' title="bbox 2315 1084 3625 1160">
    <p class='ocr_par' dir='ltr' id='par_1_24' title="bbox 2315 1084 3625 1160">
     <span class='ocr_line' id='line_1_24' title="bbox 2315 1084 3625 1160; baseline 0.002 -20"><span class='ocrx_word' id='word_1_164' title='bbox 2315 1084 2442 1142; x_wconf 88' lang='grc' dir='ltr'><strong>ΚΔ’.</strong></span> <span class='ocrx_word' id='word_1_165' title='bbox 2478 1085 2781 1159; x_wconf 80' lang='grc' dir='ltr'><strong>ΖΑΧΑΡΙᾼ</strong></span> <span class='ocrx_word' id='word_1_166' title='bbox 2801 1087 2924 1142; x_wconf 79' lang='grc' dir='ltr'><strong>ΚΑΙ</strong></span> <span class='ocrx_word' id='word_1_167' title='bbox 2953 1087 3239 1160; x_wconf 61' lang='lat' dir='ltr'><strong>«bimum;</strong></span> <span class='ocrx_word' id='word_1_168' title='bbox 3267 1086 3625 1144; x_wconf 74' lang='grc' dir='ltr'><strong>ΔΔΕΛΦΟΙΣ.</strong></span> 
     </span>
    </p>
   </div>
   <div class='ocr_carea' id='block_1_25' title="bbox 2241 1178 3763 1253">
    <p class='ocr_par' dir='ltr' id='par_1_25' title="bbox 2241 1178 3763 1253">
     <span class='ocr_line' id='line_1_25' title="bbox 2241 1178 3763 1253; baseline 0.001 -20"><span class='ocrx_word' id='word_1_169' title='bbox 2241 1178 2347 1233; x_wconf 85' lang='grc' dir='ltr'>Τδν</span> <span class='ocrx_word' id='word_1_170' title='bbox 2380 1178 2697 1250; x_wconf 78' lang='grc' dir='ltr'>θαυμαστὸν</span> <span class='ocrx_word' id='word_1_171' title='bbox 2725 1178 3019 1236; x_wconf 83' lang='grc' dir='ltr'>Ἰουλιανὸν</span> <span class='ocrx_word' id='word_1_172' title='bbox 3041 1180 3137 1235; x_wconf 80' lang='grc' dir='ltr'><strong>καὶ</strong></span> <span class='ocrx_word' id='word_1_173' title='bbox 3165 1179 3342 1245; x_wconf 77' lang='grc' dir='ltr'>ἄλλως</span> <span class='ocrx_word' id='word_1_174' title='bbox 3371 1180 3474 1250; x_wconf 78' lang='grc' dir='ltr'>μὲν</span> <span class='ocrx_word' id='word_1_175' title='bbox 3493 1179 3763 1253; x_wconf 68' lang='grc' dir='ltr'>ἠγάπων·</span> 
     </span>
    </p>
   </div>
   <div class='ocr_carea' id='block_1_26' title="bbox 2177 1270 3765 1345">
    <p class='ocr_par' dir='ltr' id='par_1_26' title="bbox 2177 1270 3765 1345">
     <span class='ocr_line' id='line_1_26' title="bbox 2177 1270 3765 1345; baseline 0.001 -21"><span class='ocrx_word' id='word_1_176' title='bbox 2177 1271 2365 1335; x_wconf 77' lang='grc' dir='ltr'>ἱκανὸς</span> <span class='ocrx_word' id='word_1_177' title='bbox 2413 1271 2522 1344; x_wconf 81' lang='grc' dir='ltr'>γὰρ</span> <span class='ocrx_word' id='word_1_178' title='bbox 2581 1270 2907 1342; x_wconf 76' lang='grc' dir='ltr'><strong>ἐφέλκεσθαι</strong></span> <span class='ocrx_word' id='word_1_179' title='bbox 2964 1271 3166 1336; x_wconf 82' lang='grc' dir='ltr'>πόνους</span> <span class='ocrx_word' id='word_1_180' title='bbox 3230 1271 3566 1344; x_wconf 78' lang='grc' dir='ltr'><strong>εὐτυχοῦντα</strong></span> <span class='ocrx_word' id='word_1_181' title='bbox 3622 1271 3765 1345; x_wconf 71' lang='grc' dir='ltr'>πρὸς</span> 
     </span>
    </p>
   </div>
   <div class='ocr_carea' id='block_1_27' title="bbox 2175 1359 3764 1435">
    <p class='ocr_par' dir='ltr' id='par_1_27' title="bbox 2175 1359 3764 1435">
     <span class='ocr_line' id='line_1_27' title="bbox 2175 1359 3764 1435; baseline 0.001 -20"><span class='ocrx_word' id='word_1_182' title='bbox 2175 1359 2340 1415; x_wconf 79' lang='grc' dir='ltr'>πόθον</span> <span class='ocrx_word' id='word_1_183' title='bbox 2357 1376 2371 1391; x_wconf 89' lang='grc'><strong>·</strong></span> <span class='ocrx_word' id='word_1_184' title='bbox 2419 1360 2557 1416; x_wconf 80' lang='grc' dir='ltr'><strong>πολύ</strong></span> <span class='ocrx_word' id='word_1_185' title='bbox 2586 1359 2643 1415; x_wconf 86' lang='grc' dir='ltr'>δὲ</span> <span class='ocrx_word' id='word_1_186' title='bbox 2676 1361 2879 1432; x_wconf 78' lang='grc' dir='ltr'>μᾶλλον</span> <span class='ocrx_word' id='word_1_187' title='bbox 2901 1359 3080 1434; x_wconf 73' lang='grc' dir='ltr'>ἥσθην</span> <span class='ocrx_word' id='word_1_188' title='bbox 3105 1361 3186 1416; x_wconf 83' lang='grc' dir='ltr'><strong>ὅτι</strong></span> <span class='ocrx_word' id='word_1_189' title='bbox 3212 1379 3304 1434; x_wconf 90' lang='grc' dir='ltr'>μοι</span> <span class='ocrx_word' id='word_1_190' title='bbox 3328 1363 3424 1418; x_wconf 77' lang='grc' dir='ltr'><strong>καὶ</strong></span> <span class='ocrx_word' id='word_1_191' title='bbox 3451 1361 3591 1435; x_wconf 82' lang='grc' dir='ltr'>πρὸς</span> <span class='ocrx_word' id='word_1_192' title='bbox 3622 1362 3764 1435; x_wconf 79' lang='grc' dir='ltr'>ὑμε-</span> 
     </span>
    </p>
   </div>
   <div class='ocr_carea' id='block_1_28' title="bbox 2172 1451 3770 1527">
    <p class='ocr_par' dir='ltr' id='par_1_28' title="bbox 2172 1451 3770 1527">
     <span class='ocr_line' id='line_1_28' title="bbox 2172 1451 3770 1527; baseline 0.003 -21"><span class='ocrx_word' id='word_1_193' title='bbox 2172 1452 2348 1524; x_wconf 85' lang='grc' dir='ltr'>τέρων</span> <span class='ocrx_word' id='word_1_194' title='bbox 2380 1451 2729 1524; x_wconf 83' lang='grc' dir='ltr'>γραμμάτων</span> <span class='ocrx_word' id='word_1_195' title='bbox 2769 1453 2960 1523; x_wconf 83' lang='grc' dir='ltr'>γέγονε</span> <span class='ocrx_word' id='word_1_196' title='bbox 2999 1453 3296 1526; x_wconf 85' lang='grc' dir='ltr'>πρόφασις.</span> <span class='ocrx_word' id='word_1_197' title='bbox 3333 1455 3542 1510; x_wconf 81' lang='grc' dir='ltr'>Τούτου</span> <span class='ocrx_word' id='word_1_198' title='bbox 3573 1454 3685 1527; x_wconf 77' lang='grc' dir='ltr'>γὰρ</span> <span class='ocrx_word' id='word_1_199' title='bbox 3714 1455 3770 1510; x_wconf 82' lang='grc' dir='ltr'>ετ</span> 
     </span>
    </p>
   </div>
   <div class='ocr_carea' id='block_1_29' title="bbox 2173 1542 3766 1618">
    <p class='ocr_par' dir='ltr' id='par_1_29' title="bbox 2173 1542 3766 1618">
     <span class='ocr_line' id='line_1_29' title="bbox 2173 1542 3766 1618; baseline 0.003 -20"><span class='ocrx_word' id='word_1_200' title='bbox 2173 1561 2301 1598; x_wconf 88' lang='grc' dir='ltr'>ποτε</span> <span class='ocrx_word' id='word_1_201' title='bbox 2335 1543 2631 1616; x_wconf 79' lang='grc' dir='ltr'>λαϐοίμην,</span> <span class='ocrx_word' id='word_1_202' title='bbox 2680 1543 2773 1599; x_wconf 69' lang='grc' dir='ltr'><strong>ἐπὶ</strong></span> <span class='ocrx_word' id='word_1_203' title='bbox 2798 1545 2892 1600; x_wconf 75' lang='grc' dir='ltr'><strong>τὸν</strong></span> <span class='ocrx_word' id='word_1_204' title='bbox 2930 1546 3206 1618; x_wconf 81' lang='grc' dir='ltr'>Κιννύραν</span> <span class='ocrx_word' id='word_1_205' title='bbox 3231 1542 3376 1602; x_wconf 74' lang='grc' dir='ltr'>εἶναι</span> <span class='ocrx_word' id='word_1_206' title='bbox 3403 1547 3545 1602; x_wconf 86' lang='grc' dir='ltr'>δοκῶ</span> <span class='ocrx_word' id='word_1_207' title='bbox 3571 1563 3586 1578; x_wconf 92' lang='grc'><strong>·</strong></span> <span class='ocrx_word' id='word_1_208' title='bbox 3619 1547 3766 1602; x_wconf 71' lang='lat' dir='ltr'><strong>alui</strong></span> 
     </span>
    </p>
   </div>
   <div class='ocr_carea' id='block_1_30' title="bbox 2171 1636 3764 1712">
    <p class='ocr_par' dir='ltr' id='par_1_30' title="bbox 2171 1636 3764 1712">
     <span class='ocr_line' id='line_1_30' title="bbox 2171 1636 3764 1712; baseline 0.003 -22"><span class='ocrx_word' id='word_1_209' title='bbox 2171 1637 2228 1690; x_wconf 79' lang='grc' dir='ltr'><strong>δὲ</strong></span> <span class='ocrx_word' id='word_1_210' title='bbox 2278 1637 2542 1710; x_wconf 82' lang='grc' dir='ltr'>δυσχερὲς</span> <span class='ocrx_word' id='word_1_211' title='bbox 2587 1636 2772 1692; x_wconf 88' lang='grc' dir='ltr'>οὐδέν·</span> <span class='ocrx_word' id='word_1_212' title='bbox 2819 1638 2958 1693; x_wconf 70' lang='grc' dir='ltr'><strong>ἀλλὰ</strong></span> <span class='ocrx_word' id='word_1_213' title='bbox 3000 1638 3080 1711; x_wconf 84' lang='grc' dir='ltr'>τῷ</span> <span class='ocrx_word' id='word_1_214' title='bbox 3121 1657 3190 1712; x_wconf 90' lang='grc' dir='ltr'><strong>με</strong></span> <span class='ocrx_word' id='word_1_215' title='bbox 3237 1638 3492 1712; x_wconf 87' lang='grc' dir='ltr'>παρεῖναι</span> <span class='ocrx_word' id='word_1_216' title='bbox 3535 1643 3764 1695; x_wconf 82' lang='grc' dir='ltr'>κακεῖσε</span> 
     </span>
    </p>
   </div>
   <div class='ocr_carea' id='block_1_31' title="bbox 2176 1729 3765 1805">
    <p class='ocr_par' dir='ltr' id='par_1_31' title="bbox 2176 1729 3765 1805">
     <span class='ocr_line' id='line_1_31' title="bbox 2176 1729 3765 1805; baseline 0.002 -22"><span class='ocrx_word' id='word_1_217' title='bbox 2176 1729 2524 1800; x_wconf 80' lang='grc' dir='ltr'>βουλόμενος,</span> <span class='ocrx_word' id='word_1_218' title='bbox 2572 1729 2643 1784; x_wconf 81' lang='grc' dir='ltr'>δι’</span> <span class='ocrx_word' id='word_1_219' title='bbox 2681 1729 2836 1801; x_wconf 85' lang='grc' dir='ltr'>ὐμῶν</span> <span class='ocrx_word' id='word_1_220' title='bbox 2872 1729 3083 1796; x_wconf 82' lang='grc' dir='ltr'>ἐλπίζει</span> <span class='ocrx_word' id='word_1_221' title='bbox 3115 1731 3273 1786; x_wconf 84' lang='grc' dir='ltr'>τοῦτο</span> <span class='ocrx_word' id='word_1_222' title='bbox 3305 1733 3582 1802; x_wconf 82' lang='grc' dir='ltr'>γενέσθαι,</span> <span class='ocrx_word' id='word_1_223' title='bbox 3623 1734 3765 1805; x_wconf 80' lang='grc' dir='ltr'>ὅπερ</span> 
     </span>
    </p>
   </div>
   <div class='ocr_carea' id='block_1_32' title="bbox 2175 1823 3766 1902">
    <p class='ocr_par' dir='ltr' id='par_1_32' title="bbox 2175 1823 3766 1902">
     <span class='ocr_line' id='line_1_32' title="bbox 2175 1823 3766 1902; baseline 0.003 -26"><span class='ocrx_word' id='word_1_224' title='bbox 2175 1825 2396 1888; x_wconf 80' lang='grc' dir='ltr'>πάντως</span> <span class='ocrx_word' id='word_1_225' title='bbox 2433 1823 2594 1893; x_wconf 83' lang='grc' dir='ltr'><strong>κὰγώ</strong></span> <span class='ocrx_word' id='word_1_226' title='bbox 2617 1840 2632 1855; x_wconf 93' lang='grc'><strong>·</strong></span> <span class='ocrx_word' id='word_1_227' title='bbox 2662 1825 2775 1894; x_wconf 82' lang='grc' dir='ltr'><strong>ἐγὼ</strong></span> <span class='ocrx_word' id='word_1_228' title='bbox 2799 1824 2856 1878; x_wconf 82' lang='grc' dir='ltr'><strong>δέ</strong></span> <span class='ocrx_word' id='word_1_229' title='bbox 2893 1825 3046 1880; x_wconf 84' lang='grc' dir='ltr'>οὐδὲν</span> <span class='ocrx_word' id='word_1_230' title='bbox 3074 1825 3142 1881; x_wconf 82' lang='grc' dir='ltr'><strong>ἂν</strong></span> <span class='ocrx_word' id='word_1_231' title='bbox 3168 1827 3196 1881; x_wconf 86' lang='grc' dir='ltr'><strong>ὃ</strong></span> <span class='ocrx_word' id='word_1_232' title='bbox 3224 1843 3278 1879; x_wconf 92' lang='grc' dir='ltr'>τι</span> <span class='ocrx_word' id='word_1_233' title='bbox 3311 1826 3385 1898; x_wconf 83' lang='grc' dir='ltr'><strong>μὴ</strong></span> <span class='ocrx_word' id='word_1_234' title='bbox 3428 1825 3622 1902; x_wconf 86' lang='grc' dir='ltr'>παρὼν</span> <span class='ocrx_word' id='word_1_235' title='bbox 3646 1827 3766 1896; x_wconf 80' lang='grc' dir='ltr'>ἐγι-</span> 
     </span>
    </p>
   </div>
   <div class='ocr_carea' id='block_1_33' title="bbox 490 1913 2077 1996">
    <p class='ocr_par' dir='ltr' id='par_1_33' title="bbox 490 1923 2065 1996">
     <span class='ocr_line' id='line_1_33' title="bbox 490 1923 2065 1996; baseline -0.002 -17"><span class='ocrx_word' id='word_1_236' title='bbox 490 1943 595 1981; x_wconf 87' lang='lat' dir='ltr'><strong>uon</strong></span> <span class='ocrx_word' id='word_1_237' title='bbox 620 1941 860 1996; x_wconf 70' lang='lat' dir='ltr'><strong>prazsens</strong></span> <span class='ocrx_word' id='word_1_238' title='bbox 889 1936 1130 1996; x_wconf 85' lang='lat' dir='ltr'><strong>poteram</strong></span> <span class='ocrx_word' id='word_1_239' title='bbox 1159 1944 1178 1982; x_wconf 89' lang='lat'><strong>:</strong></span> <span class='ocrx_word' id='word_1_240' title='bbox 1222 1927 1399 1994; x_wconf 86' lang='lat' dir='ltr'><strong>quoad</strong></span> <span class='ocrx_word' id='word_1_241' title='bbox 1431 1923 1897 1979; x_wconf 80' lang='lat' dir='ltr'><strong>consistorianuin</strong></span> <span class='ocrx_word' id='word_1_242' title='bbox 1933 1923 2065 1992; x_wconf 90' lang='lat' dir='ltr'><strong>quid</strong></span> 
     </span>
    </p>
   </div>
   <div class='ocr_carea' id='block_1_34' title="bbox 2182 1913 3760 1996">
    <p class='ocr_par' dir='ltr' id='par_1_34' title="bbox 2182 1916 3760 1990">
     <span class='ocr_line' id='line_1_34' title="bbox 2182 1916 3760 1990; baseline 0.003 -20"><span class='ocrx_word' id='word_1_243' title='bbox 2182 1918 2377 1988; x_wconf 77' lang='grc' dir='ltr'>νόμην·</span> <span class='ocrx_word' id='word_1_244' title='bbox 2418 1917 2480 1970; x_wconf 81' lang='grc' dir='ltr'>τὺ</span> <span class='ocrx_word' id='word_1_245' title='bbox 2521 1916 2579 1970; x_wconf 84' lang='grc' dir='ltr'>δὲ</span> <span class='ocrx_word' id='word_1_246' title='bbox 2624 1917 3021 1990; x_wconf 84' lang='grc' dir='ltr'>κονσιστόριον,</span> <span class='ocrx_word' id='word_1_247' title='bbox 3047 1919 3077 1972; x_wconf 85' lang='grc' dir='ltr'><strong>ὃ</strong></span> <span class='ocrx_word' id='word_1_248' title='bbox 3120 1935 3174 1972; x_wconf 90' lang='grc' dir='ltr'>τι</span> <span class='ocrx_word' id='word_1_249' title='bbox 3218 1919 3318 1990; x_wconf 83' lang='grc' dir='ltr'>μέν</span> <span class='ocrx_word' id='word_1_250' title='bbox 3363 1922 3511 1974; x_wconf 80' lang='grc' dir='ltr'>ἐστιν</span> <span class='ocrx_word' id='word_1_251' title='bbox 3545 1920 3760 1989; x_wconf 85' lang='grc' dir='ltr'>ἀγνοῶ·</span> 
     </span>
    </p>
   </div>
   <div class='ocr_carea' id='block_1_35' title="bbox 487 2015 2072 2092">
    <p class='ocr_par' dir='ltr' id='par_1_35' title="bbox 487 2015 2072 2092">
     <span class='ocr_line' id='line_1_35' title="bbox 487 2015 2072 2092; baseline -0.003 -17"><span class='ocrx_word' id='word_1_252' title='bbox 487 2021 559 2075; x_wconf 86' lang='lat' dir='ltr'><strong>sit</strong></span> <span class='ocrx_word' id='word_1_253' title='bbox 611 2022 848 2092; x_wconf 84' lang='lat' dir='ltr'><strong>ignoro:</strong></span> <span class='ocrx_word' id='word_1_254' title='bbox 889 2019 1192 2074; x_wconf 77' lang='lat' dir='ltr'><strong>Romanum</strong></span> <span class='ocrx_word' id='word_1_255' title='bbox 1251 2020 1396 2075; x_wconf 92' lang='lat' dir='ltr'><strong>enim</strong></span> <span class='ocrx_word' id='word_1_256' title='bbox 1449 2033 1545 2089; x_wconf 91' lang='lat' dir='ltr'><strong>per</strong></span> <span class='ocrx_word' id='word_1_257' title='bbox 1605 2017 1789 2072; x_wconf 86' lang='lat' dir='ltr'><strong>urbem</strong></span> <span class='ocrx_word' id='word_1_258' title='bbox 1845 2015 2072 2071; x_wconf 76' lang='lat' dir='ltr'><strong>effundit</strong></span> 
     </span>
    </p>
   </div>
   <div class='ocr_carea' id='block_1_36' title="bbox 491 2108 2070 2185">
    <p class='ocr_par' dir='ltr' id='par_1_36' title="bbox 491 2108 2070 2185">
     <span class='ocr_line' id='line_1_36' title="bbox 491 2108 2070 2185; baseline -0.003 -17"><span class='ocrx_word' id='word_1_259' title='bbox 491 2128 666 2170; x_wconf 85' lang='lat' dir='ltr'><strong>meam</strong></span> <span class='ocrx_word' id='word_1_260' title='bbox 719 2114 915 2168; x_wconf 79' lang='lat' dir='ltr'><strong>famam</strong></span> <span class='ocrx_word' id='word_1_261' title='bbox 951 2132 965 2169; x_wconf 90' lang='lat'><strong>:</strong></span> <span class='ocrx_word' id='word_1_262' title='bbox 997 2130 1094 2185; x_wconf 87' lang='lat' dir='ltr'><strong>per</strong></span> <span class='ocrx_word' id='word_1_263' title='bbox 1133 2129 1229 2169; x_wconf 89' lang='lat' dir='ltr'><strong>vos</strong></span> <span class='ocrx_word' id='word_1_264' title='bbox 1261 2121 1451 2180; x_wconf 74' lang='lat' dir='ltr'><strong>autem</strong></span> <span class='ocrx_word' id='word_1_265' title='bbox 1484 2119 1538 2167; x_wconf 88' lang='lat' dir='ltr'><strong>et</strong></span> <span class='ocrx_word' id='word_1_266' title='bbox 1573 2126 1765 2166; x_wconf 90' lang='lat' dir='ltr'><strong>nomen</strong></span> <span class='ocrx_word' id='word_1_267' title='bbox 1799 2109 1928 2164; x_wconf 89' lang='lat' dir='ltr'><strong>mihi</strong></span> <span class='ocrx_word' id='word_1_268' title='bbox 1959 2108 2070 2180; x_wconf 83' lang='lat' dir='ltr'><strong>pla-</strong></span> 
     </span>
    </p>
   </div>
   <div class='ocr_carea' id='block_1_37' title="bbox 490 2200 2073 2272">
    <p class='ocr_par' dir='ltr' id='par_1_37' title="bbox 490 2200 2073 2272">
     <span class='ocr_line' id='line_1_37' title="bbox 490 2200 2073 2272; baseline -0.001 -16"><span class='ocrx_word' id='word_1_269' title='bbox 490 2215 599 2268; x_wconf 82' lang='lat' dir='ltr'><strong>ret,</strong></span> <span class='ocrx_word' id='word_1_270' title='bbox 630 2214 684 2258; x_wconf 89' lang='lat' dir='ltr'><strong>et</strong></span> <span class='ocrx_word' id='word_1_271' title='bbox 713 2204 952 2258; x_wconf 77' lang='lat' dir='ltr'><strong>divinum</strong></span> <span class='ocrx_word' id='word_1_272' title='bbox 995 2217 1122 2258; x_wconf 89' lang='lat' dir='ltr'><strong>vere</strong></span> <span class='ocrx_word' id='word_1_273' title='bbox 1167 2203 1341 2272; x_wconf 84' lang='lat' dir='ltr'><strong>ipsum</strong></span> <span class='ocrx_word' id='word_1_274' title='bbox 1381 2200 1570 2256; x_wconf 84' lang='lat' dir='ltr'><strong>vellem</strong></span> <span class='ocrx_word' id='word_1_275' title='bbox 1605 2216 1764 2257; x_wconf 90' lang='lat' dir='ltr'><strong>esse:</strong></span> <span class='ocrx_word' id='word_1_276' title='bbox 1799 2210 1854 2254; x_wconf 91' lang='lat' dir='ltr'><strong>et</strong></span> <span class='ocrx_word' id='word_1_277' title='bbox 1879 2215 2073 2255; x_wconf 87' lang='lat' dir='ltr'><strong>vereor</strong></span> 
     </span>
    </p>
   </div>
   <div class='ocr_carea' id='block_1_38' title="bbox 492 2292 2068 2366">
    <p class='ocr_par' dir='ltr' id='par_1_38' title="bbox 492 2292 2068 2366">
     <span class='ocr_line' id='line_1_38' title="bbox 492 2292 2068 2366; baseline 0 -18"><span class='ocrx_word' id='word_1_278' title='bbox 492 2295 929 2366; x_wconf 73' lang='lat' dir='ltr'><strong>appellationem,</strong></span> <span class='ocrx_word' id='word_1_279' title='bbox 957 2297 1111 2364; x_wconf 89' lang='lat' dir='ltr'><strong>cujus</strong></span> <span class='ocrx_word' id='word_1_280' title='bbox 1140 2293 1372 2350; x_wconf 76' lang='lat' dir='ltr'><strong>omeium</strong></span> <span class='ocrx_word' id='word_1_281' title='bbox 1398 2304 1481 2349; x_wconf 89' lang='lat' dir='ltr'><strong>est</strong></span> <span class='ocrx_word' id='word_1_282' title='bbox 1522 2294 1656 2348; x_wconf 92' lang='lat' dir='ltr'><strong>mihi</strong></span> <span class='ocrx_word' id='word_1_283' title='bbox 1688 2292 2021 2364; x_wconf 83' lang='lat' dir='ltr'><strong>incognitum</strong></span> <span class='ocrx_word' id='word_1_284' title='bbox 2054 2309 2068 2348; x_wconf 90' lang='lat'><strong>:</strong></span> 
     </span>
    </p>
   </div>
   <div class='ocr_carea' id='block_1_39' title="bbox 492 2368 2074 2456">
    <p class='ocr_par' dir='ltr' id='par_1_39' title="bbox 492 2368 2074 2456">
     <span class='ocr_line' id='line_1_39' title="bbox 492 2368 2074 2456; baseline -0.003 -12"><span class='ocrx_word' id='word_1_285' title='bbox 492 2390 537 2444; x_wconf 87' lang='lat' dir='ltr'><strong>si</strong></span> <span class='ocrx_word' id='word_1_286' title='bbox 573 2404 700 2443; x_wconf 88' lang='lat' dir='ltr'><strong>vero</strong></span> <span class='ocrx_word' id='word_1_287' title='bbox 749 2400 802 2443; x_wconf 90' lang='lat' dir='ltr'><strong>et</strong></span> <span class='ocrx_word' id='word_1_288' title='bbox 837 2398 1024 2444; x_wconf 80' lang='lat' dir='ltr'><strong>evecta</strong></span> <span class='ocrx_word' id='word_1_289' title='bbox 1073 2387 1174 2442; x_wconf 80' lang='lat' dir='ltr'><strong>fuit</strong></span> <span class='ocrx_word' id='word_1_290' title='bbox 1219 2387 1313 2441; x_wconf 91' lang='lat' dir='ltr'><strong>tibi</strong></span> <span class='ocrx_word' id='word_1_291' title='bbox 1360 2387 1426 2441; x_wconf 85' lang='lat' dir='ltr'><strong>ad</strong></span> <span class='ocrx_word' id='word_1_292' title='bbox 1461 2387 1637 2456; x_wconf 88' lang='lat' dir='ltr'><strong>majus</strong></span> <span class='ocrx_word' id='word_1_293' title='bbox 1683 2368 1922 2449; x_wconf 73' lang='lat' dir='ltr'><strong>fortuna,</strong></span> <span class='ocrx_word' id='word_1_294' title='bbox 1951 2400 2074 2454; x_wconf 88' lang='lat' dir='ltr'><strong>per-</strong></span> 
     </span>
    </p>
   </div>
   <div class='ocr_carea' id='block_1_40' title="bbox 494 2478 2074 2549">
    <p class='ocr_par' dir='ltr' id='par_1_40' title="bbox 494 2478 2074 2549">
     <span class='ocr_line' id='line_1_40' title="bbox 494 2478 2074 2549; baseline -0.001 -15"><span class='ocrx_word' id='word_1_295' title='bbox 494 2496 668 2536; x_wconf 85' lang='lat' dir='ltr'><strong>mane.</strong></span> <span class='ocrx_word' id='word_1_296' title='bbox 702 2491 880 2535; x_wconf 76' lang='lat' dir='ltr'><strong>tamen</strong></span> <span class='ocrx_word' id='word_1_297' title='bbox 931 2492 984 2533; x_wconf 93' lang='lat' dir='ltr'><strong>ut</strong></span> <span class='ocrx_word' id='word_1_298' title='bbox 1019 2479 1213 2534; x_wconf 77' lang='lat' dir='ltr'><strong>novisti</strong></span> <span class='ocrx_word' id='word_1_299' title='bbox 1265 2479 1316 2533; x_wconf 90' lang='lat' dir='ltr'><strong>in</strong></span> <span class='ocrx_word' id='word_1_300' title='bbox 1373 2479 1623 2549; x_wconf 82' lang='lat' dir='ltr'><strong>pristinis</strong></span> <span class='ocrx_word' id='word_1_301' title='bbox 1679 2478 1958 2549; x_wconf 82' lang='lat' dir='ltr'><strong>operibus,</strong></span> <span class='ocrx_word' id='word_1_302' title='bbox 2008 2494 2074 2533; x_wconf 88' lang='lat' dir='ltr'><strong>ne</strong></span> 
     </span>
    </p>
   </div>
   <div class='ocr_carea' id='block_1_41' title="bbox 495 2571 1688 2642">
    <p class='ocr_par' dir='ltr' id='par_1_41' title="bbox 495 2571 1688 2642">
     <span class='ocr_line' id='line_1_41' title="bbox 495 2571 1688 2642; baseline -0.001 -14"><span class='ocrx_word' id='word_1_303' title='bbox 495 2575 801 2630; x_wconf 75' lang='lat' dir='ltr'><strong>thrasonem</strong></span> <span class='ocrx_word' id='word_1_304' title='bbox 834 2573 1287 2628; x_wconf 72' lang='lat' dir='ltr'><strong>consistorianqu</strong></span> <span class='ocrx_word' id='word_1_305' title='bbox 1315 2582 1370 2627; x_wconf 91' lang='lat' dir='ltr'><strong>te</strong></span> <span class='ocrx_word' id='word_1_306' title='bbox 1403 2571 1688 2642; x_wconf 84' lang='lat' dir='ltr'><strong>appellem.</strong></span> 
     </span>
    </p>
   </div>
   <div class='ocr_carea' id='block_1_42' title="bbox 987 2686 1577 2748">
    <p class='ocr_par' dir='ltr' id='par_1_42' title="bbox 987 2686 1577 2748">
     <span class='ocr_line' id='line_1_42' title="bbox 987 2686 1577 2748; baseline -0.005 -4"><span class='ocrx_word' id='word_1_307' title='bbox 987 2689 1151 2746; x_wconf 78' lang='lat' dir='ltr'><strong>XXV.</strong></span> <span class='ocrx_word' id='word_1_308' title='bbox 1183 2686 1577 2748; x_wconf 80' lang='lat' dir='ltr'><strong>ZACHARUE.</strong></span> 
     </span>
    </p>
   </div>
   <div class='ocr_carea' id='block_1_43' title="bbox 563 2803 2075 2876">
    <p class='ocr_par' dir='ltr' id='par_1_43' title="bbox 563 2803 2075 2876">
     <span class='ocr_line' id='line_1_43' title="bbox 563 2803 2075 2876; baseline -0.002 -14"><span class='ocrx_word' id='word_1_309' title='bbox 563 2807 774 2876; x_wconf 83' lang='lat' dir='ltr'><strong>Patria,</strong></span> <span class='ocrx_word' id='word_1_310' title='bbox 816 2822 942 2864; x_wconf 89' lang='lat' dir='ltr'><strong>cum</strong></span> <span class='ocrx_word' id='word_1_311' title='bbox 1002 2807 1112 2862; x_wconf 89' lang='lat' dir='ltr'><strong>Deo</strong></span> <span class='ocrx_word' id='word_1_312' title='bbox 1149 2807 1315 2862; x_wconf 89' lang='lat' dir='ltr'><strong>etiam</strong></span> <span class='ocrx_word' id='word_1_313' title='bbox 1363 2806 1438 2870; x_wconf 80' lang='lat' dir='ltr'><strong>sit</strong></span> <span class='ocrx_word' id='word_1_314' title='bbox 1481 2805 1748 2870; x_wconf 89' lang='lat' dir='ltr'><strong>additum,</strong></span> <span class='ocrx_word' id='word_1_315' title='bbox 1797 2803 2075 2860; x_wconf 72' lang='lat' dir='ltr'><strong>benevolis</strong></span> 
     </span>
    </p>
   </div>
   <div class='ocr_carea' id='block_1_44' title="bbox 492 2898 2074 2968">
    <p class='ocr_par' dir='ltr' id='par_1_44' title="bbox 492 2898 2074 2968">
     <span class='ocr_line' id='line_1_44' title="bbox 492 2898 2074 2968; baseline -0.003 -12"><span class='ocrx_word' id='word_1_316' title='bbox 492 2901 627 2956; x_wconf 91' lang='lat' dir='ltr'><strong>vidit</strong></span> <span class='ocrx_word' id='word_1_317' title='bbox 672 2916 770 2956; x_wconf 91' lang='lat' dir='ltr'><strong>nos</strong></span> <span class='ocrx_word' id='word_1_318' title='bbox 801 2901 1018 2956; x_wconf 86' lang='lat' dir='ltr'><strong>oculis:</strong></span> <span class='ocrx_word' id='word_1_319' title='bbox 1052 2901 1258 2953; x_wconf 86' lang='lat' dir='ltr'><strong>amicos</strong></span> <span class='ocrx_word' id='word_1_320' title='bbox 1295 2899 1439 2954; x_wconf 88' lang='lat' dir='ltr'><strong>enim</strong></span> <span class='ocrx_word' id='word_1_321' title='bbox 1479 2898 1677 2954; x_wconf 90' lang='lat' dir='ltr'><strong>obtulit</strong></span> <span class='ocrx_word' id='word_1_322' title='bbox 1701 2898 1891 2968; x_wconf 84' lang='lat' dir='ltr'><strong>quales</strong></span> <span class='ocrx_word' id='word_1_323' title='bbox 1913 2907 2074 2968; x_wconf 88' lang='lat' dir='ltr'><strong>opta-</strong></span> 
     </span>
    </p>
   </div>
   <div class='ocr_carea' id='block_1_45' title="bbox 2188 2005 3760 2080">
    <p class='ocr_par' dir='ltr' id='par_1_45' title="bbox 2188 2005 3760 2080">
     <span class='ocr_line' id='line_1_45' title="bbox 2188 2005 3760 2080; baseline -0.001 -19"><span class='ocrx_word' id='word_1_324' title='bbox 2188 2005 2483 2078; x_wconf 80' lang='grc' dir='ltr'>Ῥωμαῖκῷ</span> <span class='ocrx_word' id='word_1_325' title='bbox 2507 2005 2618 2078; x_wconf 82' lang='grc' dir='ltr'><strong>γὰρ</strong></span> <span class='ocrx_word' id='word_1_326' title='bbox 2652 2008 2844 2079; x_wconf 73' lang='grc' dir='ltr'>κόσμῳ</span> <span class='ocrx_word' id='word_1_327' title='bbox 2894 2007 3226 2080; x_wconf 71' lang='grc' dir='ltr'>προσϐάλλει</span> <span class='ocrx_word' id='word_1_328' title='bbox 3261 2007 3360 2079; x_wconf 83' lang='grc' dir='ltr'>τὴν</span> <span class='ocrx_word' id='word_1_329' title='bbox 3389 2009 3530 2079; x_wconf 76' lang='grc' dir='ltr'>ἐμὴν</span> <span class='ocrx_word' id='word_1_330' title='bbox 3549 2009 3760 2078; x_wconf 74' lang='grc' dir='ltr'>ἀκοήν·</span> 
     </span>
    </p>
   </div>
   <div class='ocr_carea' id='block_1_46' title="bbox 2170 2097 3762 2170">
    <p class='ocr_par' dir='ltr' id='par_1_46' title="bbox 2170 2097 3762 2170">
     <span class='ocr_line' id='line_1_46' title="bbox 2170 2097 3762 2170; baseline 0.001 -17"><span class='ocrx_word' id='word_1_331' title='bbox 2170 2099 2240 2153; x_wconf 83' lang='grc' dir='ltr'><strong>δι’</strong></span> <span class='ocrx_word' id='word_1_332' title='bbox 2274 2099 2418 2168; x_wconf 84' lang='grc' dir='ltr'>ὑμᾶς</span> <span class='ocrx_word' id='word_1_333' title='bbox 2443 2099 2501 2152; x_wconf 75' lang='grc' dir='ltr'>δὲ</span> <span class='ocrx_word' id='word_1_334' title='bbox 2533 2101 2626 2153; x_wconf 74' lang='grc' dir='ltr'><strong>καὶ</strong></span> <span class='ocrx_word' id='word_1_335' title='bbox 2657 2097 2897 2170; x_wconf 80' lang='grc' dir='ltr'>τοθνομα</span> <span class='ocrx_word' id='word_1_336' title='bbox 2926 2099 3087 2169; x_wconf 84' lang='grc' dir='ltr'>φιλῶ,</span> <span class='ocrx_word' id='word_1_337' title='bbox 3120 2101 3216 2154; x_wconf 63' lang='grc' dir='ltr'><strong>καὶ</strong></span> <span class='ocrx_word' id='word_1_338' title='bbox 3246 2098 3390 2154; x_wconf 85' lang='grc' dir='ltr'>θεῖον</span> <span class='ocrx_word' id='word_1_339' title='bbox 3428 2100 3598 2163; x_wconf 80' lang='grc' dir='ltr'>ὄντως</span> <span class='ocrx_word' id='word_1_340' title='bbox 3626 2099 3762 2155; x_wconf 78' lang='grc' dir='ltr'>αὐτὸ</span> 
     </span>
    </p>
   </div>
   <div class='ocr_carea' id='block_1_47' title="bbox 2175 2188 3762 2266">
    <p class='ocr_par' dir='ltr' id='par_1_47' title="bbox 2175 2188 3762 2266">
     <span class='ocr_line' id='line_1_47' title="bbox 2175 2188 3762 2266; baseline 0.001 -23"><span class='ocrx_word' id='word_1_341' title='bbox 2175 2190 2471 2262; x_wconf 76' lang='grc' dir='ltr'>βουλοίμην</span> <span class='ocrx_word' id='word_1_342' title='bbox 2507 2192 2776 2264; x_wconf 76' lang='grc' dir='ltr'><strong>ὑπάρχειν</strong></span> <span class='ocrx_word' id='word_1_343' title='bbox 2805 2207 2819 2221; x_wconf 90' lang='grc'><strong>·</strong></span> <span class='ocrx_word' id='word_1_344' title='bbox 2869 2193 2961 2245; x_wconf 70' lang='grc' dir='ltr'>καὶ</span> <span class='ocrx_word' id='word_1_345' title='bbox 2992 2193 3135 2263; x_wconf 82' lang='grc' dir='ltr'><strong>τιμῶ</strong></span> <span class='ocrx_word' id='word_1_346' title='bbox 3165 2193 3558 2266; x_wconf 78' lang='grc' dir='ltr'>προσηγορίαν,</span> <span class='ocrx_word' id='word_1_347' title='bbox 3587 2188 3656 2264; x_wconf 73' lang='grc' dir='ltr'><strong>ἧς</strong></span> <span class='ocrx_word' id='word_1_348' title='bbox 3700 2192 3762 2245; x_wconf 77' lang='grc' dir='ltr'>τὺ</span> 
     </span>
    </p>
   </div>
   <div class='ocr_carea' id='block_1_48' title="bbox 2173 2282 3761 2356">
    <p class='ocr_par' dir='ltr' id='par_1_48' title="bbox 2173 2282 3761 2356">
     <span class='ocr_line' id='line_1_48' title="bbox 2173 2282 3761 2356; baseline 0.001 -21"><span class='ocrx_word' id='word_1_349' title='bbox 2173 2283 2335 2353; x_wconf 79' lang='grc' dir='ltr'>ἔργον</span> <span class='ocrx_word' id='word_1_350' title='bbox 2377 2282 2646 2352; x_wconf 74' lang='grc' dir='ltr'>ἠγνόησα.</span> <span class='ocrx_word' id='word_1_351' title='bbox 2681 2285 2741 2336; x_wconf 79' lang='grc' dir='ltr'><strong>ΕΞ</strong></span> <span class='ocrx_word' id='word_1_352' title='bbox 2769 2283 2824 2336; x_wconf 82' lang='grc' dir='ltr'>δὲ</span> <span class='ocrx_word' id='word_1_353' title='bbox 2854 2284 2947 2336; x_wconf 73' lang='grc' dir='ltr'>καὶ</span> <span class='ocrx_word' id='word_1_354' title='bbox 2977 2283 3378 2354; x_wconf 70' lang='grc' dir='ltr'>μεταϐέϐληται</span> <span class='ocrx_word' id='word_1_355' title='bbox 3411 2301 3492 2338; x_wconf 89' lang='grc' dir='ltr'>σοι</span> <span class='ocrx_word' id='word_1_356' title='bbox 3532 2285 3671 2356; x_wconf 68' lang='grc' dir='ltr'>πρὶς</span> <span class='ocrx_word' id='word_1_357' title='bbox 3699 2283 3761 2337; x_wconf 82' lang='grc' dir='ltr'><strong>τδ</strong></span> 
     </span>
    </p>
   </div>
   <div class='ocr_carea' id='block_1_49' title="bbox 2177 2373 3760 2448">
    <p class='ocr_par' dir='ltr' id='par_1_49' title="bbox 2177 2373 3760 2448">
     <span class='ocr_line' id='line_1_49' title="bbox 2177 2373 3760 2448; baseline 0.001 -22"><span class='ocrx_word' id='word_1_358' title='bbox 2177 2374 2362 2443; x_wconf 78' lang='grc' dir='ltr'>μεῖζον</span> <span class='ocrx_word' id='word_1_359' title='bbox 2407 2376 2440 2446; x_wconf 86' lang='grc' dir='ltr'>ἠ</span> <span class='ocrx_word' id='word_1_360' title='bbox 2498 2375 2656 2446; x_wconf 73' lang='grc' dir='ltr'>τύχη,</span> <span class='ocrx_word' id='word_1_361' title='bbox 2703 2375 2840 2428; x_wconf 81' lang='grc' dir='ltr'>ἀλλὰ</span> <span class='ocrx_word' id='word_1_362' title='bbox 2886 2375 3015 2444; x_wconf 78' lang='grc' dir='ltr'>μένε</span> <span class='ocrx_word' id='word_1_363' title='bbox 3053 2377 3192 2448; x_wconf 79' lang='grc' dir='ltr'>ὅπερ</span> <span class='ocrx_word' id='word_1_364' title='bbox 3249 2373 3405 2430; x_wconf 76' lang='grc' dir='ltr'>οἶσθα</span> <span class='ocrx_word' id='word_1_365' title='bbox 3437 2376 3603 2430; x_wconf 73' lang='grc' dir='ltr'>πάλαι</span> <span class='ocrx_word' id='word_1_366' title='bbox 3648 2377 3760 2440; x_wconf 80' lang='grc' dir='ltr'>τοῖς</span> 
     </span>
    </p>
   </div>
   <div class='ocr_carea' id='block_1_50' title="bbox 2181 2465 3760 2538">
    <p class='ocr_par' dir='ltr' id='par_1_50' title="bbox 2181 2465 3760 2538">
     <span class='ocr_line' id='line_1_50' title="bbox 2181 2465 3760 2538; baseline 0.002 -20"><span class='ocrx_word' id='word_1_367' title='bbox 2181 2466 2390 2536; x_wconf 84' lang='grc' dir='ltr'>ἔργοις,</span> <span class='ocrx_word' id='word_1_368' title='bbox 2438 2465 2526 2521; x_wconf 88' lang='grc' dir='ltr'><strong>ἴνα</strong></span> <span class='ocrx_word' id='word_1_369' title='bbox 2584 2467 2659 2538; x_wconf 87' lang='grc' dir='ltr'>μή</span> <span class='ocrx_word' id='word_1_370' title='bbox 2732 2485 2793 2521; x_wconf 89' lang='grc' dir='ltr'><strong>σε</strong></span> <span class='ocrx_word' id='word_1_371' title='bbox 2859 2467 3095 2532; x_wconf 80' lang='grc' dir='ltr'>ἀλαζόνα</span> <span class='ocrx_word' id='word_1_372' title='bbox 3149 2468 3588 2534; x_wconf 78' lang='grc' dir='ltr'>κονσιστοριανδν</span> <span class='ocrx_word' id='word_1_373' title='bbox 3639 2468 3760 2521; x_wconf 74' lang='grc' dir='ltr'>δνο-</span> 
     </span>
    </p>
   </div>
   <div class='ocr_carea' id='block_1_51' title="bbox 2179 2558 2356 2630">
    <p class='ocr_par' dir='ltr' id='par_1_51' title="bbox 2179 2558 2356 2630">
     <span class='ocr_line' id='line_1_51' title="bbox 2179 2558 2356 2630; baseline 0 -19"><span class='ocrx_word' id='word_1_374' title='bbox 2179 2558 2356 2630; x_wconf 84' lang='grc' dir='ltr'>μάσω.</span> 
     </span>
    </p>
   </div>
   <div class='ocr_carea' id='block_1_52' title="bbox 2732 2673 3213 2746">
    <p class='ocr_par' dir='ltr' id='par_1_52' title="bbox 2732 2673 3213 2746">
     <span class='ocr_line' id='line_1_52' title="bbox 2732 2673 3213 2746; baseline 0.004 -19"><span class='ocrx_word' id='word_1_375' title='bbox 2732 2673 2860 2728; x_wconf 83' lang='lat' dir='ltr'><strong>KE&#39;.</strong></span> <span class='ocrx_word' id='word_1_376' title='bbox 2888 2673 3213 2746; x_wconf 82' lang='grc' dir='ltr'><strong>ΖΑΧΑΡΙᾼ.</strong></span> 
     </span>
    </p>
   </div>
   <div class='ocr_carea' id='block_1_53' title="bbox 2257 2782 3760 2864">
    <p class='ocr_par' dir='ltr' id='par_1_53' title="bbox 2257 2782 3760 2864">
     <span class='ocr_line' id='line_1_53' title="bbox 2257 2782 3760 2864; baseline -0.003 -17"><span class='ocrx_word' id='word_1_377' title='bbox 2257 2790 2322 2847; x_wconf 84' lang='grc' dir='ltr'>Ἡ</span> <span class='ocrx_word' id='word_1_378' title='bbox 2351 2791 2571 2863; x_wconf 78' lang='grc' dir='ltr'>πατρὶς,</span> <span class='ocrx_word' id='word_1_379' title='bbox 2620 2793 2720 2846; x_wconf 80' lang='grc' dir='ltr'>σὺν</span> <span class='ocrx_word' id='word_1_380' title='bbox 2749 2791 2870 2864; x_wconf 85' lang='grc' dir='ltr'><strong>Θεῷ</strong></span> <span class='ocrx_word' id='word_1_381' title='bbox 2891 2791 2950 2846; x_wconf 80' lang='grc' dir='ltr'>δὲ</span> <span class='ocrx_word' id='word_1_382' title='bbox 2985 2791 3245 2862; x_wconf 80' lang='grc' dir='ltr'>εἰρήσθω,</span> <span class='ocrx_word' id='word_1_383' title='bbox 3307 2789 3598 2861; x_wconf 78' lang='grc' dir='ltr'>εὐμενέσιν</span> <span class='ocrx_word' id='word_1_384' title='bbox 3616 2782 3760 2843; x_wconf 72' lang='grc' dir='ltr'>εἶδεν</span> 
     </span>
    </p>
   </div>
   <div class='ocr_carea' id='block_1_54' title="bbox 2177 2885 3761 2959">
    <p class='ocr_par' dir='ltr' id='par_1_54' title="bbox 2177 2885 3761 2959">
     <span class='ocr_line' id='line_1_54' title="bbox 2177 2885 3761 2959; baseline -0.001 -17"><span class='ocrx_word' id='word_1_385' title='bbox 2177 2889 2323 2959; x_wconf 76' lang='grc' dir='ltr'>ἡμᾶς</span> <span class='ocrx_word' id='word_1_386' title='bbox 2352 2887 2682 2958; x_wconf 76' lang='grc' dir='ltr'>ὀφθαλμοῖς·</span> <span class='ocrx_word' id='word_1_387' title='bbox 2710 2889 2838 2952; x_wconf 80' lang='grc' dir='ltr'>τοὺς</span> <span class='ocrx_word' id='word_1_388' title='bbox 2887 2887 2998 2958; x_wconf 75' lang='grc' dir='ltr'>γὰρ</span> <span class='ocrx_word' id='word_1_389' title='bbox 3028 2887 3372 2958; x_wconf 87' lang='grc' dir='ltr'>ἐπιτηδείους</span> <span class='ocrx_word' id='word_1_390' title='bbox 3414 2885 3761 2957; x_wconf 60' lang='grc' dir='ltr'>παρέστησεν</span> 
     </span>
    </p>
   </div>
   <div class='ocr_carea' id='block_1_55' title="bbox 495 2977 2077 3062">
    <p class='ocr_par' dir='ltr' id='par_1_55' title="bbox 495 2991 2076 3062">
     <span class='ocr_line' id='line_1_55' title="bbox 495 2991 2076 3062; baseline -0.001 -13"><span class='ocrx_word' id='word_1_391' title='bbox 495 2999 616 3049; x_wconf 84' lang='lat' dir='ltr'><strong>ham</strong></span> <span class='ocrx_word' id='word_1_392' title='bbox 648 2995 830 3049; x_wconf 90' lang='lat' dir='ltr'><strong>videre</strong></span> <span class='ocrx_word' id='word_1_393' title='bbox 864 3013 880 3049; x_wconf 92' lang='lat'><strong>:</strong></span> <span class='ocrx_word' id='word_1_394' title='bbox 915 2994 1063 3048; x_wconf 87' lang='lat' dir='ltr'><strong>brevi</strong></span> <span class='ocrx_word' id='word_1_395' title='bbox 1089 3003 1267 3048; x_wconf 86' lang='lat' dir='ltr'><strong>autem</strong></span> <span class='ocrx_word' id='word_1_396' title='bbox 1294 2992 1598 3062; x_wconf 88' lang='lat' dir='ltr'><strong>interrupta</strong></span> <span class='ocrx_word' id='word_1_397' title='bbox 1633 2991 1845 3046; x_wconf 88' lang='lat' dir='ltr'><strong>theatra</strong></span> <span class='ocrx_word' id='word_1_398' title='bbox 1881 2991 1948 3044; x_wconf 90' lang='lat' dir='ltr'><strong>ad</strong></span> <span class='ocrx_word' id='word_1_399' title='bbox 1987 3005 2076 3047; x_wconf 88' lang='lat' dir='ltr'><strong>me</strong></span> 
     </span>
    </p>
   </div>
   <div class='ocr_carea' id='block_1_56' title="bbox 2182 2977 3763 3062">
    <p class='ocr_par' dir='ltr' id='par_1_56' title="bbox 2182 2977 3763 3053">
     <span class='ocr_line' id='line_1_56' title="bbox 2182 2977 3763 3053; baseline -0.003 -17"><span class='ocrx_word' id='word_1_400' title='bbox 2182 2982 2398 3046; x_wconf 76' lang='grc' dir='ltr'>ὁποίους</span> <span class='ocrx_word' id='word_1_401' title='bbox 2425 2981 2678 3053; x_wconf 83' lang='grc' dir='ltr'>ηὐχόμην</span> <span class='ocrx_word' id='word_1_402' title='bbox 2715 2981 2874 3053; x_wconf 55' lang='grc' dir='ltr'>ἰδεῖκς,</span> <span class='ocrx_word' id='word_1_403' title='bbox 2892 2979 3067 3052; x_wconf 81' lang='grc' dir='ltr'>βραχὺ</span> <span class='ocrx_word' id='word_1_404' title='bbox 3099 2980 3155 3034; x_wconf 81' lang='grc' dir='ltr'><strong>δὲ</strong></span> <span class='ocrx_word' id='word_1_405' title='bbox 3185 2978 3510 3034; x_wconf 83' lang='grc' dir='ltr'>διαλιποῦσα</span> <span class='ocrx_word' id='word_1_406' title='bbox 3552 2977 3763 3052; x_wconf 73' lang='grc' dir='ltr'>θέατρα</span> 
     </span>
    </p>
   </div>
   <div class='ocr_carea' id='block_1_57' title="bbox 493 3071 2077 3155">
    <p class='ocr_par' dir='ltr' id='par_1_57' title="bbox 493 3081 2074 3155">
     <span class='ocr_line' id='line_1_57' title="bbox 493 3081 2074 3155; baseline -0.003 -15"><span class='ocrx_word' id='word_1_407' title='bbox 493 3085 756 3155; x_wconf 88' lang='lat' dir='ltr'><strong>compulit</strong></span> <span class='ocrx_word' id='word_1_408' title='bbox 817 3093 872 3139; x_wconf 91' lang='lat' dir='ltr'><strong>et</strong></span> <span class='ocrx_word' id='word_1_409' title='bbox 922 3083 1144 3154; x_wconf 84' lang='lat' dir='ltr'><strong>plausus</strong></span> <span class='ocrx_word' id='word_1_410' title='bbox 1194 3082 1549 3137; x_wconf 84' lang='lat' dir='ltr'><strong>concitabat:</strong></span> <span class='ocrx_word' id='word_1_411' title='bbox 1599 3091 1654 3136; x_wconf 88' lang='lat' dir='ltr'><strong>et</strong></span> <span class='ocrx_word' id='word_1_412' title='bbox 1711 3095 1795 3135; x_wconf 90' lang='lat' dir='ltr'><strong>me</strong></span> <span class='ocrx_word' id='word_1_413' title='bbox 1830 3081 2074 3151; x_wconf 66' lang='lat' dir='ltr'><strong>quaedam</strong></span> 
     </span>
    </p>
   </div>
   <div class='ocr_carea' id='block_1_58' title="bbox 2182 3071 3760 3155">
    <p class='ocr_par' dir='ltr' id='par_1_58' title="bbox 2182 3071 3760 3147">
     <span class='ocr_line' id='line_1_58' title="bbox 2182 3071 3760 3147; baseline 0 -19"><span class='ocrx_word' id='word_1_414' title='bbox 2182 3094 2269 3147; x_wconf 84' lang='grc' dir='ltr'><strong>μοι</strong></span> <span class='ocrx_word' id='word_1_415' title='bbox 2302 3075 2501 3145; x_wconf 84' lang='grc' dir='ltr'>συνῆγε</span> <span class='ocrx_word' id='word_1_416' title='bbox 2527 3075 2622 3128; x_wconf 73' lang='grc' dir='ltr'>καὶ</span> <span class='ocrx_word' id='word_1_417' title='bbox 2644 3075 2871 3145; x_wconf 82' lang='grc' dir='ltr'>κρότους</span> <span class='ocrx_word' id='word_1_418' title='bbox 2901 3075 3072 3128; x_wconf 79' lang='grc' dir='ltr'>ἐκίνει</span> <span class='ocrx_word' id='word_1_419' title='bbox 3096 3091 3111 3106; x_wconf 90' lang='grc'><strong>·</strong></span> <span class='ocrx_word' id='word_1_420' title='bbox 3145 3073 3238 3127; x_wconf 86' lang='grc' dir='ltr'><strong>καί</strong></span> <span class='ocrx_word' id='word_1_421' title='bbox 3274 3073 3346 3145; x_wconf 80' lang='grc' dir='ltr'>μέ</span> <span class='ocrx_word' id='word_1_422' title='bbox 3367 3091 3453 3138; x_wconf 88' lang='grc' dir='ltr'><strong>τις</strong></span> <span class='ocrx_word' id='word_1_423' title='bbox 3486 3075 3647 3145; x_wconf 82' lang='grc' dir='ltr'>φήμη</span> <span class='ocrx_word' id='word_1_424' title='bbox 3665 3071 3760 3128; x_wconf 81' lang='grc' dir='ltr'>λα-</span> 
     </span>
    </p>
   </div>
   <div class='ocr_carea' id='block_1_59' title="bbox 497 3163 2077 3245">
    <p class='ocr_par' dir='ltr' id='par_1_59' title="bbox 497 3172 2077 3245">
     <span class='ocr_line' id='line_1_59' title="bbox 497 3172 2077 3245; baseline -0.003 -14"><span class='ocrx_word' id='word_1_425' title='bbox 497 3179 634 3232; x_wconf 81' lang='lat' dir='ltr'><strong>lama</strong></span> <span class='ocrx_word' id='word_1_426' title='bbox 683 3176 1020 3245; x_wconf 83' lang='lat' dir='ltr'><strong>pra-veniens</strong></span> <span class='ocrx_word' id='word_1_427' title='bbox 1055 3190 1151 3244; x_wconf 85' lang='lat' dir='ltr'><strong>per</strong></span> <span class='ocrx_word' id='word_1_428' title='bbox 1192 3173 1375 3229; x_wconf 88' lang='lat' dir='ltr'><strong>omnia</strong></span> <span class='ocrx_word' id='word_1_429' title='bbox 1427 3174 1738 3229; x_wconf 80' lang='lat' dir='ltr'><strong>celebrabat</strong></span> <span class='ocrx_word' id='word_1_430' title='bbox 1765 3187 1880 3234; x_wconf 88' lang='lat' dir='ltr'><strong>ora,</strong></span> <span class='ocrx_word' id='word_1_431' title='bbox 1919 3172 1991 3227; x_wconf 87' lang='lat' dir='ltr'><strong>ita</strong></span> <span class='ocrx_word' id='word_1_432' title='bbox 2021 3180 2077 3226; x_wconf 90' lang='lat' dir='ltr'><strong>ut</strong></span> 
     </span>
    </p>
   </div>
   <div class='ocr_carea' id='block_1_60' title="bbox 2182 3163 3766 3245">
    <p class='ocr_par' dir='ltr' id='par_1_60' title="bbox 2182 3163 3766 3242">
     <span class='ocr_line' id='line_1_60' title="bbox 2182 3163 3766 3242; baseline -0.001 -21"><span class='ocrx_word' id='word_1_433' title='bbox 2182 3169 2348 3223; x_wconf 74' lang='grc' dir='ltr'>δοῦσα</span> <span class='ocrx_word' id='word_1_434' title='bbox 2395 3167 2482 3221; x_wconf 81' lang='grc' dir='ltr'>διὰ</span> <span class='ocrx_word' id='word_1_435' title='bbox 2538 3167 2754 3222; x_wconf 84' lang='grc' dir='ltr'>πάντων</span> <span class='ocrx_word' id='word_1_436' title='bbox 2815 3163 2911 3242; x_wconf 74' lang='grc' dir='ltr'><strong>ᾖδε</strong></span> <span class='ocrx_word' id='word_1_437' title='bbox 2964 3167 3276 3238; x_wconf 80' lang='grc' dir='ltr'>στομάτων.</span> <span class='ocrx_word' id='word_1_438' title='bbox 3334 3165 3389 3220; x_wconf 81' lang='grc' dir='ltr'><strong>εἴ</strong></span> <span class='ocrx_word' id='word_1_439' title='bbox 3436 3165 3489 3220; x_wconf 87' lang='grc' dir='ltr'><strong>τί</strong></span> <span class='ocrx_word' id='word_1_440' title='bbox 3515 3181 3620 3219; x_wconf 88' lang='grc' dir='ltr'><strong>που</strong></span> <span class='ocrx_word' id='word_1_441' title='bbox 3667 3166 3766 3220; x_wconf 79' lang='grc' dir='ltr'><strong>καὶ</strong></span> 
     </span>
    </p>
   </div>
   <div class='ocr_carea' id='block_1_61' title="bbox 493 3259 2077 3341">
    <p class='ocr_par' dir='ltr' id='par_1_61' title="bbox 493 3265 2075 3341">
     <span class='ocr_line' id='line_1_61' title="bbox 493 3265 2075 3341; baseline -0.004 -15"><span class='ocrx_word' id='word_1_442' title='bbox 493 3271 926 3341; x_wconf 88' lang='lat' dir='ltr'><strong>etjnveuescere</strong></span> <span class='ocrx_word' id='word_1_443' title='bbox 961 3269 1148 3324; x_wconf 89' lang='lat' dir='ltr'><strong>videar</strong></span> <span class='ocrx_word' id='word_1_444' title='bbox 1178 3285 1192 3323; x_wconf 92' lang='lat'><strong>:</strong></span> <span class='ocrx_word' id='word_1_445' title='bbox 1228 3279 1283 3323; x_wconf 93' lang='lat' dir='ltr'><strong>et</strong></span> <span class='ocrx_word' id='word_1_446' title='bbox 1307 3283 1459 3323; x_wconf 88' lang='lat' dir='ltr'><strong>mens</strong></span> <span class='ocrx_word' id='word_1_447' title='bbox 1495 3266 1729 3322; x_wconf 77' lang='lat' dir='ltr'><strong>exaltata</strong></span> <span class='ocrx_word' id='word_1_448' title='bbox 1769 3277 1851 3321; x_wconf 84' lang='lat' dir='ltr'><strong>est</strong></span> <span class='ocrx_word' id='word_1_449' title='bbox 1875 3265 2075 3335; x_wconf 85' lang='lat' dir='ltr'><strong>plausi-</strong></span> 
     </span>
    </p>
   </div>
   <div class='ocr_carea' id='block_1_62' title="bbox 2182 3259 3766 3341">
    <p class='ocr_par' dir='ltr' id='par_1_62' title="bbox 2182 3259 3766 3332">
     <span class='ocr_line' id='line_1_62' title="bbox 2182 3259 3766 3332; baseline -0.001 -16"><span class='ocrx_word' id='word_1_450' title='bbox 2182 3260 2552 3316; x_wconf 77' lang='grc' dir='ltr'>νεανιεύεσθαι</span> <span class='ocrx_word' id='word_1_451' title='bbox 2607 3261 2751 3316; x_wconf 85' lang='grc' dir='ltr'>δοκῶ</span> <span class='ocrx_word' id='word_1_452' title='bbox 2775 3278 2790 3292; x_wconf 91' lang='grc'><strong>·</strong></span> <span class='ocrx_word' id='word_1_453' title='bbox 2839 3261 2934 3316; x_wconf 80' lang='grc' dir='ltr'>καὶ</span> <span class='ocrx_word' id='word_1_454' title='bbox 2968 3261 3061 3316; x_wconf 84' lang='grc' dir='ltr'><strong>τὸν</strong></span> <span class='ocrx_word' id='word_1_455' title='bbox 3093 3260 3218 3314; x_wconf 83' lang='grc' dir='ltr'>νοῦν</span> <span class='ocrx_word' id='word_1_456' title='bbox 3249 3259 3466 3332; x_wconf 82' lang='grc' dir='ltr'>ἐπήρθη</span> <span class='ocrx_word' id='word_1_457' title='bbox 3493 3262 3608 3324; x_wconf 82' lang='grc' dir='ltr'>τοῖς</span> <span class='ocrx_word' id='word_1_458' title='bbox 3644 3262 3766 3332; x_wconf 84' lang='grc' dir='ltr'><strong>κρό-</strong></span> 
     </span>
    </p>
   </div>
   <div class='ocr_carea' id='block_1_63' title="bbox 497 3352 2077 3434">
    <p class='ocr_par' dir='ltr' id='par_1_63' title="bbox 497 3359 2077 3434">
     <span class='ocr_line' id='line_1_63' title="bbox 497 3359 2077 3434; baseline -0.002 -16"><span class='ocrx_word' id='word_1_459' title='bbox 497 3365 618 3430; x_wconf 87' lang='lat' dir='ltr'><strong>bus,</strong></span> <span class='ocrx_word' id='word_1_460' title='bbox 657 3372 711 3418; x_wconf 91' lang='lat' dir='ltr'><strong>et</strong></span> <span class='ocrx_word' id='word_1_461' title='bbox 736 3363 1097 3434; x_wconf 80' lang='lat' dir='ltr'><strong>sophisticam</strong></span> <span class='ocrx_word' id='word_1_462' title='bbox 1151 3361 1355 3432; x_wconf 81' lang='lat' dir='ltr'><strong>aliquid</strong></span> <span class='ocrx_word' id='word_1_463' title='bbox 1398 3360 1519 3416; x_wconf 91' lang='lat' dir='ltr'><strong>sine</strong></span> <span class='ocrx_word' id='word_1_464' title='bbox 1545 3370 1665 3414; x_wconf 91' lang='lat' dir='ltr'><strong>arte</strong></span> <span class='ocrx_word' id='word_1_465' title='bbox 1697 3359 1988 3424; x_wconf 83' lang='lat' dir='ltr'><strong>habebam,</strong></span> <span class='ocrx_word' id='word_1_466' title='bbox 2016 3368 2077 3415; x_wconf 89' lang='lat' dir='ltr'><strong>ut</strong></span> 
     </span>
    </p>
   </div>
   <div class='ocr_carea' id='block_1_64' title="bbox 2182 3352 3767 3434">
    <p class='ocr_par' dir='ltr' id='par_1_64' title="bbox 2182 3352 3767 3425">
     <span class='ocr_line' id='line_1_64' title="bbox 2182 3352 3767 3425; baseline 0 -17"><span class='ocrx_word' id='word_1_467' title='bbox 2182 3371 2317 3418; x_wconf 90' lang='grc' dir='ltr'>τοις,</span> <span class='ocrx_word' id='word_1_468' title='bbox 2367 3354 2462 3407; x_wconf 69' lang='grc' dir='ltr'>καὶ</span> <span class='ocrx_word' id='word_1_469' title='bbox 2487 3352 2549 3408; x_wconf 83' lang='grc' dir='ltr'><strong>τδ</strong></span> <span class='ocrx_word' id='word_1_470' title='bbox 2581 3354 2895 3424; x_wconf 78' lang='grc' dir='ltr'>σοφιστικὸν</span> <span class='ocrx_word' id='word_1_471' title='bbox 2922 3353 3166 3425; x_wconf 79' lang='grc' dir='ltr'>ἀτεχνῶς</span> <span class='ocrx_word' id='word_1_472' title='bbox 3205 3354 3368 3424; x_wconf 74' lang='grc' dir='ltr'>ἔχειν,</span> <span class='ocrx_word' id='word_1_473' title='bbox 3401 3353 3477 3418; x_wconf 82' lang='grc' dir='ltr'><strong>ὤς</strong></span> <span class='ocrx_word' id='word_1_474' title='bbox 3507 3354 3577 3408; x_wconf 79' lang='grc' dir='ltr'>ἂν</span> <span class='ocrx_word' id='word_1_475' title='bbox 3602 3355 3767 3419; x_wconf 81' lang='grc' dir='ltr'>αὐτὸς</span> 
     </span>
    </p>
   </div>
   <div class='ocr_carea' id='block_1_65' title="bbox 497 3442 2077 3525">
    <p class='ocr_par' dir='ltr' id='par_1_65' title="bbox 497 3452 2075 3525">
     <span class='ocr_line' id='line_1_65' title="bbox 497 3452 2075 3525; baseline -0.001 -16"><span class='ocrx_word' id='word_1_476' title='bbox 497 3457 611 3525; x_wconf 83' lang='lat' dir='ltr'><strong>ipse</strong></span> <span class='ocrx_word' id='word_1_477' title='bbox 645 3455 898 3510; x_wconf 89' lang='lat' dir='ltr'><strong>diceres:</strong></span> <span class='ocrx_word' id='word_1_478' title='bbox 944 3465 998 3508; x_wconf 95' lang='lat' dir='ltr'><strong>tu</strong></span> <span class='ocrx_word' id='word_1_479' title='bbox 1034 3453 1255 3524; x_wconf 89' lang='lat' dir='ltr'><strong>quidem</strong></span> <span class='ocrx_word' id='word_1_480' title='bbox 1309 3453 1472 3525; x_wconf 84' lang='lat' dir='ltr'><strong>igitur</strong></span> <span class='ocrx_word' id='word_1_481' title='bbox 1513 3452 1772 3508; x_wconf 85' lang='lat' dir='ltr'><strong>cavillare</strong></span> <span class='ocrx_word' id='word_1_482' title='bbox 1825 3452 2025 3509; x_wconf 89' lang='lat' dir='ltr'><strong>similia</strong></span> <span class='ocrx_word' id='word_1_483' title='bbox 2060 3473 2075 3508; x_wconf 92' lang='lat'><strong>:</strong></span> 
     </span>
    </p>
   </div>
   <div class='ocr_carea' id='block_1_66' title="bbox 2182 3442 3769 3525">
    <p class='ocr_par' dir='ltr' id='par_1_66' title="bbox 2182 3442 3769 3517">
     <span class='ocr_line' id='line_1_66' title="bbox 2182 3442 3769 3517; baseline -0.001 -17"><span class='ocrx_word' id='word_1_484' title='bbox 2182 3446 2399 3509; x_wconf 80' lang='grc' dir='ltr'>εἴποις·</span> <span class='ocrx_word' id='word_1_485' title='bbox 2433 3446 2496 3499; x_wconf 80' lang='grc' dir='ltr'><strong>σὺ</strong></span> <span class='ocrx_word' id='word_1_486' title='bbox 2539 3445 2639 3517; x_wconf 83' lang='grc' dir='ltr'>μὲν</span> <span class='ocrx_word' id='word_1_487' title='bbox 2702 3442 2797 3500; x_wconf 84' lang='grc' dir='ltr'><strong>οῦν</strong></span> <span class='ocrx_word' id='word_1_488' title='bbox 2845 3445 3065 3500; x_wconf 82' lang='grc' dir='ltr'>σκῶπτε</span> <span class='ocrx_word' id='word_1_489' title='bbox 3116 3446 3380 3501; x_wconf 85' lang='grc' dir='ltr'>τοιαῦτα·</span> <span class='ocrx_word' id='word_1_490' title='bbox 3427 3445 3541 3515; x_wconf 84' lang='grc' dir='ltr'>ἐγὼ</span> <span class='ocrx_word' id='word_1_491' title='bbox 3581 3445 3769 3499; x_wconf 83' lang='grc' dir='ltr'>δέοὐκ</span> 
     </span>
    </p>
   </div>
   <div class='ocr_carea' id='block_1_67' title="bbox 495 3529 2077 3617">
    <p class='ocr_par' dir='ltr' id='par_1_67' title="bbox 495 3543 2077 3617">
     <span class='ocr_line' id='line_1_67' title="bbox 495 3543 2077 3617; baseline -0.002 -16"><span class='ocrx_word' id='word_1_492' title='bbox 495 3564 596 3617; x_wconf 85' lang='lat' dir='ltr'><strong>ego</strong></span> <span class='ocrx_word' id='word_1_493' title='bbox 626 3556 804 3601; x_wconf 85' lang='lat' dir='ltr'><strong>autem</strong></span> <span class='ocrx_word' id='word_1_494' title='bbox 838 3561 944 3601; x_wconf 88' lang='lat' dir='ltr'><strong>non</strong></span> <span class='ocrx_word' id='word_1_495' title='bbox 983 3545 1225 3601; x_wconf 90' lang='lat' dir='ltr'><strong>tolerabo</strong></span> <span class='ocrx_word' id='word_1_496' title='bbox 1253 3560 1358 3600; x_wconf 87' lang='lat' dir='ltr'><strong>non</strong></span> <span class='ocrx_word' id='word_1_497' title='bbox 1403 3543 1582 3599; x_wconf 88' lang='lat' dir='ltr'><strong>clarus</strong></span> <span class='ocrx_word' id='word_1_498' title='bbox 1613 3559 1757 3610; x_wconf 85' lang='lat' dir='ltr'><strong>esse,</strong></span> <span class='ocrx_word' id='word_1_499' title='bbox 1791 3553 1843 3599; x_wconf 93' lang='lat' dir='ltr'><strong>et</strong></span> <span class='ocrx_word' id='word_1_500' title='bbox 1878 3543 2077 3598; x_wconf 78' lang='lat' dir='ltr'><strong>fastum</strong></span> 
     </span>
    </p>
   </div>
   <div class='ocr_carea' id='block_1_68' title="bbox 2182 3529 3871 3617">
    <p class='ocr_par' dir='ltr' id='par_1_68' title="bbox 2182 3529 3871 3611">
     <span class='ocr_line' id='line_1_68' title="bbox 2182 3529 3871 3611; baseline 0 -19"><span class='ocrx_word' id='word_1_501' title='bbox 2182 3537 2442 3610; x_wconf 81' lang='grc' dir='ltr'>ἀνέξομαι</span> <span class='ocrx_word' id='word_1_502' title='bbox 2475 3539 2552 3611; x_wconf 85' lang='grc' dir='ltr'>μὴ</span> <span class='ocrx_word' id='word_1_503' title='bbox 2577 3539 2638 3593; x_wconf 87' lang='grc' dir='ltr'><strong>οὐ</strong></span> <span class='ocrx_word' id='word_1_504' title='bbox 2667 3538 2920 3611; x_wconf 79' lang='grc' dir='ltr'>λαμπρὸς</span> <span class='ocrx_word' id='word_1_505' title='bbox 2978 3534 3144 3605; x_wconf 72' lang='grc' dir='ltr'>εἶναι,</span> <span class='ocrx_word' id='word_1_506' title='bbox 3176 3539 3272 3594; x_wconf 77' lang='grc' dir='ltr'><strong>καὶ</strong></span> <span class='ocrx_word' id='word_1_507' title='bbox 3316 3539 3417 3611; x_wconf 80' lang='grc' dir='ltr'>τὴν</span> <span class='ocrx_word' id='word_1_508' title='bbox 3441 3539 3620 3610; x_wconf 74' lang='grc' dir='ltr'>ὀφρῦν</span> <span class='ocrx_word' id='word_1_509' title='bbox 3654 3537 3770 3592; x_wconf 76' lang='grc' dir='ltr'>ἄνω</span> <span class='ocrx_word' id='word_1_510' title='bbox 3863 3529 3871 3536; x_wconf 72' lang='grc'><em>’</em></span> 
     </span>
    </p>
   </div>
   <div class='ocr_carea' id='block_1_69' title="bbox 2183 3628 3770 3702">
    <p class='ocr_par' dir='ltr' id='par_1_69' title="bbox 2183 3628 3770 3702">
     <span class='ocr_line' id='line_1_69' title="bbox 2183 3628 3770 3702; baseline 0.003 -20"><span class='ocrx_word' id='word_1_511' title='bbox 2183 3630 2397 3701; x_wconf 85' lang='grc' dir='ltr'>φέρειν,</span> <span class='ocrx_word' id='word_1_512' title='bbox 2459 3631 2556 3684; x_wconf 79' lang='grc' dir='ltr'>καὶ</span> <span class='ocrx_word' id='word_1_513' title='bbox 2587 3628 2666 3701; x_wconf 82' lang='grc' dir='ltr'>τῷ</span> <span class='ocrx_word' id='word_1_514' title='bbox 2721 3631 2824 3700; x_wconf 82' lang='grc' dir='ltr'><strong>τῆς</strong></span> <span class='ocrx_word' id='word_1_515' title='bbox 2870 3631 3009 3702; x_wconf 77' lang='grc' dir='ltr'>ἐμῆς</span> <span class='ocrx_word' id='word_1_516' title='bbox 3057 3631 3257 3702; x_wconf 81' lang='grc' dir='ltr'>τέχνης</span> <span class='ocrx_word' id='word_1_517' title='bbox 3310 3630 3544 3686; x_wconf 76' lang='grc' dir='ltr'>ἔπεσθαι</span> <span class='ocrx_word' id='word_1_518' title='bbox 3593 3629 3770 3702; x_wconf 83' lang='grc' dir='ltr'>νόμῳ.</span> 
     </span>
    </p>
   </div>
   <div class='ocr_carea' id='block_1_70' title="bbox 2183 3720 3772 3796">
    <p class='ocr_par' dir='ltr' id='par_1_70' title="bbox 2183 3720 3772 3796">
     <span class='ocr_line' id='line_1_70' title="bbox 2183 3720 3772 3796; baseline 0.001 -19"><span class='ocrx_word' id='word_1_519' title='bbox 2183 3723 2373 3780; x_wconf 83' lang='grc' dir='ltr'>Ταῦτα</span> <span class='ocrx_word' id='word_1_520' title='bbox 2416 3724 2516 3796; x_wconf 83' lang='grc' dir='ltr'>μὲν</span> <span class='ocrx_word' id='word_1_521' title='bbox 2569 3720 2663 3780; x_wconf 74' lang='grc' dir='ltr'>οὖν</span> <span class='ocrx_word' id='word_1_522' title='bbox 2713 3742 2804 3794; x_wconf 90' lang='grc' dir='ltr'>μοι</span> <span class='ocrx_word' id='word_1_523' title='bbox 2861 3724 3271 3796; x_wconf 86' lang='grc' dir='ltr'>πεπαίχθω,ὼς</span> <span class='ocrx_word' id='word_1_524' title='bbox 3294 3725 3360 3780; x_wconf 76' lang='grc' dir='ltr'>ἄν</span> <span class='ocrx_word' id='word_1_525' title='bbox 3395 3741 3480 3779; x_wconf 91' lang='grc' dir='ltr'>σοι</span> <span class='ocrx_word' id='word_1_526' title='bbox 3526 3725 3627 3780; x_wconf 81' lang='grc' dir='ltr'><strong>καὶ</strong></span> <span class='ocrx_word' id='word_1_527' title='bbox 3674 3723 3772 3779; x_wconf 88' lang='grc' dir='ltr'><strong>τοῦ</strong></span> 
     </span>
    </p>
   </div>
   <div class='ocr_carea' id='block_1_71' title="bbox 497 3634 2080 3706">
    <p class='ocr_par' dir='ltr' id='par_1_71' title="bbox 497 3634 2080 3706">
     <span class='ocr_line' id='line_1_71' title="bbox 497 3634 2080 3706; baseline -0.002 -14"><span class='ocrx_word' id='word_1_528' title='bbox 497 3635 946 3705; x_wconf 71' lang='lat' dir='ltr'><strong>super-extollere,</strong></span> <span class='ocrx_word' id='word_1_529' title='bbox 989 3647 1046 3690; x_wconf 90' lang='lat' dir='ltr'><strong>et</strong></span> <span class='ocrx_word' id='word_1_530' title='bbox 1096 3635 1268 3706; x_wconf 77' lang='lat' dir='ltr'><strong>legem</strong></span> <span class='ocrx_word' id='word_1_531' title='bbox 1323 3635 1458 3690; x_wconf 89' lang='lat' dir='ltr'><strong>artis</strong></span> <span class='ocrx_word' id='word_1_532' title='bbox 1507 3650 1640 3690; x_wconf 72' lang='lat' dir='ltr'><strong>mea:</strong></span> <span class='ocrx_word' id='word_1_533' title='bbox 1695 3634 1896 3705; x_wconf 88' lang='lat' dir='ltr'><strong>sequi:</strong></span> <span class='ocrx_word' id='word_1_534' title='bbox 1959 3648 2080 3704; x_wconf 70' lang='lat' dir='ltr'><strong>qua:</strong></span> 
     </span>
    </p>
   </div>
   <div class='ocr_carea' id='block_1_72' title="bbox 497 3724 2080 3800">
    <p class='ocr_par' dir='ltr' id='par_1_72' title="bbox 497 3724 2080 3800">
     <span class='ocr_line' id='line_1_72' title="bbox 497 3724 2080 3800; baseline -0.002 -18"><span class='ocrx_word' id='word_1_535' title='bbox 497 3730 716 3800; x_wconf 81' lang='lat' dir='ltr'><strong>quidem</strong></span> <span class='ocrx_word' id='word_1_536' title='bbox 742 3731 907 3799; x_wconf 80' lang='lat' dir='ltr'><strong>igitur</strong></span> <span class='ocrx_word' id='word_1_537' title='bbox 935 3728 1068 3783; x_wconf 89' lang='lat' dir='ltr'><strong>mihi</strong></span> <span class='ocrx_word' id='word_1_538' title='bbox 1104 3727 1405 3799; x_wconf 85' lang='lat' dir='ltr'><strong>perjocum</strong></span> <span class='ocrx_word' id='word_1_539' title='bbox 1434 3728 1577 3781; x_wconf 88' lang='lat' dir='ltr'><strong>dicta</strong></span> <span class='ocrx_word' id='word_1_540' title='bbox 1621 3724 1755 3791; x_wconf 89' lang='lat' dir='ltr'><strong>sint,</strong></span> <span class='ocrx_word' id='word_1_541' title='bbox 1801 3734 1859 3780; x_wconf 91' lang='lat' dir='ltr'><strong>ut</strong></span> <span class='ocrx_word' id='word_1_542' title='bbox 1888 3724 1984 3780; x_wconf 87' lang='lat' dir='ltr'><strong>tibi</strong></span> <span class='ocrx_word' id='word_1_543' title='bbox 2021 3733 2080 3780; x_wconf 87' lang='lat' dir='ltr'><strong>et</strong></span> 
     </span>
    </p>
   </div>
   <div class='ocr_carea' id='block_1_73' title="bbox 495 3820 2081 3890">
    <p class='ocr_par' dir='ltr' id='par_1_73' title="bbox 495 3820 2081 3890">
     <span class='ocr_line' id='line_1_73' title="bbox 495 3820 2081 3890; baseline -0.001 -14"><span class='ocrx_word' id='word_1_544' title='bbox 495 3822 787 3877; x_wconf 86' lang='lat' dir='ltr'><strong>cavillandi</strong></span> <span class='ocrx_word' id='word_1_545' title='bbox 843 3831 904 3878; x_wconf 88' lang='lat' dir='ltr'><strong>ut</strong></span> <span class='ocrx_word' id='word_1_546' title='bbox 947 3837 1065 3877; x_wconf 86' lang='lat' dir='ltr'><strong>mos</strong></span> <span class='ocrx_word' id='word_1_547' title='bbox 1126 3829 1231 3886; x_wconf 82' lang='lat' dir='ltr'><strong>est,</strong></span> <span class='ocrx_word' id='word_1_548' title='bbox 1301 3821 1586 3876; x_wconf 83' lang='lat' dir='ltr'><strong>materiam</strong></span> <span class='ocrx_word' id='word_1_549' title='bbox 1656 3820 1977 3890; x_wconf 66' lang='lat' dir='ltr'><strong>praebeam:</strong></span> <span class='ocrx_word' id='word_1_550' title='bbox 2027 3827 2081 3874; x_wconf 89' lang='lat' dir='ltr'><strong>te</strong></span> 
     </span>
    </p>
   </div>
   <div class='ocr_carea' id='block_1_74' title="bbox 497 3911 2079 3985">
    <p class='ocr_par' dir='ltr' id='par_1_74' title="bbox 497 3911 2079 3985">
     <span class='ocr_line' id='line_1_74' title="bbox 497 3911 2079 3985; baseline -0.001 -16"><span class='ocrx_word' id='word_1_551' title='bbox 497 3917 642 3969; x_wconf 90' lang='lat' dir='ltr'><strong>enim</strong></span> <span class='ocrx_word' id='word_1_552' title='bbox 689 3915 848 3985; x_wconf 85' lang='lat' dir='ltr'><strong>juvat</strong></span> <span class='ocrx_word' id='word_1_553' title='bbox 885 3929 972 3969; x_wconf 90' lang='lat' dir='ltr'><strong>me</strong></span> <span class='ocrx_word' id='word_1_554' title='bbox 1017 3913 1280 3979; x_wconf 84' lang='lat' dir='ltr'><strong>cavillari,</strong></span> <span class='ocrx_word' id='word_1_555' title='bbox 1323 3913 1451 3968; x_wconf 90' lang='lat' dir='ltr'><strong>illud</strong></span> <span class='ocrx_word' id='word_1_556' title='bbox 1496 3913 1634 3968; x_wconf 83' lang='lat' dir='ltr'><strong>habe</strong></span> <span class='ocrx_word' id='word_1_557' title='bbox 1678 3922 1888 3978; x_wconf 89' lang='lat' dir='ltr'><strong>notum,</strong></span> <span class='ocrx_word' id='word_1_558' title='bbox 1920 3911 2079 3978; x_wconf 84' lang='lat' dir='ltr'><strong>alios,</strong></span> 
     </span>
    </p>
   </div>
   <div class='ocr_carea' id='block_1_75' title="bbox 501 4002 1288 4061">
    <p class='ocr_par' dir='ltr' id='par_1_75' title="bbox 501 4002 1288 4061">
     <span class='ocr_line' id='line_1_75' title="bbox 501 4002 1288 4061; baseline 0.001 -1"><span class='ocrx_word' id='word_1_559' title='bbox 501 4004 686 4060; x_wconf 87' lang='lat' dir='ltr'><strong>multis</strong></span> <span class='ocrx_word' id='word_1_560' title='bbox 717 4004 968 4060; x_wconf 88' lang='lat' dir='ltr'><strong>laudibus</strong></span> <span class='ocrx_word' id='word_1_561' title='bbox 989 4002 1288 4061; x_wconf 86' lang='lat' dir='ltr'><strong>cumulare.</strong></span> 
     </span>
    </p>
   </div>
   <div class='ocr_carea' id='block_1_76' title="bbox 873 4116 1722 4176">
    <p class='ocr_par' dir='ltr' id='par_1_76' title="bbox 873 4116 1722 4176">
     <span class='ocr_line' id='line_1_76' title="bbox 873 4116 1722 4176; baseline 0.002 -3"><span class='ocrx_word' id='word_1_562' title='bbox 873 4116 1065 4175; x_wconf 78' lang='lat' dir='ltr'><strong>XXVI.</strong></span> <span class='ocrx_word' id='word_1_563' title='bbox 1091 4116 1408 4176; x_wconf 76' lang='lat' dir='ltr'><strong>PHILIPPG</strong></span> <span class='ocrx_word' id='word_1_564' title='bbox 1441 4117 1722 4176; x_wconf 73' lang='lat' dir='ltr'><strong>FRATRI.</strong></span> 
     </span>
    </p>
   </div>
   <div class='ocr_carea' id='block_1_77' title="bbox 565 4234 2084 4307">
    <p class='ocr_par' dir='ltr' id='par_1_77' title="bbox 565 4234 2084 4307">
     <span class='ocr_line' id='line_1_77' title="bbox 565 4234 2084 4307; baseline -0.004 -9"><span class='ocrx_word' id='word_1_565' title='bbox 565 4236 714 4298; x_wconf 81' lang='lat' dir='ltr'><strong>Ecce</strong></span> <span class='ocrx_word' id='word_1_566' title='bbox 765 4235 864 4292; x_wconf 90' lang='lat' dir='ltr'><strong>tibi</strong></span> <span class='ocrx_word' id='word_1_567' title='bbox 909 4243 966 4290; x_wconf 90' lang='lat' dir='ltr'><strong>et</strong></span> <span class='ocrx_word' id='word_1_568' title='bbox 1026 4235 1221 4291; x_wconf 87' lang='lat' dir='ltr'><strong>iterum</strong></span> <span class='ocrx_word' id='word_1_569' title='bbox 1262 4234 1398 4289; x_wconf 89' lang='lat' dir='ltr'><strong>alias</strong></span> <span class='ocrx_word' id='word_1_570' title='bbox 1441 4235 1596 4291; x_wconf 91' lang='lat' dir='ltr'><strong>mitto</strong></span> <span class='ocrx_word' id='word_1_571' title='bbox 1649 4235 1892 4304; x_wconf 88' lang='lat' dir='ltr'><strong>litteras;</strong></span> <span class='ocrx_word' id='word_1_572' title='bbox 1952 4235 2084 4307; x_wconf 85' lang='lat' dir='ltr'><strong>quid</strong></span> 
     </span>
    </p>
   </div>
   <div class='ocr_carea' id='block_1_78' title="bbox 504 4326 2085 4403">
    <p class='ocr_par' dir='ltr' id='par_1_78' title="bbox 504 4326 2085 4403">
     <span class='ocr_line' id='line_1_78' title="bbox 504 4326 2085 4403; baseline -0.001 -18"><span class='ocrx_word' id='word_1_573' title='bbox 504 4345 696 4403; x_wconf 85' lang='lat' dir='ltr'><strong>passus</strong></span> <span class='ocrx_word' id='word_1_574' title='bbox 736 4329 945 4392; x_wconf 89' lang='lat' dir='ltr'><strong>nescio,</strong></span> <span class='ocrx_word' id='word_1_575' title='bbox 982 4327 1178 4382; x_wconf 87' lang='lat' dir='ltr'><strong>iterum</strong></span> <span class='ocrx_word' id='word_1_576' title='bbox 1210 4326 1342 4382; x_wconf 84' lang='lat' dir='ltr'><strong>siles</strong></span> <span class='ocrx_word' id='word_1_577' title='bbox 1369 4345 1385 4384; x_wconf 93' lang='lat'><strong>:</strong></span> <span class='ocrx_word' id='word_1_578' title='bbox 1413 4327 1460 4383; x_wconf 90' lang='lat' dir='ltr'><strong>si</strong></span> <span class='ocrx_word' id='word_1_579' title='bbox 1480 4329 1624 4382; x_wconf 92' lang='lat' dir='ltr'><strong>enim</strong></span> <span class='ocrx_word' id='word_1_580' title='bbox 1651 4328 1819 4398; x_wconf 89' lang='lat' dir='ltr'><strong>quieti</strong></span> <span class='ocrx_word' id='word_1_581' title='bbox 1853 4344 1958 4384; x_wconf 90' lang='lat' dir='ltr'><strong>non</strong></span> <span class='ocrx_word' id='word_1_582' title='bbox 1989 4345 2085 4384; x_wconf 88' lang='lat' dir='ltr'><strong>va-</strong></span> 
     </span>
    </p>
   </div>
   <div class='ocr_carea' id='block_1_79' title="bbox 501 4419 2082 4490">
    <p class='ocr_par' dir='ltr' id='par_1_79' title="bbox 501 4419 2082 4490">
     <span class='ocr_line' id='line_1_79' title="bbox 501 4419 2082 4490; baseline -0.001 -12"><span class='ocrx_word' id='word_1_583' title='bbox 501 4437 632 4478; x_wconf 74' lang='lat' dir='ltr'><strong>care</strong></span> <span class='ocrx_word' id='word_1_584' title='bbox 670 4421 830 4486; x_wconf 87' lang='lat' dir='ltr'><strong>dicis,</strong></span> <span class='ocrx_word' id='word_1_585' title='bbox 883 4421 978 4476; x_wconf 88' lang='lat' dir='ltr'><strong>sed</strong></span> <span class='ocrx_word' id='word_1_586' title='bbox 1025 4419 1122 4475; x_wconf 93' lang='lat' dir='ltr'><strong>tibi</strong></span> <span class='ocrx_word' id='word_1_587' title='bbox 1173 4419 1484 4490; x_wconf 73' lang='lat' dir='ltr'><strong>omnimode</strong></span> <span class='ocrx_word' id='word_1_588' title='bbox 1533 4435 1624 4474; x_wconf 87' lang='lat' dir='ltr'><strong>ars</strong></span> <span class='ocrx_word' id='word_1_589' title='bbox 1655 4420 1862 4476; x_wconf 91' lang='lat' dir='ltr'><strong>lucrum</strong></span> <span class='ocrx_word' id='word_1_590' title='bbox 1901 4419 2082 4486; x_wconf 77' lang='lat' dir='ltr'><strong>affert.</strong></span> 
     </span>
    </p>
   </div>
   <div class='ocr_carea' id='block_1_80' title="bbox 505 4512 2080 4584">
    <p class='ocr_par' dir='ltr' id='par_1_80' title="bbox 505 4512 2080 4584">
     <span class='ocr_line' id='line_1_80' title="bbox 505 4512 2080 4584; baseline 0.001 -17"><span class='ocrx_word' id='word_1_591' title='bbox 505 4515 701 4570; x_wconf 81' lang='lat' dir='ltr'><strong>mirum</strong></span> <span class='ocrx_word' id='word_1_592' title='bbox 744 4514 960 4584; x_wconf 86' lang='lat' dir='ltr'><strong>quidem</strong></span> <span class='ocrx_word' id='word_1_593' title='bbox 990 4513 1187 4582; x_wconf 87' lang='lat' dir='ltr'><strong>Opinor</strong></span> <span class='ocrx_word' id='word_1_594' title='bbox 1217 4512 1361 4582; x_wconf 88' lang='lat' dir='ltr'><strong>quod</strong></span> <span class='ocrx_word' id='word_1_595' title='bbox 1393 4528 1463 4568; x_wconf 89' lang='lat' dir='ltr'><strong>ne</strong></span> <span class='ocrx_word' id='word_1_596' title='bbox 1501 4513 1650 4569; x_wconf 85' lang='lat' dir='ltr'><strong>brevi</strong></span> <span class='ocrx_word' id='word_1_597' title='bbox 1687 4515 1904 4583; x_wconf 87' lang='lat' dir='ltr'><strong>quidem</strong></span> <span class='ocrx_word' id='word_1_598' title='bbox 1941 4515 2080 4570; x_wconf 83' lang='lat' dir='ltr'><strong>tem-</strong></span> 
     </span>
    </p>
   </div>
   <div class='ocr_carea' id='block_1_81' title="bbox 2186 3814 3774 3889">
    <p class='ocr_par' dir='ltr' id='par_1_81' title="bbox 2186 3814 3774 3889">
     <span class='ocr_line' id='line_1_81' title="bbox 2186 3814 3774 3889; baseline 0.001 -19"><span class='ocrx_word' id='word_1_599' title='bbox 2186 3814 2460 3871; x_wconf 82' lang='grc' dir='ltr'>σκώπτειν</span> <span class='ocrx_word' id='word_1_600' title='bbox 2505 3815 2750 3888; x_wconf 82' lang='grc' dir='ltr'>συνήθως</span> <span class='ocrx_word' id='word_1_601' title='bbox 2795 3815 2930 3887; x_wconf 78' lang='grc' dir='ltr'>ὕλην</span> <span class='ocrx_word' id='word_1_602' title='bbox 2959 3816 3267 3888; x_wconf 78' lang='grc' dir='ltr'>παράσχω·</span> <span class='ocrx_word' id='word_1_603' title='bbox 3305 3817 3624 3888; x_wconf 77' lang='grc' dir='ltr'>εὐφραίνεις</span> <span class='ocrx_word' id='word_1_604' title='bbox 3661 3817 3774 3889; x_wconf 78' lang='grc' dir='ltr'>γάρ</span> 
     </span>
    </p>
   </div>
   <div class='ocr_carea' id='block_1_82' title="bbox 2186 3905 3775 3982">
    <p class='ocr_par' dir='ltr' id='par_1_82' title="bbox 2186 3905 3775 3982">
     <span class='ocr_line' id='line_1_82' title="bbox 2186 3905 3775 3982; baseline 0.003 -20"><span class='ocrx_word' id='word_1_605' title='bbox 2186 3926 2257 3980; x_wconf 88' lang='grc' dir='ltr'><strong>με</strong></span> <span class='ocrx_word' id='word_1_606' title='bbox 2282 3906 2571 3979; x_wconf 81' lang='grc' dir='ltr'>σκώπτων,</span> <span class='ocrx_word' id='word_1_607' title='bbox 2603 3905 2664 3965; x_wconf 80' lang='grc' dir='ltr'><strong>εὖ</strong></span> <span class='ocrx_word' id='word_1_608' title='bbox 2707 3909 2838 3976; x_wconf 85' lang='grc' dir='ltr'>ίσθι,</span> <span class='ocrx_word' id='word_1_609' title='bbox 2863 3909 2898 3981; x_wconf 78' lang='grc' dir='ltr'>ἢ</span> <span class='ocrx_word' id='word_1_610' title='bbox 2923 3909 3142 3975; x_wconf 77' lang='grc' dir='ltr'>πολλοῖς</span> <span class='ocrx_word' id='word_1_611' title='bbox 3195 3910 3441 3975; x_wconf 84' lang='grc' dir='ltr'>ἐπαίνοις</span> <span class='ocrx_word' id='word_1_612' title='bbox 3477 3909 3775 3982; x_wconf 75' lang='grc' dir='ltr'>βάλλοντες</span> 
     </span>
    </p>
   </div>
   <div class='ocr_carea' id='block_1_83' title="bbox 2185 4002 2383 4073">
    <p class='ocr_par' dir='ltr' id='par_1_83' title="bbox 2185 4002 2383 4073">
     <span class='ocr_line' id='line_1_83' title="bbox 2185 4002 2383 4073; baseline 0.005 -18"><span class='ocrx_word' id='word_1_613' title='bbox 2185 4002 2271 4055; x_wconf 78' lang='grc' dir='ltr'><strong>ἐτε</strong></span> <span class='ocrx_word' id='word_1_614' title='bbox 2280 4019 2383 4073; x_wconf 85' lang='grc' dir='ltr'>ροι.</span> 
     </span>
    </p>
   </div>
   <div class='ocr_carea' id='block_1_84' title="bbox 2590 4119 3376 4194">
    <p class='ocr_par' dir='ltr' id='par_1_84' title="bbox 2590 4119 3376 4194">
     <span class='ocr_line' id='line_1_84' title="bbox 2590 4119 3376 4194; baseline 0.005 -22"><span class='ocrx_word' id='word_1_615' title='bbox 2590 4120 2737 4188; x_wconf 72' lang='grc' dir='ltr'><strong>κεῖν.</strong></span> <span class='ocrx_word' id='word_1_616' title='bbox 2767 4119 3053 4194; x_wconf 64' lang='lat' dir='ltr'><strong>ouium)</strong></span> <span class='ocrx_word' id='word_1_617' title='bbox 3093 4121 3376 4193; x_wconf 79' lang='grc' dir='ltr'><strong>ΑΔΕΛΦῼ.</strong></span> 
     </span>
    </p>
   </div>
   <div class='ocr_carea' id='block_1_85' title="bbox 2269 4234 3771 4311">
    <p class='ocr_par' dir='ltr' id='par_1_85' title="bbox 2269 4234 3771 4311">
     <span class='ocr_line' id='line_1_85' title="bbox 2269 4234 3771 4311; baseline -0.001 -20"><span class='ocrx_word' id='word_1_618' title='bbox 2269 4238 2403 4291; x_wconf 85' lang='grc' dir='ltr'>Ἱδού</span> <span class='ocrx_word' id='word_1_619' title='bbox 2459 4254 2543 4292; x_wconf 87' lang='grc' dir='ltr'>σοι</span> <span class='ocrx_word' id='word_1_620' title='bbox 2589 4240 2683 4291; x_wconf 79' lang='grc' dir='ltr'><strong>καὶ</strong></span> <span class='ocrx_word' id='word_1_621' title='bbox 2735 4236 2898 4292; x_wconf 85' lang='grc' dir='ltr'>πάλιν</span> <span class='ocrx_word' id='word_1_622' title='bbox 2927 4237 3092 4310; x_wconf 75' lang='grc' dir='ltr'>ἕτερα</span> <span class='ocrx_word' id='word_1_623' title='bbox 3116 4237 3425 4311; x_wconf 80' lang='grc' dir='ltr'>γράμματα</span> <span class='ocrx_word' id='word_1_624' title='bbox 3453 4253 3464 4266; x_wconf 89' lang='grc'><strong>·</strong></span> <span class='ocrx_word' id='word_1_625' title='bbox 3495 4235 3550 4290; x_wconf 89' lang='grc' dir='ltr'><strong>τί</strong></span> <span class='ocrx_word' id='word_1_626' title='bbox 3580 4234 3771 4291; x_wconf 80' lang='grc' dir='ltr'>παθὼν</span> 
     </span>
    </p>
   </div>
   <div class='ocr_carea' id='block_1_86' title="bbox 2186 4325 3773 4401">
    <p class='ocr_par' dir='ltr' id='par_1_86' title="bbox 2186 4325 3773 4401">
     <span class='ocr_line' id='line_1_86' title="bbox 2186 4325 3773 4401; baseline -0.004 -17"><span class='ocrx_word' id='word_1_627' title='bbox 2186 4330 2288 4384; x_wconf 87' lang='grc' dir='ltr'>οὐκ</span> <span class='ocrx_word' id='word_1_628' title='bbox 2317 4325 2458 4395; x_wconf 72' lang='grc' dir='ltr'>οῖδα,</span> <span class='ocrx_word' id='word_1_629' title='bbox 2492 4329 2655 4382; x_wconf 76' lang='grc' dir='ltr'>πάλιν</span> <span class='ocrx_word' id='word_1_630' title='bbox 2688 4329 2848 4401; x_wconf 83' lang='grc' dir='ltr'>σιγᾷς</span> <span class='ocrx_word' id='word_1_631' title='bbox 2867 4345 2882 4359; x_wconf 87' lang='grc'><strong>·</strong></span> <span class='ocrx_word' id='word_1_632' title='bbox 2910 4327 2960 4382; x_wconf 82' lang='grc' dir='ltr'><strong>εί</strong></span> <span class='ocrx_word' id='word_1_633' title='bbox 2991 4327 3091 4399; x_wconf 82' lang='grc' dir='ltr'>μὲν</span> <span class='ocrx_word' id='word_1_634' title='bbox 3119 4326 3227 4399; x_wconf 82' lang='grc' dir='ltr'><strong>γὰρ</strong></span> <span class='ocrx_word' id='word_1_635' title='bbox 3261 4325 3456 4398; x_wconf 76' lang='grc' dir='ltr'>σχολὴν</span> <span class='ocrx_word' id='word_1_636' title='bbox 3488 4326 3590 4381; x_wconf 86' lang='grc' dir='ltr'><strong>οὐκ</strong></span> <span class='ocrx_word' id='word_1_637' title='bbox 3617 4326 3773 4394; x_wconf 80' lang='grc' dir='ltr'>ἄγειν</span> 
     </span>
    </p>
   </div>
   <div class='ocr_carea' id='block_1_87' title="bbox 2185 4419 3770 4492">
    <p class='ocr_par' dir='ltr' id='par_1_87' title="bbox 2185 4419 3770 4492">
     <span class='ocr_line' id='line_1_87' title="bbox 2185 4419 3770 4492; baseline -0.001 -17"><span class='ocrx_word' id='word_1_638' title='bbox 2185 4423 2356 4491; x_wconf 84' lang='grc' dir='ltr'>ἐρεῖς,</span> <span class='ocrx_word' id='word_1_639' title='bbox 2384 4419 2524 4475; x_wconf 83' lang='grc' dir='ltr'>ἀλλά</span> <span class='ocrx_word' id='word_1_640' title='bbox 2569 4437 2651 4474; x_wconf 90' lang='grc' dir='ltr'>σοι</span> <span class='ocrx_word' id='word_1_641' title='bbox 2678 4421 2764 4474; x_wconf 81' lang='grc' dir='ltr'><strong>διὰ</strong></span> <span class='ocrx_word' id='word_1_642' title='bbox 2801 4421 3002 4485; x_wconf 83' lang='grc' dir='ltr'>παντὸς</span> <span class='ocrx_word' id='word_1_643' title='bbox 3026 4421 3060 4492; x_wconf 81' lang='grc' dir='ltr'><strong>ὴ</strong></span> <span class='ocrx_word' id='word_1_644' title='bbox 3088 4419 3256 4491; x_wconf 80' lang='grc' dir='ltr'>τέχνη</span> <span class='ocrx_word' id='word_1_645' title='bbox 3298 4420 3455 4492; x_wconf 80' lang='grc' dir='ltr'>φέρει</span> <span class='ocrx_word' id='word_1_646' title='bbox 3480 4437 3533 4473; x_wconf 90' lang='grc' dir='ltr'>τι</span> <span class='ocrx_word' id='word_1_647' title='bbox 3560 4419 3770 4491; x_wconf 81' lang='grc' dir='ltr'><strong>κέρδος,</strong></span> 
     </span>
    </p>
   </div>
   <div class='ocr_carea' id='block_1_88' title="bbox 2186 4509 3774 4586">
    <p class='ocr_par' dir='ltr' id='par_1_88' title="bbox 2186 4509 3774 4586">
     <span class='ocr_line' id='line_1_88' title="bbox 2186 4509 3774 4586; baseline -0.002 -18"><span class='ocrx_word' id='word_1_648' title='bbox 2186 4513 2358 4568; x_wconf 84' lang='grc' dir='ltr'>δεινὸν</span> <span class='ocrx_word' id='word_1_649' title='bbox 2385 4513 2505 4586; x_wconf 72' lang='grc' dir='ltr'>μὲν,</span> <span class='ocrx_word' id='word_1_650' title='bbox 2539 4509 2716 4584; x_wconf 82' lang='grc' dir='ltr'>οἶμαι,</span> <span class='ocrx_word' id='word_1_651' title='bbox 2773 4514 2968 4578; x_wconf 84' lang='grc' dir='ltr'>δεινὸν,</span> <span class='ocrx_word' id='word_1_652' title='bbox 2999 4515 3049 4567; x_wconf 85' lang='grc' dir='ltr'><strong>εί</strong></span> <span class='ocrx_word' id='word_1_653' title='bbox 3085 4513 3222 4584; x_wconf 83' lang='grc' dir='ltr'>μηδὲ</span> <span class='ocrx_word' id='word_1_654' title='bbox 3255 4512 3428 4585; x_wconf 82' lang='grc' dir='ltr'>βραχὺ</span> <span class='ocrx_word' id='word_1_655' title='bbox 3451 4513 3548 4567; x_wconf 89' lang='grc' dir='ltr'><strong>τοῦ</strong></span> <span class='ocrx_word' id='word_1_656' title='bbox 3570 4513 3774 4579; x_wconf 66' lang='grc' dir='ltr'>παντὸς</span> 
     </span>
    </p>
   </div>
   <div class='ocr_carea' id='block_1_89' title="bbox 503 4602 2077 4688">
    <p class='ocr_par' dir='ltr' id='par_1_89' title="bbox 503 4605 2077 4677">
     <span class='ocr_line' id='line_1_89' title="bbox 503 4605 2077 4677; baseline 0.003 -19"><span class='ocrx_word' id='word_1_657' title='bbox 503 4621 637 4673; x_wconf 86' lang='lat' dir='ltr'><strong>pore</strong></span> <span class='ocrx_word' id='word_1_658' title='bbox 667 4621 763 4676; x_wconf 90' lang='lat' dir='ltr'><strong>per</strong></span> <span class='ocrx_word' id='word_1_659' title='bbox 791 4617 962 4661; x_wconf 90' lang='lat' dir='ltr'><strong>totum</strong></span> <span class='ocrx_word' id='word_1_660' title='bbox 1003 4621 1204 4660; x_wconf 89' lang='lat' dir='ltr'><strong>annum</strong></span> <span class='ocrx_word' id='word_1_661' title='bbox 1256 4605 1412 4661; x_wconf 91' lang='lat' dir='ltr'><strong>nobis</strong></span> <span class='ocrx_word' id='word_1_662' title='bbox 1453 4607 1793 4677; x_wconf 90' lang='lat' dir='ltr'><strong>temetipsum</strong></span> <span class='ocrx_word' id='word_1_663' title='bbox 1841 4609 2077 4676; x_wconf 74' lang='lat' dir='ltr'><strong>praebue-</strong></span> 
     </span>
    </p>
   </div>
   <div class='ocr_carea' id='block_1_90' title="bbox 2182 4602 3773 4688">
    <p class='ocr_par' dir='ltr' id='par_1_90' title="bbox 2189 4602 3773 4679">
     <span class='ocr_line' id='line_1_90' title="bbox 2189 4602 3773 4679; baseline -0.001 -19"><span class='ocrx_word' id='word_1_664' title='bbox 2189 4607 2345 4672; x_wconf 80' lang='grc' dir='ltr'>ἐτους</span> <span class='ocrx_word' id='word_1_665' title='bbox 2400 4608 2531 4678; x_wconf 77' lang='grc' dir='ltr'>ἡμῖν</span> <span class='ocrx_word' id='word_1_666' title='bbox 2593 4608 2856 4679; x_wconf 80' lang='grc' dir='ltr'>παρέχεις</span> <span class='ocrx_word' id='word_1_667' title='bbox 2885 4606 3112 4661; x_wconf 85' lang='grc' dir='ltr'>σεαυτόν</span> <span class='ocrx_word' id='word_1_668' title='bbox 3138 4623 3151 4636; x_wconf 90' lang='grc'><strong>·</strong></span> <span class='ocrx_word' id='word_1_669' title='bbox 3190 4605 3306 4661; x_wconf 77' lang='grc' dir='ltr'>ἀλλ’</span> <span class='ocrx_word' id='word_1_670' title='bbox 3345 4602 3439 4661; x_wconf 74' lang='grc' dir='ltr'>οὖν</span> <span class='ocrx_word' id='word_1_671' title='bbox 3473 4603 3773 4678; x_wconf 79' lang='grc' dir='ltr'>συνήδομαί</span> 
     </span>
    </p>
   </div>
   <div class='ocr_carea' id='block_1_91' title="bbox 508 4698 2086 4770">
    <p class='ocr_par' dir='ltr' id='par_1_91' title="bbox 508 4698 2086 4770">
     <span class='ocr_line' id='line_1_91' title="bbox 508 4698 2086 4770; baseline 0.003 -17"><span class='ocrx_word' id='word_1_672' title='bbox 508 4701 622 4756; x_wconf 88' lang='lat' dir='ltr'><strong>ris:</strong></span> <span class='ocrx_word' id='word_1_673' title='bbox 653 4699 749 4754; x_wconf 85' lang='lat' dir='ltr'><strong>sed</strong></span> <span class='ocrx_word' id='word_1_674' title='bbox 785 4698 1100 4768; x_wconf 82' lang='lat' dir='ltr'><strong>congaudeo</strong></span> <span class='ocrx_word' id='word_1_675' title='bbox 1143 4707 1319 4754; x_wconf 88' lang='lat' dir='ltr'><strong>tecum</strong></span> <span class='ocrx_word' id='word_1_676' title='bbox 1351 4699 1494 4768; x_wconf 91' lang='lat' dir='ltr'><strong>quod</strong></span> <span class='ocrx_word' id='word_1_677' title='bbox 1541 4699 1592 4752; x_wconf 92' lang='lat' dir='ltr'><strong>in</strong></span> <span class='ocrx_word' id='word_1_678' title='bbox 1635 4701 1866 4770; x_wconf 81' lang='lat' dir='ltr'><strong>negotiis</strong></span> <span class='ocrx_word' id='word_1_679' title='bbox 1903 4716 2086 4757; x_wconf 88' lang='lat' dir='ltr'><strong>verse-</strong></span> 
     </span>
    </p>
   </div>
   <div class='ocr_carea' id='block_1_92' title="bbox 506 4791 2084 4862">
    <p class='ocr_par' dir='ltr' id='par_1_92' title="bbox 506 4791 2084 4862">
     <span class='ocr_line' id='line_1_92' title="bbox 506 4791 2084 4862; baseline 0.001 -16"><span class='ocrx_word' id='word_1_680' title='bbox 506 4793 625 4847; x_wconf 88' lang='lat' dir='ltr'><strong>rls:</strong></span> <span class='ocrx_word' id='word_1_681' title='bbox 663 4792 709 4846; x_wconf 91' lang='lat' dir='ltr'><strong>si</strong></span> <span class='ocrx_word' id='word_1_682' title='bbox 753 4806 882 4845; x_wconf 92' lang='lat' dir='ltr'><strong>vero</strong></span> <span class='ocrx_word' id='word_1_683' title='bbox 947 4800 1168 4860; x_wconf 86' lang='lat' dir='ltr'><strong>propter</strong></span> <span class='ocrx_word' id='word_1_684' title='bbox 1218 4791 1454 4856; x_wconf 80' lang='lat' dir='ltr'><strong>divitias,</strong></span> <span class='ocrx_word' id='word_1_685' title='bbox 1495 4791 1598 4846; x_wconf 87' lang='lat' dir='ltr'><strong>nisi</strong></span> <span class='ocrx_word' id='word_1_686' title='bbox 1645 4803 1865 4862; x_wconf 89' lang='lat' dir='ltr'><strong>propter</strong></span> <span class='ocrx_word' id='word_1_687' title='bbox 1911 4803 2084 4847; x_wconf 90' lang='lat' dir='ltr'><strong>artem</strong></span> 
     </span>
    </p>
   </div>
   <div class='ocr_carea' id='block_1_93' title="bbox 504 4879 2084 4952">
    <p class='ocr_par' dir='ltr' id='par_1_93' title="bbox 504 4879 2084 4952">
     <span class='ocr_line' id='line_1_93' title="bbox 504 4879 2084 4952; baseline 0.001 -14"><span class='ocrx_word' id='word_1_688' title='bbox 504 4883 656 4945; x_wconf 84' lang='lat' dir='ltr'><strong>siles,</strong></span> <span class='ocrx_word' id='word_1_689' title='bbox 709 4879 1058 4952; x_wconf 88' lang='lat' dir='ltr'><strong>cougratulor</strong></span> <span class='ocrx_word' id='word_1_690' title='bbox 1091 4881 1186 4935; x_wconf 91' lang='lat' dir='ltr'><strong>tibi</strong></span> <span class='ocrx_word' id='word_1_691' title='bbox 1219 4898 1281 4936; x_wconf 85' lang='lat' dir='ltr'><strong>ea</strong></span> <span class='ocrx_word' id='word_1_692' title='bbox 1313 4881 1383 4937; x_wconf 89' lang='lat' dir='ltr'><strong>de</strong></span> <span class='ocrx_word' id='word_1_693' title='bbox 1412 4899 1470 4937; x_wconf 90' lang='lat' dir='ltr'><strong>re</strong></span> <span class='ocrx_word' id='word_1_694' title='bbox 1502 4901 1515 4935; x_wconf 93' lang='lat'><strong>:</strong></span> <span class='ocrx_word' id='word_1_695' title='bbox 1572 4899 1678 4938; x_wconf 91' lang='lat' dir='ltr'><strong>non</strong></span> <span class='ocrx_word' id='word_1_696' title='bbox 1733 4893 1911 4939; x_wconf 88' lang='lat' dir='ltr'><strong>tamen</strong></span> <span class='ocrx_word' id='word_1_697' title='bbox 1968 4885 2084 4940; x_wconf 88' lang='lat' dir='ltr'><strong>vel-</strong></span> 
     </span>
    </p>
   </div>
   <div class='ocr_carea' id='block_1_94' title="bbox 502 4971 2082 5045">
    <p class='ocr_par' dir='ltr' id='par_1_94' title="bbox 502 4971 2082 5045">
     <span class='ocr_line' id='line_1_94' title="bbox 502 4971 2082 5045; baseline 0.003 -17"><span class='ocrx_word' id='word_1_698' title='bbox 502 4975 605 5028; x_wconf 82' lang='lat' dir='ltr'><strong>lem</strong></span> <span class='ocrx_word' id='word_1_699' title='bbox 665 4982 715 5028; x_wconf 88' lang='lat' dir='ltr'><strong>te</strong></span> <span class='ocrx_word' id='word_1_700' title='bbox 775 4981 982 5026; x_wconf 86' lang='lat' dir='ltr'><strong>tantum</strong></span> <span class='ocrx_word' id='word_1_701' title='bbox 1030 4971 1301 5028; x_wconf 89' lang='lat' dir='ltr'><strong>ditescere</strong></span> <span class='ocrx_word' id='word_1_702' title='bbox 1329 4983 1386 5028; x_wconf 91' lang='lat' dir='ltr'><strong>ut</strong></span> <span class='ocrx_word' id='word_1_703' title='bbox 1432 4991 1596 5045; x_wconf 88' lang='lat' dir='ltr'><strong>supra</strong></span> <span class='ocrx_word' id='word_1_704' title='bbox 1638 4991 1737 5031; x_wconf 91' lang='lat' dir='ltr'><strong>nos</strong></span> <span class='ocrx_word' id='word_1_705' title='bbox 1780 4976 2082 5042; x_wconf 81' lang='lat' dir='ltr'><strong>extollaris,</strong></span> 
     </span>
    </p>
   </div>
   <div class='ocr_carea' id='block_1_95' title="bbox 502 5062 2082 5133">
    <p class='ocr_par' dir='ltr' id='par_1_95' title="bbox 502 5062 2082 5133">
     <span class='ocr_line' id='line_1_95' title="bbox 502 5062 2082 5133; baseline 0.003 -15"><span class='ocrx_word' id='word_1_706' title='bbox 502 5079 605 5120; x_wconf 86' lang='lat' dir='ltr'><strong>nec</strong></span> <span class='ocrx_word' id='word_1_707' title='bbox 638 5062 868 5133; x_wconf 89' lang='lat' dir='ltr'><strong>amplius</strong></span> <span class='ocrx_word' id='word_1_708' title='bbox 894 5065 1078 5120; x_wconf 84' lang='lat' dir='ltr'><strong>videas</strong></span> <span class='ocrx_word' id='word_1_709' title='bbox 1119 5079 1215 5120; x_wconf 86' lang='lat' dir='ltr'><strong>eos</strong></span> <span class='ocrx_word' id='word_1_710' title='bbox 1246 5065 1334 5132; x_wconf 88' lang='lat' dir='ltr'><strong>qui</strong></span> <span class='ocrx_word' id='word_1_711' title='bbox 1366 5075 1526 5120; x_wconf 89' lang='lat' dir='ltr'><strong>erant</strong></span> <span class='ocrx_word' id='word_1_712' title='bbox 1563 5066 1691 5121; x_wconf 89' lang='lat' dir='ltr'><strong>olim</strong></span> <span class='ocrx_word' id='word_1_713' title='bbox 1722 5067 2032 5123; x_wconf 81' lang='lat' dir='ltr'><strong>amicissimi</strong></span> <span class='ocrx_word' id='word_1_714' title='bbox 2067 5085 2082 5123; x_wconf 92' lang='lat'><strong>:</strong></span> 
     </span>
    </p>
   </div>
   <div class='ocr_carea' id='block_1_96' title="bbox 502 5156 2083 5232">
    <p class='ocr_par' dir='ltr' id='par_1_96' title="bbox 502 5156 2083 5232">
     <span class='ocr_line' id='line_1_96' title="bbox 502 5156 2083 5232; baseline 0.005 -23"><span class='ocrx_word' id='word_1_715' title='bbox 502 5165 558 5212; x_wconf 86' lang='lat' dir='ltr'><strong>et</strong></span> <span class='ocrx_word' id='word_1_716' title='bbox 592 5166 744 5212; x_wconf 92' lang='lat' dir='ltr'><strong>certe</strong></span> <span class='ocrx_word' id='word_1_717' title='bbox 773 5156 1102 5212; x_wconf 87' lang='lat' dir='ltr'><strong>inhiavirnus</strong></span> <span class='ocrx_word' id='word_1_718' title='bbox 1133 5165 1237 5212; x_wconf 89' lang='lat' dir='ltr'><strong>ate</strong></span> <span class='ocrx_word' id='word_1_719' title='bbox 1269 5156 1481 5213; x_wconf 88' lang='lat' dir='ltr'><strong>litteras</strong></span> <span class='ocrx_word' id='word_1_720' title='bbox 1511 5177 1526 5214; x_wconf 88' lang='lat'><strong>:</strong></span> <span class='ocrx_word' id='word_1_721' title='bbox 1567 5169 1623 5214; x_wconf 89' lang='lat' dir='ltr'><strong>et</strong></span> <span class='ocrx_word' id='word_1_722' title='bbox 1654 5160 1720 5215; x_wconf 89' lang='lat' dir='ltr'><strong>ad</strong></span> <span class='ocrx_word' id='word_1_723' title='bbox 1749 5175 1896 5216; x_wconf 86' lang='lat' dir='ltr'><strong>mare</strong></span> <span class='ocrx_word' id='word_1_724' title='bbox 1925 5177 2083 5232; x_wconf 89' lang='lat' dir='ltr'><strong>pros-</strong></span> 
     </span>
    </p>
   </div>
   <div class='ocr_carea' id='block_1_97' title="bbox 502 5248 2086 5324">
    <p class='ocr_par' dir='ltr' id='par_1_97' title="bbox 502 5248 2086 5324">
     <span class='ocr_line' id='line_1_97' title="bbox 502 5248 2086 5324; baseline 0.004 -21"><span class='ocrx_word' id='word_1_725' title='bbox 502 5250 756 5322; x_wconf 90' lang='lat' dir='ltr'><strong>picimus,</strong></span> <span class='ocrx_word' id='word_1_726' title='bbox 811 5265 917 5306; x_wconf 88' lang='lat' dir='ltr'><strong>non</strong></span> <span class='ocrx_word' id='word_1_727' title='bbox 972 5250 1155 5306; x_wconf 90' lang='lat' dir='ltr'><strong>minus</strong></span> <span class='ocrx_word' id='word_1_728' title='bbox 1189 5264 1255 5304; x_wconf 88' lang='lat' dir='ltr'><strong>ac</strong></span> <span class='ocrx_word' id='word_1_729' title='bbox 1295 5248 1490 5306; x_wconf 89' lang='lat' dir='ltr'><strong>Philis.</strong></span> <span class='ocrx_word' id='word_1_730' title='bbox 1536 5253 1962 5324; x_wconf 86' lang='lat' dir='ltr'><strong>Demophontem</strong></span> <span class='ocrx_word' id='word_1_731' title='bbox 1996 5271 2086 5310; x_wconf 83' lang='lat' dir='ltr'><strong>vo-</strong></span> 
     </span>
    </p>
   </div>
   <div class='ocr_carea' id='block_1_98' title="bbox 503 5339 2081 5409">
    <p class='ocr_par' dir='ltr' id='par_1_98' title="bbox 503 5339 2081 5409">
     <span class='ocr_line' id='line_1_98' title="bbox 503 5339 2081 5409; baseline 0.002 -14"><span class='ocrx_word' id='word_1_732' title='bbox 503 5357 636 5396; x_wconf 81' lang='lat' dir='ltr'><strong>cans</strong></span> <span class='ocrx_word' id='word_1_733' title='bbox 666 5339 924 5408; x_wconf 91' lang='lat' dir='ltr'><strong>injustum</strong></span> <span class='ocrx_word' id='word_1_734' title='bbox 956 5349 1013 5397; x_wconf 92' lang='lat' dir='ltr'><strong>et</strong></span> <span class='ocrx_word' id='word_1_735' title='bbox 1049 5339 1224 5396; x_wconf 90' lang='lat' dir='ltr'><strong>amori</strong></span> <span class='ocrx_word' id='word_1_736' title='bbox 1253 5342 1680 5409; x_wconf 85' lang='lat' dir='ltr'><strong>correspondere</strong></span> <span class='ocrx_word' id='word_1_737' title='bbox 1713 5345 2081 5399; x_wconf 83' lang='lat' dir='ltr'><strong>nescientem:</strong></span> 
     </span>
    </p>
   </div>
   <div class='ocr_carea' id='block_1_99' title="bbox 504 5433 2082 5504">
    <p class='ocr_par' dir='ltr' id='par_1_99' title="bbox 504 5433 2082 5504">
     <span class='ocr_line' id='line_1_99' title="bbox 504 5433 2082 5504; baseline 0.004 -18"><span class='ocrx_word' id='word_1_738' title='bbox 504 5447 625 5486; x_wconf 90' lang='lat' dir='ltr'><strong>cum</strong></span> <span class='ocrx_word' id='word_1_739' title='bbox 663 5433 753 5488; x_wconf 90' lang='lat' dir='ltr'><strong>ille</strong></span> <span class='ocrx_word' id='word_1_740' title='bbox 785 5447 1017 5504; x_wconf 88' lang='lat' dir='ltr'><strong>sponsus</strong></span> <span class='ocrx_word' id='word_1_741' title='bbox 1050 5441 1194 5488; x_wconf 91' lang='lat' dir='ltr'><strong>esset</strong></span> <span class='ocrx_word' id='word_1_742' title='bbox 1229 5443 1475 5489; x_wconf 90' lang='lat' dir='ltr'><strong>recenter</strong></span> <span class='ocrx_word' id='word_1_743' title='bbox 1515 5443 1568 5492; x_wconf 88' lang='lat' dir='ltr'><strong>et</strong></span> <span class='ocrx_word' id='word_1_744' title='bbox 1597 5435 1811 5491; x_wconf 80' lang='lat' dir='ltr'><strong>Phillidi</strong></span> <span class='ocrx_word' id='word_1_745' title='bbox 1843 5453 2082 5493; x_wconf 90' lang='lat' dir='ltr'><strong>amorem</strong></span> 
     </span>
    </p>
   </div>
   <div class='ocr_carea' id='block_1_100' title="bbox 477 5524 2083 5599">
    <p class='ocr_par' dir='ltr' id='par_1_100' title="bbox 477 5524 2083 5599">
     <span class='ocr_line' id='line_1_100' title="bbox 477 5524 2083 5599; baseline 0.003 -21"><span class='ocrx_word' id='word_1_746' title='bbox 477 5535 749 5595; x_wconf 67' lang='lat' dir='ltr'><strong>jaugeret,</strong></span> <span class='ocrx_word' id='word_1_747' title='bbox 785 5524 920 5580; x_wconf 90' lang='lat' dir='ltr'><strong>abiit</strong></span> <span class='ocrx_word' id='word_1_748' title='bbox 951 5526 1246 5582; x_wconf 88' lang='lat' dir='ltr'><strong>thalamum</strong></span> <span class='ocrx_word' id='word_1_749' title='bbox 1271 5525 1561 5597; x_wconf 89' lang='lat' dir='ltr'><strong>nuptialem</strong></span> <span class='ocrx_word' id='word_1_750' title='bbox 1593 5527 1945 5599; x_wconf 90' lang='lat' dir='ltr'><strong>relinquens:</strong></span> <span class='ocrx_word' id='word_1_751' title='bbox 1983 5529 2083 5584; x_wconf 90' lang='lat' dir='ltr'><strong>ista</strong></span> 
     </span>
    </p>
   </div>
   <div class='ocr_carea' id='block_1_101' title="bbox 508 5619 2085 5692">
    <p class='ocr_par' dir='ltr' id='par_1_101' title="bbox 508 5619 2085 5692">
     <span class='ocr_line' id='line_1_101' title="bbox 508 5619 2085 5692; baseline 0.004 -20"><span class='ocrx_word' id='word_1_752' title='bbox 508 5628 688 5673; x_wconf 84' lang='lat' dir='ltr'><strong>tamen</strong></span> <span class='ocrx_word' id='word_1_753' title='bbox 733 5619 920 5675; x_wconf 88' lang='lat' dir='ltr'><strong>itidem</strong></span> <span class='ocrx_word' id='word_1_754' title='bbox 969 5621 1203 5690; x_wconf 83' lang='lat' dir='ltr'><strong>augebat</strong></span> <span class='ocrx_word' id='word_1_755' title='bbox 1244 5636 1339 5676; x_wconf 91' lang='lat' dir='ltr'><strong>sua</strong></span> <span class='ocrx_word' id='word_1_756' title='bbox 1382 5621 1499 5677; x_wconf 87' lang='lat' dir='ltr'><strong>vice</strong></span> <span class='ocrx_word' id='word_1_757' title='bbox 1525 5636 1648 5691; x_wconf 88' lang='lat' dir='ltr'><strong>spes</strong></span> <span class='ocrx_word' id='word_1_758' title='bbox 1690 5621 1977 5692; x_wconf 85' lang='lat' dir='ltr'><strong>praebens:</strong></span> <span class='ocrx_word' id='word_1_759' title='bbox 2027 5633 2085 5679; x_wconf 89' lang='lat' dir='ltr'><strong>ut</strong></span> 
     </span>
    </p>
   </div>
   <div class='ocr_carea' id='block_1_102' title="bbox 507 5709 2080 5785">
    <p class='ocr_par' dir='ltr' id='par_1_102' title="bbox 507 5709 2080 5785">
     <span class='ocr_line' id='line_1_102' title="bbox 507 5709 2080 5785; baseline 0.005 -23"><span class='ocrx_word' id='word_1_760' title='bbox 507 5718 687 5765; x_wconf 84' lang='lat' dir='ltr'><strong>autem</strong></span> <span class='ocrx_word' id='word_1_761' title='bbox 739 5709 905 5783; x_wconf 85' lang='lat' dir='ltr'><strong>igitur</strong></span> <span class='ocrx_word' id='word_1_762' title='bbox 944 5710 1094 5766; x_wconf 87' lang='lat' dir='ltr'><strong>vices</strong></span> <span class='ocrx_word' id='word_1_763' title='bbox 1151 5714 1394 5781; x_wconf 84' lang='lat' dir='ltr'><strong>rependit</strong></span> <span class='ocrx_word' id='word_1_764' title='bbox 1446 5723 1501 5769; x_wconf 90' lang='lat' dir='ltr'><strong>et</strong></span> <span class='ocrx_word' id='word_1_765' title='bbox 1543 5714 1696 5781; x_wconf 87' lang='lat' dir='ltr'><strong>abiit,</strong></span> <span class='ocrx_word' id='word_1_766' title='bbox 1745 5715 1831 5770; x_wconf 87' lang='lat' dir='ltr'><strong>ille</strong></span> <span class='ocrx_word' id='word_1_767' title='bbox 1865 5717 2080 5785; x_wconf 90' lang='lat' dir='ltr'><strong>quidem</strong></span> 
     </span>
    </p>
   </div>
   <div class='ocr_carea' id='block_1_103' title="bbox 506 5790 2078 5868">
    <p class='ocr_par' dir='ltr' id='par_1_103' title="bbox 506 5790 2078 5868">
     <span class='ocr_line' id='line_1_103' title="bbox 506 5790 2078 5868; baseline 0.006 -11"><span class='ocrx_word' id='word_1_768' title='bbox 506 5801 690 5857; x_wconf 84' lang='lat' dir='ltr'><strong>statim</strong></span> <span class='ocrx_word' id='word_1_769' title='bbox 739 5800 1011 5868; x_wconf 84' lang='lat' dir='ltr'><strong>clamavit,</strong></span> <span class='ocrx_word' id='word_1_770' title='bbox 1066 5790 1120 5856; x_wconf 76' lang='lat' dir='ltr'><strong>et</strong></span> <span class='ocrx_word' id='word_1_771' title='bbox 1165 5803 1390 5858; x_wconf 82' lang='lat' dir='ltr'><strong>Pbillida</strong></span> <span class='ocrx_word' id='word_1_772' title='bbox 1441 5821 1536 5860; x_wconf 86' lang='lat' dir='ltr'><strong>sua</strong></span> <span class='ocrx_word' id='word_1_773' title='bbox 1591 5808 1709 5864; x_wconf 83' lang='lat' dir='ltr'><strong>vice</strong></span> <span class='ocrx_word' id='word_1_774' title='bbox 1757 5825 1861 5863; x_wconf 91' lang='lat' dir='ltr'><strong>non</strong></span> <span class='ocrx_word' id='word_1_775' title='bbox 1898 5809 2078 5866; x_wconf 81' lang='lat' dir='ltr'><strong>vidit:</strong></span> 
     </span>
    </p>
   </div>
   <div class='ocr_carea' id='block_1_104' title="bbox 505 5890 2081 5968">
    <p class='ocr_par' dir='ltr' id='par_1_104' title="bbox 505 5890 2081 5968">
     <span class='ocr_line' id='line_1_104' title="bbox 505 5890 2081 5968; baseline 0.01 -23"><span class='ocrx_word' id='word_1_776' title='bbox 505 5890 677 5949; x_wconf 88' lang='lat' dir='ltr'><strong>Philis</strong></span> <span class='ocrx_word' id='word_1_777' title='bbox 711 5902 894 5952; x_wconf 85' lang='lat' dir='ltr'><strong>autem</strong></span> <span class='ocrx_word' id='word_1_778' title='bbox 920 5895 988 5952; x_wconf 79' lang='lat' dir='ltr'><strong>ad</strong></span> <span class='ocrx_word' id='word_1_779' title='bbox 1024 5910 1172 5954; x_wconf 76' lang='lat' dir='ltr'><strong>male</strong></span> <span class='ocrx_word' id='word_1_780' title='bbox 1209 5913 1361 5955; x_wconf 77' lang='lat' dir='ltr'><strong>versa</strong></span> <span class='ocrx_word' id='word_1_781' title='bbox 1399 5899 1581 5968; x_wconf 81' lang='lat' dir='ltr'><strong>ﬂebat,</strong></span> <span class='ocrx_word' id='word_1_782' title='bbox 1609 5911 1662 5958; x_wconf 87' lang='lat' dir='ltr'><strong>et</strong></span> <span class='ocrx_word' id='word_1_783' title='bbox 1694 5919 1860 5960; x_wconf 77' lang='lat' dir='ltr'><strong>naves</strong></span> <span class='ocrx_word' id='word_1_784' title='bbox 1895 5919 2081 5962; x_wconf 87' lang='lat' dir='ltr'><strong>nume-</strong></span> 
     </span>
    </p>
   </div>
   <div class='ocr_carea' id='block_1_105' title="bbox 2189 4697 3775 4770">
    <p class='ocr_par' dir='ltr' id='par_1_105' title="bbox 2189 4697 3775 4770">
     <span class='ocr_line' id='line_1_105' title="bbox 2189 4697 3775 4770; baseline 0 -18"><span class='ocrx_word' id='word_1_785' title='bbox 2189 4699 2254 4768; x_wconf 82' lang='grc' dir='ltr'>γέ</span> <span class='ocrx_word' id='word_1_786' title='bbox 2280 4715 2362 4751; x_wconf 90' lang='grc' dir='ltr'>σοι</span> <span class='ocrx_word' id='word_1_787' title='bbox 2391 4697 2492 4768; x_wconf 82' lang='grc' dir='ltr'>τῆς</span> <span class='ocrx_word' id='word_1_788' title='bbox 2545 4698 2821 4770; x_wconf 86' lang='grc' dir='ltr'>ἀσχολίας.</span> <span class='ocrx_word' id='word_1_789' title='bbox 2859 4699 2922 4752; x_wconf 81' lang='lat' dir='ltr'><strong>Ei</strong></span> <span class='ocrx_word' id='word_1_790' title='bbox 2953 4699 3010 4753; x_wconf 83' lang='grc' dir='ltr'>δὲ</span> <span class='ocrx_word' id='word_1_791' title='bbox 3036 4698 3306 4765; x_wconf 84' lang='grc' dir='ltr'>πλουτῶν,</span> <span class='ocrx_word' id='word_1_792' title='bbox 3330 4699 3508 4764; x_wconf 81' lang='grc' dir='ltr'>ἄλλως</span> <span class='ocrx_word' id='word_1_793' title='bbox 3535 4698 3646 4753; x_wconf 85' lang='grc' dir='ltr'><strong>ἀπὸ</strong></span> <span class='ocrx_word' id='word_1_794' title='bbox 3675 4699 3775 4768; x_wconf 82' lang='grc' dir='ltr'>τῆς</span> 
     </span>
    </p>
   </div>
   <div class='ocr_carea' id='block_1_106' title="bbox 2186 4791 3774 4865">
    <p class='ocr_par' dir='ltr' id='par_1_106' title="bbox 2186 4791 3774 4865">
     <span class='ocr_line' id='line_1_106' title="bbox 2186 4791 3774 4865; baseline 0.001 -21"><span class='ocrx_word' id='word_1_795' title='bbox 2186 4791 2382 4863; x_wconf 82' lang='grc' dir='ltr'>τέχνης</span> <span class='ocrx_word' id='word_1_796' title='bbox 2423 4793 2603 4862; x_wconf 82' lang='grc' dir='ltr'>σιγᾷς,</span> <span class='ocrx_word' id='word_1_797' title='bbox 2635 4793 2916 4865; x_wconf 88' lang='grc' dir='ltr'>συγχαίρω</span> <span class='ocrx_word' id='word_1_798' title='bbox 2946 4793 3046 4863; x_wconf 82' lang='grc' dir='ltr'>μέν</span> <span class='ocrx_word' id='word_1_799' title='bbox 3081 4812 3164 4848; x_wconf 86' lang='grc' dir='ltr'>σοι</span> <span class='ocrx_word' id='word_1_800' title='bbox 3188 4795 3282 4848; x_wconf 73' lang='grc' dir='ltr'><strong>καὶ</strong></span> <span class='ocrx_word' id='word_1_801' title='bbox 3307 4793 3495 4849; x_wconf 85' lang='grc' dir='ltr'>τούτου</span> <span class='ocrx_word' id='word_1_802' title='bbox 3519 4811 3534 4828; x_wconf 89' lang='grc'><strong>·</strong></span> <span class='ocrx_word' id='word_1_803' title='bbox 3563 4793 3627 4847; x_wconf 88' lang='grc' dir='ltr'><strong>οὐ</strong></span> <span class='ocrx_word' id='word_1_804' title='bbox 3669 4791 3774 4864; x_wconf 79' lang='grc' dir='ltr'>μὴν</span> 
     </span>
    </p>
   </div>
   <div class='ocr_carea' id='block_1_107' title="bbox 2188 4884 3774 4958">
    <p class='ocr_par' dir='ltr' id='par_1_107' title="bbox 2188 4884 3774 4958">
     <span class='ocr_line' id='line_1_107' title="bbox 2188 4884 3774 4958; baseline 0.001 -19"><span class='ocrx_word' id='word_1_805' title='bbox 2188 4885 2489 4957; x_wconf 72' lang='grc' dir='ltr'>ἐϐουλόμην</span> <span class='ocrx_word' id='word_1_806' title='bbox 2511 4902 2570 4938; x_wconf 89' lang='grc' dir='ltr'><strong>σε</strong></span> <span class='ocrx_word' id='word_1_807' title='bbox 2603 4885 2858 4939; x_wconf 84' lang='grc' dir='ltr'>τοσοῦτον</span> <span class='ocrx_word' id='word_1_808' title='bbox 2883 4886 3135 4942; x_wconf 88' lang='grc' dir='ltr'>πλουτεῖν</span> <span class='ocrx_word' id='word_1_809' title='bbox 3155 4886 3229 4951; x_wconf 82' lang='grc' dir='ltr'>ὡς</span> <span class='ocrx_word' id='word_1_810' title='bbox 3252 4887 3375 4942; x_wconf 81' lang='grc' dir='ltr'>καθ’</span> <span class='ocrx_word' id='word_1_811' title='bbox 3409 4884 3568 4958; x_wconf 77' lang='grc' dir='ltr'>ἡμῶν</span> <span class='ocrx_word' id='word_1_812' title='bbox 3596 4884 3774 4957; x_wconf 81' lang='grc' dir='ltr'>ἐπῆρ-</span> 
     </span>
    </p>
   </div>
   <div class='ocr_carea' id='block_1_108' title="bbox 2188 4977 3772 5049">
    <p class='ocr_par' dir='ltr' id='par_1_108' title="bbox 2188 4977 3772 5049">
     <span class='ocr_line' id='line_1_108' title="bbox 2188 4977 3772 5049; baseline -0.001 -17"><span class='ocrx_word' id='word_1_813' title='bbox 2188 4977 2303 5040; x_wconf 89' lang='grc' dir='ltr'>θαι,</span> <span class='ocrx_word' id='word_1_814' title='bbox 2345 4979 2438 5032; x_wconf 71' lang='grc' dir='ltr'><strong>καὶ</strong></span> <span class='ocrx_word' id='word_1_815' title='bbox 2476 4977 2668 5048; x_wconf 78' lang='grc' dir='ltr'>μηκέτ’</span> <span class='ocrx_word' id='word_1_816' title='bbox 2703 4977 2903 5032; x_wconf 75' lang='grc' dir='ltr'>εἰδέναι</span> <span class='ocrx_word' id='word_1_817' title='bbox 2938 4979 3064 5043; x_wconf 81' lang='grc' dir='ltr'>τοὺς</span> <span class='ocrx_word' id='word_1_818' title='bbox 3085 4979 3254 5034; x_wconf 85' lang='grc' dir='ltr'>πάλαι</span> <span class='ocrx_word' id='word_1_819' title='bbox 3288 4979 3617 5049; x_wconf 80' lang='grc' dir='ltr'>φιλτάτους·</span> <span class='ocrx_word' id='word_1_820' title='bbox 3651 4977 3772 5032; x_wconf 86' lang='grc' dir='ltr'>καί-</span> 
     </span>
    </p>
   </div>
   <div class='ocr_carea' id='block_1_109' title="bbox 2187 5067 3774 5142">
    <p class='ocr_par' dir='ltr' id='par_1_109' title="bbox 2187 5067 3774 5142">
     <span class='ocr_line' id='line_1_109' title="bbox 2187 5067 3774 5142; baseline 0 -20"><span class='ocrx_word' id='word_1_821' title='bbox 2187 5084 2268 5122; x_wconf 90' lang='grc' dir='ltr'><strong>τοι</strong></span> <span class='ocrx_word' id='word_1_822' title='bbox 2319 5067 2633 5140; x_wconf 82' lang='grc' dir='ltr'>κεχήναμέν</span> <span class='ocrx_word' id='word_1_823' title='bbox 2662 5069 2726 5138; x_wconf 84' lang='grc' dir='ltr'><strong>γέ</strong></span> <span class='ocrx_word' id='word_1_824' title='bbox 2753 5086 2846 5122; x_wconf 89' lang='grc' dir='ltr'><strong>σου</strong></span> <span class='ocrx_word' id='word_1_825' title='bbox 2873 5071 2984 5133; x_wconf 89' lang='grc' dir='ltr'>τοῖς</span> <span class='ocrx_word' id='word_1_826' title='bbox 3033 5069 3360 5142; x_wconf 81' lang='grc' dir='ltr'>γράμμασι·</span> <span class='ocrx_word' id='word_1_827' title='bbox 3387 5071 3482 5123; x_wconf 75' lang='grc' dir='ltr'>καὶ</span> <span class='ocrx_word' id='word_1_828' title='bbox 3512 5069 3648 5138; x_wconf 84' lang='grc' dir='ltr'>πρὸς</span> <span class='ocrx_word' id='word_1_829' title='bbox 3675 5069 3774 5138; x_wconf 74' lang='grc' dir='ltr'>τὴν</span> 
     </span>
    </p>
   </div>
   <div class='ocr_carea' id='block_1_110' title="bbox 2189 5158 3774 5236">
    <p class='ocr_par' dir='ltr' id='par_1_110' title="bbox 2189 5158 3774 5236">
     <span class='ocr_line' id='line_1_110' title="bbox 2189 5158 3774 5236; baseline 0.002 -23"><span class='ocrx_word' id='word_1_830' title='bbox 2189 5158 2461 5215; x_wconf 84' lang='grc' dir='ltr'>θάλατταν</span> <span class='ocrx_word' id='word_1_831' title='bbox 2487 5162 2722 5232; x_wconf 82' lang='grc' dir='ltr'>ὁρῶμεν,</span> <span class='ocrx_word' id='word_1_832' title='bbox 2755 5162 2853 5233; x_wconf 89' lang='grc' dir='ltr'><strong>οὐχ</strong></span> <span class='ocrx_word' id='word_1_833' title='bbox 2887 5158 3049 5236; x_wconf 81' lang='grc' dir='ltr'>ἦττον</span> <span class='ocrx_word' id='word_1_834' title='bbox 3073 5163 3104 5234; x_wconf 77' lang='grc' dir='ltr'>ἢ</span> <span class='ocrx_word' id='word_1_835' title='bbox 3127 5163 3320 5227; x_wconf 73' lang='grc' dir='ltr'>Φυλλὶς</span> <span class='ocrx_word' id='word_1_836' title='bbox 3351 5163 3444 5216; x_wconf 86' lang='grc' dir='ltr'><strong>τὸν</strong></span> <span class='ocrx_word' id='word_1_837' title='bbox 3473 5162 3774 5234; x_wconf 82' lang='grc' dir='ltr'>Δημοφῶν-</span> 
     </span>
    </p>
   </div>
   <div class='ocr_carea' id='block_1_111' title="bbox 2186 5252 3775 5327">
    <p class='ocr_par' dir='ltr' id='par_1_111' title="bbox 2186 5252 3775 5327">
     <span class='ocr_line' id='line_1_111' title="bbox 2186 5252 3775 5327; baseline 0.001 -21"><span class='ocrx_word' id='word_1_838' title='bbox 2186 5271 2255 5307; x_wconf 84' lang='grc' dir='ltr'><strong>τα</strong></span> <span class='ocrx_word' id='word_1_839' title='bbox 2280 5252 2523 5307; x_wconf 76' lang='grc' dir='ltr'>καλοῦσα</span> <span class='ocrx_word' id='word_1_840' title='bbox 2542 5253 2634 5306; x_wconf 86' lang='grc' dir='ltr'><strong>τὸν</strong></span> <span class='ocrx_word' id='word_1_841' title='bbox 2665 5254 2848 5308; x_wconf 85' lang='grc' dir='ltr'>ἄδικον</span> <span class='ocrx_word' id='word_1_842' title='bbox 2885 5257 3092 5309; x_wconf 83' lang='grc' dir='ltr'>ἐκεῖνον</span> <span class='ocrx_word' id='word_1_843' title='bbox 3131 5256 3228 5309; x_wconf 74' lang='grc' dir='ltr'>καὶ</span> <span class='ocrx_word' id='word_1_844' title='bbox 3282 5257 3516 5327; x_wconf 76' lang='grc' dir='ltr'>ἁντερᾷν</span> <span class='ocrx_word' id='word_1_845' title='bbox 3572 5255 3674 5309; x_wconf 88' lang='grc' dir='ltr'><strong>οὐκ</strong></span> <span class='ocrx_word' id='word_1_846' title='bbox 3704 5257 3775 5308; x_wconf 87' lang='grc' dir='ltr'>εί-</span> 
     </span>
    </p>
   </div>
   <div class='ocr_carea' id='block_1_112' title="bbox 2185 5343 3773 5420">
    <p class='ocr_par' dir='ltr' id='par_1_112' title="bbox 2185 5343 3773 5420">
     <span class='ocr_line' id='line_1_112' title="bbox 2185 5343 3773 5420; baseline 0 -20"><span class='ocrx_word' id='word_1_847' title='bbox 2185 5345 2353 5400; x_wconf 80' lang='grc' dir='ltr'>δότα·</span> <span class='ocrx_word' id='word_1_848' title='bbox 2390 5347 2448 5410; x_wconf 85' lang='grc' dir='ltr'>ὃς</span> <span class='ocrx_word' id='word_1_849' title='bbox 2477 5346 2666 5418; x_wconf 80' lang='grc' dir='ltr'>ἐπειδὴ</span> <span class='ocrx_word' id='word_1_850' title='bbox 2708 5348 2942 5418; x_wconf 85' lang='grc' dir='ltr'>νυμφίος</span> <span class='ocrx_word' id='word_1_851' title='bbox 2977 5343 3046 5419; x_wconf 79' lang='grc' dir='ltr'>ἦν</span> <span class='ocrx_word' id='word_1_852' title='bbox 3095 5348 3299 5420; x_wconf 82' lang='grc' dir='ltr'>ἀρτίως</span> <span class='ocrx_word' id='word_1_853' title='bbox 3347 5347 3444 5402; x_wconf 81' lang='grc' dir='ltr'>καὶ</span> <span class='ocrx_word' id='word_1_854' title='bbox 3503 5345 3662 5419; x_wconf 80' lang='grc' dir='ltr'>ηῦξει</span> <span class='ocrx_word' id='word_1_855' title='bbox 3708 5349 3773 5416; x_wconf 75' lang='grc' dir='ltr'>τῇ</span> 
     </span>
    </p>
   </div>
   <div class='ocr_carea' id='block_1_113' title="bbox 2187 5437 3769 5513">
    <p class='ocr_par' dir='ltr' id='par_1_113' title="bbox 2187 5437 3769 5513">
     <span class='ocr_line' id='line_1_113' title="bbox 2187 5437 3769 5513; baseline 0 -21"><span class='ocrx_word' id='word_1_856' title='bbox 2187 5440 2404 5493; x_wconf 82' lang='grc' dir='ltr'>Φυλλίδι</span> <span class='ocrx_word' id='word_1_857' title='bbox 2433 5439 2524 5493; x_wconf 85' lang='grc' dir='ltr'>τὸν</span> <span class='ocrx_word' id='word_1_858' title='bbox 2571 5437 2768 5511; x_wconf 77' lang='grc' dir='ltr'>ἔρωτα,</span> <span class='ocrx_word' id='word_1_859' title='bbox 2793 5439 2975 5513; x_wconf 78' lang='grc' dir='ltr'>ᾢχητο</span> <span class='ocrx_word' id='word_1_860' title='bbox 2995 5441 3096 5511; x_wconf 82' lang='grc' dir='ltr'><strong>τὴν</strong></span> <span class='ocrx_word' id='word_1_861' title='bbox 3126 5440 3375 5494; x_wconf 72' lang='grc' dir='ltr'>παστάδα</span> <span class='ocrx_word' id='word_1_862' title='bbox 3406 5437 3730 5494; x_wconf 82' lang='grc' dir='ltr'>καταλιπών</span> <span class='ocrx_word' id='word_1_863' title='bbox 3755 5455 3769 5469; x_wconf 92' lang='grc'><strong>·</strong></span> 
     </span>
    </p>
   </div>
   <div class='ocr_carea' id='block_1_114' title="bbox 2183 5526 3770 5604">
    <p class='ocr_par' dir='ltr' id='par_1_114' title="bbox 2183 5526 3770 5604">
     <span class='ocr_line' id='line_1_114' title="bbox 2183 5526 3770 5604; baseline 0 -19"><span class='ocrx_word' id='word_1_864' title='bbox 2183 5527 2220 5604; x_wconf 79' lang='grc' dir='ltr'>ἦ</span> <span class='ocrx_word' id='word_1_865' title='bbox 2241 5532 2348 5604; x_wconf 80' lang='grc' dir='ltr'><strong>μὴν</strong></span> <span class='ocrx_word' id='word_1_866' title='bbox 2381 5532 2456 5597; x_wconf 84' lang='grc' dir='ltr'>ὡς</span> <span class='ocrx_word' id='word_1_867' title='bbox 2478 5533 2599 5604; x_wconf 74' lang='grc' dir='ltr'>ἥξει</span> <span class='ocrx_word' id='word_1_868' title='bbox 2633 5534 2796 5587; x_wconf 83' lang='grc' dir='ltr'>πάλιν</span> <span class='ocrx_word' id='word_1_869' title='bbox 2819 5533 3040 5598; x_wconf 83' lang='grc' dir='ltr'>ἐλπίδας</span> <span class='ocrx_word' id='word_1_870' title='bbox 3062 5533 3236 5599; x_wconf 85' lang='grc' dir='ltr'>διδούς</span> <span class='ocrx_word' id='word_1_871' title='bbox 3260 5551 3272 5564; x_wconf 88' lang='grc'><strong>·</strong></span> <span class='ocrx_word' id='word_1_872' title='bbox 3302 5534 3377 5600; x_wconf 87' lang='grc' dir='ltr'>ὡς</span> <span class='ocrx_word' id='word_1_873' title='bbox 3406 5534 3451 5588; x_wconf 80' lang='grc' dir='ltr'>δ’</span> <span class='ocrx_word' id='word_1_874' title='bbox 3482 5526 3576 5588; x_wconf 79' lang='grc' dir='ltr'><strong>οὖν</strong></span> <span class='ocrx_word' id='word_1_875' title='bbox 3610 5531 3770 5603; x_wconf 83' lang='grc' dir='ltr'>ἀμεί-</span> 
     </span>
    </p>
   </div>
   <div class='ocr_carea' id='block_1_115' title="bbox 2189 5616 3769 5699">
    <p class='ocr_par' dir='ltr' id='par_1_115' title="bbox 2189 5616 3769 5699">
     <span class='ocr_line' id='line_1_115' title="bbox 2189 5616 3769 5699; baseline 0 -21"><span class='ocrx_word' id='word_1_876' title='bbox 2189 5625 2296 5697; x_wconf 88' lang='grc' dir='ltr'><strong>φθη</strong></span> <span class='ocrx_word' id='word_1_877' title='bbox 2342 5626 2437 5679; x_wconf 71' lang='grc' dir='ltr'>καὶ</span> <span class='ocrx_word' id='word_1_878' title='bbox 2469 5624 2674 5697; x_wconf 82' lang='grc' dir='ltr'>ῷχητο,</span> <span class='ocrx_word' id='word_1_879' title='bbox 2707 5627 2735 5678; x_wconf 87' lang='grc' dir='ltr'><strong>ὁ</strong></span> <span class='ocrx_word' id='word_1_880' title='bbox 2779 5626 2880 5698; x_wconf 80' lang='grc' dir='ltr'><strong>μὲν</strong></span> <span class='ocrx_word' id='word_1_881' title='bbox 2905 5627 3068 5691; x_wconf 80' lang='grc' dir='ltr'>εὐθὺς</span> <span class='ocrx_word' id='word_1_882' title='bbox 3127 5626 3458 5699; x_wconf 76' lang='grc' dir='ltr'>μετεεοήοη,</span> <span class='ocrx_word' id='word_1_883' title='bbox 3523 5625 3621 5680; x_wconf 77' lang='grc' dir='ltr'><strong>καὶ</strong></span> <span class='ocrx_word' id='word_1_884' title='bbox 3670 5616 3769 5696; x_wconf 77' lang='grc' dir='ltr'>τὴν</span> 
     </span>
    </p>
   </div>
   <div class='ocr_carea' id='block_1_116' title="bbox 2187 5713 3767 5790">
    <p class='ocr_par' dir='ltr' id='par_1_116' title="bbox 2187 5713 3767 5790">
     <span class='ocr_line' id='line_1_116' title="bbox 2187 5713 3767 5790; baseline 0.001 -22"><span class='ocrx_word' id='word_1_885' title='bbox 2187 5715 2418 5770; x_wconf 81' lang='grc' dir='ltr'>Φυλλίδα</span> <span class='ocrx_word' id='word_1_886' title='bbox 2451 5716 2613 5770; x_wconf 74' lang='grc' dir='ltr'>πάλιν</span> <span class='ocrx_word' id='word_1_887' title='bbox 2637 5717 2737 5770; x_wconf 82' lang='grc' dir='ltr'>οὐκ</span> <span class='ocrx_word' id='word_1_888' title='bbox 2767 5713 2935 5771; x_wconf 79' lang='grc' dir='ltr'>εἶδεν·</span> <span class='ocrx_word' id='word_1_889' title='bbox 2965 5720 2998 5790; x_wconf 82' lang='grc' dir='ltr'>ἡ</span> <span class='ocrx_word' id='word_1_890' title='bbox 3036 5718 3094 5771; x_wconf 85' lang='grc' dir='ltr'><strong>δὲ</strong></span> <span class='ocrx_word' id='word_1_891' title='bbox 3125 5719 3261 5788; x_wconf 64' lang='grc' dir='ltr'>πρὸς</span> <span class='ocrx_word' id='word_1_892' title='bbox 3318 5718 3596 5773; x_wconf 80' lang='grc' dir='ltr'>θάλατταν</span> <span class='ocrx_word' id='word_1_893' title='bbox 3647 5717 3767 5770; x_wconf 72' lang='grc' dir='ltr'>ἐδά-</span> 
     </span>
    </p>
   </div>
   <div class='ocr_carea' id='block_1_117' title="bbox 2187 5809 3769 5884">
    <p class='ocr_par' dir='ltr' id='par_1_117' title="bbox 2187 5809 3769 5884">
     <span class='ocr_line' id='line_1_117' title="bbox 2187 5809 3769 5884; baseline -0.001 -21"><span class='ocrx_word' id='word_1_894' title='bbox 2187 5826 2342 5880; x_wconf 83' lang='grc' dir='ltr'>κρυε,</span> <span class='ocrx_word' id='word_1_895' title='bbox 2381 5811 2476 5864; x_wconf 73' lang='grc' dir='ltr'>καὶ</span> <span class='ocrx_word' id='word_1_896' title='bbox 2517 5809 2616 5874; x_wconf 75' lang='grc' dir='ltr'>τὰς</span> <span class='ocrx_word' id='word_1_897' title='bbox 2661 5811 2892 5874; x_wconf 79' lang='grc' dir='ltr'>ὁλκάδας</span> <span class='ocrx_word' id='word_1_898' title='bbox 2933 5811 3158 5883; x_wconf 82' lang='grc' dir='ltr'>ἠρίθμει</span> <span class='ocrx_word' id='word_1_899' title='bbox 3186 5813 3262 5884; x_wconf 83' lang='grc' dir='ltr'>μή</span> <span class='ocrx_word' id='word_1_900' title='bbox 3294 5814 3428 5866; x_wconf 78' lang='grc' dir='ltr'>ποτε</span> <span class='ocrx_word' id='word_1_901' title='bbox 3477 5830 3561 5875; x_wconf 89' lang='grc' dir='ltr'><strong>τις</strong></span> <span class='ocrx_word' id='word_1_902' title='bbox 3590 5809 3769 5866; x_wconf 80' lang='grc' dir='ltr'>αὐτῶν</span> 
     </span>
    </p>
   </div>
   <div class='ocr_carea' id='block_1_118' title="bbox 2187 5902 3765 5978">
    <p class='ocr_par' dir='ltr' id='par_1_118' title="bbox 2187 5902 3765 5978">
     <span class='ocr_line' id='line_1_118' title="bbox 2187 5902 3765 5978; baseline 0.008 -21"><span class='ocrx_word' id='word_1_903' title='bbox 2187 5902 2277 5957; x_wconf 76' lang='grc' dir='ltr'><strong>τὸν</strong></span> <span class='ocrx_word' id='word_1_904' title='bbox 2315 5902 2657 5977; x_wconf 78' lang='grc' dir='ltr'>Δημοφῶντα</span> <span class='ocrx_word' id='word_1_905' title='bbox 2689 5904 2986 5976; x_wconf 80' lang='grc' dir='ltr'>κομίζοιτο.</span> <span class='ocrx_word' id='word_1_906' title='bbox 3017 5904 3184 5978; x_wconf 74' lang='grc' dir='ltr'>Ἀλλὰ</span> <span class='ocrx_word' id='word_1_907' title='bbox 3219 5905 3328 5978; x_wconf 75' lang='grc' dir='ltr'>γὰρ</span> <span class='ocrx_word' id='word_1_908' title='bbox 3351 5905 3411 5962; x_wconf 75' lang='grc' dir='ltr'>τὸ</span> <span class='ocrx_word' id='word_1_909' title='bbox 3446 5905 3566 5961; x_wconf 84' lang='grc' dir='ltr'>καθ’</span> <span class='ocrx_word' id='word_1_910' title='bbox 3597 5906 3765 5978; x_wconf 67' lang='grc' dir='ltr'><strong>ἡμᾶς.</strong></span> 
     </span>
    </p>
   </div>
  </div>
