  <div class='ocr_page' id='page_1' title='image "/cluster/home/n/w/nwhite01/storage/ocr_20150623/87:2/hvd.32044019208008/610.png"; bbox 0 0 4046 6386; ppageno 0'>
   <div class='ocr_carea' id='block_1_1' title="bbox 275 381 410 448">
    <p class='ocr_par' dir='ltr' id='par_1_1' title="bbox 275 381 410 448">
     <span class='ocr_line' id='line_1_1' title="bbox 275 381 410 448; baseline -0.007 -1"><span class='ocrx_word' id='word_1_1' title='bbox 275 381 410 448; x_wconf 76' lang='grc'><strong>2741</strong></span> 
     </span>
    </p>
   </div>
   <div class='ocr_carea' id='block_1_2' title="bbox 1712 389 2118 455">
    <p class='ocr_par' dir='ltr' id='par_1_2' title="bbox 1712 389 2118 455">
     <span class='ocr_line' id='line_1_2' title="bbox 1712 389 2118 455; baseline 0.01 -4"><span class='ocrx_word' id='word_1_2' title='bbox 1712 389 2118 455; x_wconf 69' lang='grc' dir='ltr'><strong>ΕΡΙΞΤΟΕᾸΞ.</strong></span> 
     </span>
    </p>
   </div>
   <div class='ocr_carea' id='block_1_3' title="bbox 3402 353 3594 458">
    <p class='ocr_par' dir='ltr' id='par_1_3' title="bbox 3402 353 3594 458">
     <span class='ocr_line' id='line_1_3' title="bbox 3402 353 3594 458; baseline -0.005 0"><span class='ocrx_word' id='word_1_3' title='bbox 3402 353 3545 458; x_wconf 69' lang='lat'><strong>2742</strong></span> <span class='ocrx_word' id='word_1_4' title='bbox 3591 403 3594 408; x_wconf 55' lang='grc' dir='ltr'><strong>λ</strong></span> 
     </span>
    </p>
   </div>
   <div class='ocr_carea' id='block_1_4' title="bbox 277 488 1883 576">
    <p class='ocr_par' dir='ltr' id='par_1_4' title="bbox 277 488 1864 573">
     <span class='ocr_line' id='line_1_4' title="bbox 277 488 1864 573; baseline 0.006 -26"><span class='ocrx_word' id='word_1_5' title='bbox 277 488 454 565; x_wconf 72' lang='grc' dir='ltr'>οἴμαι,</span> <span class='ocrx_word' id='word_1_6' title='bbox 489 493 792 566; x_wconf 82' lang='grc' dir='ltr'>δεινότερόν</span> <span class='ocrx_word' id='word_1_7' title='bbox 855 495 1006 550; x_wconf 88' lang='grc' dir='ltr'>ἐστιν</span> <span class='ocrx_word' id='word_1_8' title='bbox 1029 511 1042 526; x_wconf 84' lang='lat'>&#39;</span> <span class='ocrx_word' id='word_1_9' title='bbox 1087 497 1117 551; x_wconf 83' lang='grc' dir='ltr'><strong>ὁ</strong></span> <span class='ocrx_word' id='word_1_10' title='bbox 1136 499 1239 569; x_wconf 82' lang='grc' dir='ltr'>μὲν</span> <span class='ocrx_word' id='word_1_11' title='bbox 1288 496 1398 572; x_wconf 80' lang='grc' dir='ltr'>γὰρ</span> <span class='ocrx_word' id='word_1_12' title='bbox 1447 499 1548 555; x_wconf 84' lang='grc' dir='ltr'><strong>οὐκ</strong></span> <span class='ocrx_word' id='word_1_13' title='bbox 1574 499 1764 573; x_wconf 68' lang='grc' dir='ltr'>ἤθελεν</span> <span class='ocrx_word' id='word_1_14' title='bbox 1784 501 1864 556; x_wconf 79' lang='grc' dir='ltr'><strong>ἐτι</strong></span> 
     </span>
    </p>
   </div>
   <div class='ocr_carea' id='block_1_5' title="bbox 1987 488 3542 576">
    <p class='ocr_par' dir='ltr' id='par_1_5' title="bbox 1987 503 3542 576">
     <span class='ocr_line' id='line_1_5' title="bbox 1987 503 3542 576; baseline 0.005 -20"><span class='ocrx_word' id='word_1_15' title='bbox 1987 505 2124 560; x_wconf 69' lang='grc' dir='ltr'>’ςιιιιιι</span> <span class='ocrx_word' id='word_1_16' title='bbox 2156 519 2221 560; x_wconf 91' lang='lat' dir='ltr'><strong>ne</strong></span> <span class='ocrx_word' id='word_1_17' title='bbox 2254 519 2359 576; x_wconf 89' lang='lat' dir='ltr'><strong>qua</strong></span> <span class='ocrx_word' id='word_1_18' title='bbox 2394 520 2458 562; x_wconf 82' lang='lat' dir='ltr'><strong>ex</strong></span> <span class='ocrx_word' id='word_1_19' title='bbox 2491 506 2622 576; x_wconf 80' lang='lat' dir='ltr'><strong>ipsis</strong></span> <span class='ocrx_word' id='word_1_20' title='bbox 2657 503 3087 576; x_wconf 77' lang='lat' dir='ltr'><strong>Demophontem</strong></span> <span class='ocrx_word' id='word_1_21' title='bbox 3118 504 3498 564; x_wconf 89' lang='lat' dir='ltr'><strong>transveheret</strong></span> <span class='ocrx_word' id='word_1_22' title='bbox 3527 516 3542 556; x_wconf 72' lang='grc' dir='ltr'><strong>ἐ</strong></span> 
     </span>
    </p>
   </div>
   <div class='ocr_carea' id='block_1_6' title="bbox 280 585 1696 660">
    <p class='ocr_par' dir='ltr' id='par_1_6' title="bbox 280 585 1696 660">
     <span class='ocr_line' id='line_1_6' title="bbox 280 585 1696 660; baseline 0.007 -22"><span class='ocrx_word' id='word_1_23' title='bbox 280 586 558 656; x_wconf 80' lang='grc' dir='ltr'>παρεῖναι,</span> <span class='ocrx_word' id='word_1_24' title='bbox 595 585 659 639; x_wconf 83' lang='grc' dir='ltr'><strong>σὺ</strong></span> <span class='ocrx_word' id='word_1_25' title='bbox 681 585 740 639; x_wconf 85' lang='grc' dir='ltr'>δὲ</span> <span class='ocrx_word' id='word_1_26' title='bbox 768 586 830 640; x_wconf 85' lang='grc' dir='ltr'><strong>ού</strong></span> <span class='ocrx_word' id='word_1_27' title='bbox 861 588 1080 660; x_wconf 80' lang='grc' dir='ltr'>μακράν</span> <span class='ocrx_word' id='word_1_28' title='bbox 1101 588 1260 646; x_wconf 85' lang='grc' dir='ltr'>ἀπὼν</span> <span class='ocrx_word' id='word_1_29' title='bbox 1291 591 1648 648; x_wconf 86' lang='grc' dir='ltr'>ἐπιστέλλειν.</span> <span class='ocrx_word' id='word_1_30' title='bbox 1691 601 1696 603; x_wconf 82' lang='grc'><em>’</em></span> 
     </span>
    </p>
   </div>
   <div class='ocr_carea' id='block_1_7' title="bbox 756 855 1390 936">
    <p class='ocr_par' dir='ltr' id='par_1_7' title="bbox 756 855 1390 936">
     <span class='ocr_line' id='line_1_7' title="bbox 756 855 1390 936; baseline 0.005 -25"><span class='ocrx_word' id='word_1_31' title='bbox 756 855 886 913; x_wconf 83' lang='lat' dir='ltr'><strong>KZ&#39;.</strong></span> <span class='ocrx_word' id='word_1_32' title='bbox 923 858 1390 936; x_wconf 64' lang='lat' dir='ltr'><strong>KnNsTANTto.</strong></span> 
     </span>
    </p>
   </div>
   <div class='ocr_carea' id='block_1_8' title="bbox 351 953 1860 1031">
    <p class='ocr_par' dir='ltr' id='par_1_8' title="bbox 351 953 1860 1031">
     <span class='ocr_line' id='line_1_8' title="bbox 351 953 1860 1031; baseline 0.003 -25"><span class='ocrx_word' id='word_1_33' title='bbox 351 953 477 1006; x_wconf 83' lang='grc' dir='ltr'>Ἔτι</span> <span class='ocrx_word' id='word_1_34' title='bbox 508 953 661 1025; x_wconf 72' lang='grc' dir='ltr'>παρὰ</span> <span class='ocrx_word' id='word_1_35' title='bbox 705 955 800 1008; x_wconf 82' lang='grc' dir='ltr'><strong>τδν</strong></span> <span class='ocrx_word' id='word_1_36' title='bbox 831 953 1027 1009; x_wconf 89' lang='grc' dir='ltr'>Νεῖλον</span> <span class='ocrx_word' id='word_1_37' title='bbox 1049 957 1216 1010; x_wconf 78' lang='grc' dir='ltr'>οἰκῶν</span> <span class='ocrx_word' id='word_1_38' title='bbox 1263 956 1364 1029; x_wconf 83' lang='grc' dir='ltr'><strong>τὴν</strong></span> <span class='ocrx_word' id='word_1_39' title='bbox 1422 956 1595 1031; x_wconf 80' lang='grc' dir='ltr'>καλὴν</span> <span class='ocrx_word' id='word_1_40' title='bbox 1640 957 1860 1029; x_wconf 83' lang='grc' dir='ltr'>ἐκείνην</span> 
     </span>
    </p>
   </div>
   <div class='ocr_carea' id='block_1_9' title="bbox 279 1045 1861 1122">
    <p class='ocr_par' dir='ltr' id='par_1_9' title="bbox 279 1045 1861 1122">
     <span class='ocr_line' id='line_1_9' title="bbox 279 1045 1861 1122; baseline 0.003 -25"><span class='ocrx_word' id='word_1_41' title='bbox 279 1046 569 1113; x_wconf 85' lang='grc' dir='ltr'>ἐπιστολὴν</span> <span class='ocrx_word' id='word_1_42' title='bbox 601 1046 870 1120; x_wconf 78' lang='grc' dir='ltr'>ἐδεξάμην</span> <span class='ocrx_word' id='word_1_43' title='bbox 889 1065 904 1080; x_wconf 75' lang='grc' dir='ltr'><strong>ο</strong></span> <span class='ocrx_word' id='word_1_44' title='bbox 965 1045 1078 1103; x_wconf 74' lang='grc' dir='ltr'>οἷον</span> <span class='ocrx_word' id='word_1_45' title='bbox 1109 1049 1167 1102; x_wconf 85' lang='grc' dir='ltr'><strong>δέ</strong></span> <span class='ocrx_word' id='word_1_46' title='bbox 1198 1051 1329 1122; x_wconf 72' lang='grc' dir='ltr'>περὶ</span> <span class='ocrx_word' id='word_1_47' title='bbox 1373 1049 1581 1120; x_wconf 79' lang='grc' dir='ltr'><strong>ταύτης</strong></span> <span class='ocrx_word' id='word_1_48' title='bbox 1635 1049 1861 1120; x_wconf 76' lang='grc' dir='ltr'>συνέϐη,</span> 
     </span>
    </p>
   </div>
   <div class='ocr_carea' id='block_1_10' title="bbox 282 1139 1870 1215">
    <p class='ocr_par' dir='ltr' id='par_1_10' title="bbox 282 1139 1870 1215">
     <span class='ocr_line' id='line_1_10' title="bbox 282 1139 1870 1215; baseline 0.004 -24"><span class='ocrx_word' id='word_1_49' title='bbox 282 1139 343 1191; x_wconf 87' lang='grc' dir='ltr'><strong>ού</strong></span> <span class='ocrx_word' id='word_1_50' title='bbox 373 1139 556 1205; x_wconf 86' lang='grc' dir='ltr'>καλῶς</span> <span class='ocrx_word' id='word_1_51' title='bbox 583 1139 650 1194; x_wconf 82' lang='grc' dir='ltr'>ἂν</span> <span class='ocrx_word' id='word_1_52' title='bbox 691 1140 805 1210; x_wconf 74' lang='grc' dir='ltr'>ἔχοι</span> <span class='ocrx_word' id='word_1_53' title='bbox 837 1144 965 1214; x_wconf 79' lang='grc' dir='ltr'>σιγῇ</span> <span class='ocrx_word' id='word_1_54' title='bbox 1001 1143 1317 1214; x_wconf 83' lang='grc' dir='ltr'><strong>παρελθεῖν.</strong></span> <span class='ocrx_word' id='word_1_55' title='bbox 1353 1142 1441 1206; x_wconf 84' lang='grc' dir='ltr'>Ὦς</span> <span class='ocrx_word' id='word_1_56' title='bbox 1473 1145 1582 1215; x_wconf 80' lang='grc' dir='ltr'>γὰρ</span> <span class='ocrx_word' id='word_1_57' title='bbox 1626 1143 1870 1198; x_wconf 83' lang='grc' dir='ltr'>ἐπέδωκέ</span> 
     </span>
    </p>
   </div>
   <div class='ocr_carea' id='block_1_11' title="bbox 285 1233 1867 1308">
    <p class='ocr_par' dir='ltr' id='par_1_11' title="bbox 285 1233 1867 1308">
     <span class='ocr_line' id='line_1_11' title="bbox 285 1233 1867 1308; baseline 0.003 -21"><span class='ocrx_word' id='word_1_58' title='bbox 285 1250 380 1302; x_wconf 82' lang='grc' dir='ltr'><strong>μοι</strong></span> <span class='ocrx_word' id='word_1_59' title='bbox 434 1233 641 1306; x_wconf 85' lang='grc' dir='ltr'>ταύτην</span> <span class='ocrx_word' id='word_1_60' title='bbox 669 1235 699 1288; x_wconf 86' lang='grc' dir='ltr'><strong>ό</strong></span> <span class='ocrx_word' id='word_1_61' title='bbox 730 1234 934 1308; x_wconf 85' lang='grc' dir='ltr'>φέρων,</span> <span class='ocrx_word' id='word_1_62' title='bbox 981 1238 1074 1290; x_wconf 69' lang='grc' dir='ltr'><strong>καὶ</strong></span> <span class='ocrx_word' id='word_1_63' title='bbox 1109 1236 1422 1308; x_wconf 78' lang='grc' dir='ltr'><strong>προσετίθει</strong></span> <span class='ocrx_word' id='word_1_64' title='bbox 1456 1238 1512 1291; x_wconf 85' lang='grc' dir='ltr'><strong>δὲ</strong></span> <span class='ocrx_word' id='word_1_65' title='bbox 1535 1238 1630 1291; x_wconf 74' lang='grc' dir='ltr'>καὶ</span> <span class='ocrx_word' id='word_1_66' title='bbox 1682 1239 1867 1303; x_wconf 82' lang='grc' dir='ltr'>πόθεν,</span> 
     </span>
    </p>
   </div>
   <div class='ocr_carea' id='block_1_12' title="bbox 284 1327 1861 1402">
    <p class='ocr_par' dir='ltr' id='par_1_12' title="bbox 284 1327 1861 1402">
     <span class='ocr_line' id='line_1_12' title="bbox 284 1327 1861 1402; baseline 0.011 -24"><span class='ocrx_word' id='word_1_67' title='bbox 284 1327 480 1397; x_wconf 85' lang='grc' dir='ltr'>πάσχω</span> <span class='ocrx_word' id='word_1_68' title='bbox 504 1345 554 1381; x_wconf 90' lang='grc' dir='ltr'><strong>τι</strong></span> <span class='ocrx_word' id='word_1_69' title='bbox 583 1328 752 1392; x_wconf 86' lang='grc' dir='ltr'>πάθος</span> <span class='ocrx_word' id='word_1_70' title='bbox 781 1328 1052 1401; x_wconf 81' lang='grc' dir='ltr'>ἐρώντων.</span> <span class='ocrx_word' id='word_1_71' title='bbox 1101 1331 1283 1402; x_wconf 85' lang='grc' dir='ltr'>Βραχὺ</span> <span class='ocrx_word' id='word_1_72' title='bbox 1311 1331 1420 1402; x_wconf 85' lang='grc' dir='ltr'>γὰρ</span> <span class='ocrx_word' id='word_1_73' title='bbox 1446 1331 1861 1402; x_wconf 72' lang='grc' dir='ltr'>ἀποπλανηθεὶς</span> 
     </span>
    </p>
   </div>
   <div class='ocr_carea' id='block_1_13' title="bbox 283 1419 1864 1494">
    <p class='ocr_par' dir='ltr' id='par_1_13' title="bbox 283 1419 1864 1494">
     <span class='ocr_line' id='line_1_13' title="bbox 283 1419 1864 1494; baseline 0.004 -23"><span class='ocrx_word' id='word_1_74' title='bbox 283 1419 378 1471; x_wconf 82' lang='grc' dir='ltr'><strong>τοῦ</strong></span> <span class='ocrx_word' id='word_1_75' title='bbox 411 1421 640 1484; x_wconf 77' lang='grc' dir='ltr'>εἰκότος,</span> <span class='ocrx_word' id='word_1_76' title='bbox 659 1421 760 1491; x_wconf 79' lang='grc' dir='ltr'>’ήδη</span> <span class='ocrx_word' id='word_1_77' title='bbox 779 1438 838 1474; x_wconf 88' lang='grc' dir='ltr'><strong>σε</strong></span> <span class='ocrx_word' id='word_1_78' title='bbox 866 1422 960 1475; x_wconf 79' lang='grc' dir='ltr'>καὶ</span> <span class='ocrx_word' id='word_1_79' title='bbox 977 1422 1234 1494; x_wconf 83' lang='grc' dir='ltr'>παρεῖναί</span> <span class='ocrx_word' id='word_1_80' title='bbox 1261 1440 1351 1494; x_wconf 88' lang='grc' dir='ltr'><strong>μοι</strong></span> <span class='ocrx_word' id='word_1_81' title='bbox 1378 1423 1594 1486; x_wconf 83' lang='grc' dir='ltr'>πάντως</span> <span class='ocrx_word' id='word_1_82' title='bbox 1621 1424 1864 1478; x_wconf 77' lang='grc' dir='ltr'><strong>ἐδόκουν·</strong></span> 
     </span>
    </p>
   </div>
   <div class='ocr_carea' id='block_1_14' title="bbox 285 1506 1872 1587">
    <p class='ocr_par' dir='ltr' id='par_1_14' title="bbox 285 1506 1872 1587">
     <span class='ocr_line' id='line_1_14' title="bbox 285 1506 1872 1587; baseline 0.004 -23"><span class='ocrx_word' id='word_1_83' title='bbox 285 1512 379 1564; x_wconf 73' lang='grc' dir='ltr'>καὶ</span> <span class='ocrx_word' id='word_1_84' title='bbox 403 1512 606 1578; x_wconf 83' lang='grc' dir='ltr'>τοίνυν,</span> <span class='ocrx_word' id='word_1_85' title='bbox 633 1506 678 1567; x_wconf 81' lang='grc' dir='ltr'>ὧ</span> <span class='ocrx_word' id='word_1_86' title='bbox 708 1513 932 1582; x_wconf 80' lang='grc' dir='ltr'>φίλτατε</span> <span class='ocrx_word' id='word_1_87' title='bbox 955 1515 1194 1586; x_wconf 83' lang='grc' dir='ltr'>βροτῶν,</span> <span class='ocrx_word' id='word_1_88' title='bbox 1247 1515 1385 1587; x_wconf 76' lang='grc' dir='ltr'>ἔφην</span> <span class='ocrx_word' id='word_1_89' title='bbox 1415 1514 1489 1580; x_wconf 80' lang='grc' dir='ltr'>ὡς</span> <span class='ocrx_word' id='word_1_90' title='bbox 1527 1515 1683 1569; x_wconf 81' lang='grc' dir='ltr'>ἀπὼν</span> <span class='ocrx_word' id='word_1_91' title='bbox 1730 1516 1872 1583; x_wconf 79' lang='grc' dir='ltr'>ἄγαν</span> 
     </span>
    </p>
   </div>
   <div class='ocr_carea' id='block_1_15' title="bbox 286 1605 1872 1678">
    <p class='ocr_par' dir='ltr' id='par_1_15' title="bbox 286 1605 1872 1678">
     <span class='ocr_line' id='line_1_15' title="bbox 286 1605 1872 1678; baseline 0.004 -22"><span class='ocrx_word' id='word_1_92' title='bbox 286 1605 507 1669; x_wconf 84' lang='grc' dir='ltr'>ὲλύπεις</span> <span class='ocrx_word' id='word_1_93' title='bbox 529 1623 546 1641; x_wconf 79' lang='grc' dir='ltr'><strong>ο</strong></span> <span class='ocrx_word' id='word_1_94' title='bbox 582 1609 676 1662; x_wconf 71' lang='grc' dir='ltr'>καὶ</span> <span class='ocrx_word' id='word_1_95' title='bbox 704 1608 800 1660; x_wconf 84' lang='grc' dir='ltr'><strong>νῦν</strong></span> <span class='ocrx_word' id='word_1_96' title='bbox 824 1608 1080 1662; x_wconf 76' lang='grc' dir='ltr'><strong>ποθοῦσιν</strong></span> <span class='ocrx_word' id='word_1_97' title='bbox 1115 1609 1326 1678; x_wconf 83' lang='grc' dir='ltr'>ἀφῖξαι.</span> <span class='ocrx_word' id='word_1_98' title='bbox 1375 1610 1547 1673; x_wconf 82' lang='grc' dir='ltr'>Ὠςτά</span> <span class='ocrx_word' id='word_1_99' title='bbox 1565 1609 1620 1663; x_wconf 81' lang='grc' dir='ltr'>δὲ</span> <span class='ocrx_word' id='word_1_100' title='bbox 1647 1609 1872 1664; x_wconf 80' lang='grc' dir='ltr'>τοιαῦτα</span> 
     </span>
    </p>
   </div>
   <div class='ocr_carea' id='block_1_16' title="bbox 289 1695 1872 1776">
    <p class='ocr_par' dir='ltr' id='par_1_16' title="bbox 289 1695 1872 1776">
     <span class='ocr_line' id='line_1_16' title="bbox 289 1695 1872 1776; baseline 0.003 -25"><span class='ocrx_word' id='word_1_101' title='bbox 289 1699 551 1764; x_wconf 81' lang='grc' dir='ltr'>πολλάκις</span> <span class='ocrx_word' id='word_1_102' title='bbox 607 1695 782 1767; x_wconf 80' lang='grc' dir='ltr'>εἶπον,</span> <span class='ocrx_word' id='word_1_103' title='bbox 850 1706 962 1767; x_wconf 88' lang='grc' dir='ltr'>τοῖς</span> <span class='ocrx_word' id='word_1_104' title='bbox 1017 1702 1288 1774; x_wconf 81' lang='grc' dir='ltr'>παροῦσιν</span> <span class='ocrx_word' id='word_1_105' title='bbox 1335 1703 1571 1774; x_wconf 70' lang='grc' dir='ltr'>ὑποψίαν</span> <span class='ocrx_word' id='word_1_106' title='bbox 1615 1704 1872 1776; x_wconf 80' lang='grc' dir='ltr'>παρέχων</span> 
     </span>
    </p>
   </div>
   <div class='ocr_carea' id='block_1_17' title="bbox 285 1790 1870 1868">
    <p class='ocr_par' dir='ltr' id='par_1_17' title="bbox 285 1790 1870 1868">
     <span class='ocr_line' id='line_1_17' title="bbox 285 1790 1870 1868; baseline 0.006 -26"><span class='ocrx_word' id='word_1_107' title='bbox 285 1790 378 1844; x_wconf 82' lang='grc' dir='ltr'><strong>τοῦ</strong></span> <span class='ocrx_word' id='word_1_108' title='bbox 405 1794 731 1864; x_wconf 86' lang='grc' dir='ltr'>πράγματος</span> <span class='ocrx_word' id='word_1_109' title='bbox 755 1811 773 1828; x_wconf 77' lang='grc' dir='ltr'><strong>ο</strong></span> <span class='ocrx_word' id='word_1_110' title='bbox 810 1798 918 1851; x_wconf 73' lang='grc' dir='ltr'><strong>Καὶ</strong></span> <span class='ocrx_word' id='word_1_111' title='bbox 938 1796 1002 1868; x_wconf 72' lang='grc' dir='ltr'>δὴ</span> <span class='ocrx_word' id='word_1_112' title='bbox 1032 1797 1082 1850; x_wconf 84' lang='grc' dir='ltr'>τι</span> <span class='ocrx_word' id='word_1_113' title='bbox 1103 1798 1354 1867; x_wconf 82' lang='grc' dir='ltr'><strong>πάσχεις,</strong></span> <span class='ocrx_word' id='word_1_114' title='bbox 1384 1795 1630 1866; x_wconf 82' lang='grc' dir='ltr'>ἕφησαν;</span> <span class='ocrx_word' id='word_1_115' title='bbox 1667 1795 1726 1848; x_wconf 82' lang='grc' dir='ltr'>οὑ</span> <span class='ocrx_word' id='word_1_116' title='bbox 1762 1795 1870 1868; x_wconf 82' lang='grc' dir='ltr'><strong>γὰρ</strong></span> 
     </span>
    </p>
   </div>
   <div class='ocr_carea' id='block_1_18' title="bbox 285 1884 1871 1960">
    <p class='ocr_par' dir='ltr' id='par_1_18' title="bbox 285 1884 1871 1960">
     <span class='ocr_line' id='line_1_18' title="bbox 285 1884 1871 1960; baseline 0.004 -24"><span class='ocrx_word' id='word_1_117' title='bbox 285 1884 347 1954; x_wconf 85' lang='grc' dir='ltr'><strong>δή</strong></span> <span class='ocrx_word' id='word_1_118' title='bbox 369 1901 453 1938; x_wconf 88' lang='grc' dir='ltr'><strong>σοι</strong></span> <span class='ocrx_word' id='word_1_119' title='bbox 494 1887 588 1940; x_wconf 82' lang='grc' dir='ltr'>καὶ</span> <span class='ocrx_word' id='word_1_120' title='bbox 631 1886 822 1958; x_wconf 84' lang='grc' dir='ltr'>παρὼν</span> <span class='ocrx_word' id='word_1_121' title='bbox 849 1889 1055 1953; x_wconf 80' lang='grc' dir='ltr'>ἐκεῖνος</span> <span class='ocrx_word' id='word_1_122' title='bbox 1116 1889 1413 1958; x_wconf 87' lang='grc' dir='ltr'>τυγχάνει·</span> <span class='ocrx_word' id='word_1_123' title='bbox 1443 1889 1524 1952; x_wconf 81' lang='grc' dir='ltr'><strong>είς</strong></span> <span class='ocrx_word' id='word_1_124' title='bbox 1562 1887 1618 1941; x_wconf 78' lang='grc' dir='ltr'>δὲ</span> <span class='ocrx_word' id='word_1_125' title='bbox 1650 1887 1871 1960; x_wconf 82' lang='grc' dir='ltr'><strong>μνήμην</strong></span> 
     </span>
    </p>
   </div>
   <div class='ocr_carea' id='block_1_19' title="bbox 284 1975 1867 2052">
    <p class='ocr_par' dir='ltr' id='par_1_19' title="bbox 284 1975 1867 2052">
     <span class='ocr_line' id='line_1_19' title="bbox 284 1975 1867 2052; baseline 0.003 -23"><span class='ocrx_word' id='word_1_126' title='bbox 284 1977 457 2031; x_wconf 81' lang='grc' dir='ltr'>ἐλθὼν</span> <span class='ocrx_word' id='word_1_127' title='bbox 508 1979 747 2049; x_wconf 81' lang='grc' dir='ltr'>ἐμαυτοῦ</span> <span class='ocrx_word' id='word_1_128' title='bbox 785 1980 1035 2052; x_wconf 80' lang='grc' dir='ltr'>ἠνιάθην,</span> <span class='ocrx_word' id='word_1_129' title='bbox 1097 1975 1185 2034; x_wconf 73' lang='grc' dir='ltr'>οἷα</span> <span class='ocrx_word' id='word_1_130' title='bbox 1222 1981 1284 2051; x_wconf 86' lang='grc' dir='ltr'><strong>δή</strong></span> <span class='ocrx_word' id='word_1_131' title='bbox 1323 1999 1407 2044; x_wconf 86' lang='grc' dir='ltr'><strong>τις</strong></span> <span class='ocrx_word' id='word_1_132' title='bbox 1450 1979 1707 2033; x_wconf 83' lang='grc' dir='ltr'>ἐκπεσὼν</span> <span class='ocrx_word' id='word_1_133' title='bbox 1764 1979 1867 2047; x_wconf 87' lang='grc' dir='ltr'>τῆς</span> 
     </span>
    </p>
   </div>
   <div class='ocr_carea' id='block_1_20' title="bbox 283 2071 1874 2145">
    <p class='ocr_par' dir='ltr' id='par_1_20' title="bbox 283 2071 1874 2145">
     <span class='ocr_line' id='line_1_20' title="bbox 283 2071 1874 2145; baseline 0.002 -22"><span class='ocrx_word' id='word_1_134' title='bbox 283 2071 545 2140; x_wconf 76' lang='grc' dir='ltr'>τοιαύτης</span> <span class='ocrx_word' id='word_1_135' title='bbox 573 2071 806 2139; x_wconf 76' lang='grc' dir='ltr'>ἐλπίδος,</span> <span class='ocrx_word' id='word_1_136' title='bbox 842 2074 938 2127; x_wconf 74' lang='grc' dir='ltr'><strong>καὶ</strong></span> <span class='ocrx_word' id='word_1_137' title='bbox 969 2072 1144 2145; x_wconf 79' lang='grc' dir='ltr'>βραχὺ</span> <span class='ocrx_word' id='word_1_138' title='bbox 1175 2073 1455 2143; x_wconf 82' lang='grc' dir='ltr'>δακρύσας</span> <span class='ocrx_word' id='word_1_139' title='bbox 1485 2071 1660 2141; x_wconf 74' lang='grc' dir='ltr'>ἔγνων</span> <span class='ocrx_word' id='word_1_140' title='bbox 1689 2073 1874 2126; x_wconf 82' lang='grc' dir='ltr'>ὁποῖον</span> 
     </span>
    </p>
   </div>
   <div class='ocr_carea' id='block_1_21' title="bbox 284 2160 1875 2237">
    <p class='ocr_par' dir='ltr' id='par_1_21' title="bbox 284 2160 1875 2237">
     <span class='ocr_line' id='line_1_21' title="bbox 284 2160 1875 2237; baseline -0.002 -21"><span class='ocrx_word' id='word_1_141' title='bbox 284 2165 425 2234; x_wconf 76' lang='grc' dir='ltr'>ἔρως</span> <span class='ocrx_word' id='word_1_142' title='bbox 463 2163 657 2234; x_wconf 83' lang='grc' dir='ltr'>ἰσχύει,</span> <span class='ocrx_word' id='word_1_143' title='bbox 696 2166 790 2218; x_wconf 73' lang='grc' dir='ltr'>καὶ</span> <span class='ocrx_word' id='word_1_144' title='bbox 817 2166 900 2218; x_wconf 85' lang='grc' dir='ltr'>ὅτι</span> <span class='ocrx_word' id='word_1_145' title='bbox 926 2165 1102 2237; x_wconf 85' lang='grc' dir='ltr'>πλάνη</span> <span class='ocrx_word' id='word_1_146' title='bbox 1158 2183 1241 2227; x_wconf 88' lang='grc' dir='ltr'><strong>τις</strong></span> <span class='ocrx_word' id='word_1_147' title='bbox 1271 2160 1341 2236; x_wconf 79' lang='grc' dir='ltr'><strong>ἦν</strong></span> <span class='ocrx_word' id='word_1_148' title='bbox 1401 2161 1875 2236; x_wconf 75' lang='grc' dir='ltr'>παραμυθουμένη</span> 
     </span>
    </p>
   </div>
   <div class='ocr_carea' id='block_1_22' title="bbox 283 2253 1880 2328">
    <p class='ocr_par' dir='ltr' id='par_1_22' title="bbox 283 2253 1880 2328">
     <span class='ocr_line' id='line_1_22' title="bbox 283 2253 1880 2328; baseline 0 -22"><span class='ocrx_word' id='word_1_149' title='bbox 283 2255 376 2306; x_wconf 81' lang='grc' dir='ltr'><strong>τὸν</strong></span> <span class='ocrx_word' id='word_1_150' title='bbox 431 2253 694 2325; x_wconf 87' lang='grc' dir='ltr'>λογισμόν</span> <span class='ocrx_word' id='word_1_151' title='bbox 717 2273 732 2286; x_wconf 74' lang='grc' dir='ltr'><strong>ο</strong></span> <span class='ocrx_word' id='word_1_152' title='bbox 766 2256 842 2319; x_wconf 85' lang='grc' dir='ltr'>ὡς</span> <span class='ocrx_word' id='word_1_153' title='bbox 872 2257 927 2310; x_wconf 80' lang='grc' dir='ltr'>δὲ</span> <span class='ocrx_word' id='word_1_154' title='bbox 957 2256 1056 2328; x_wconf 78' lang='grc' dir='ltr'>τὴν</span> <span class='ocrx_word' id='word_1_155' title='bbox 1085 2255 1378 2326; x_wconf 84' lang='grc' dir='ltr'>ἐπιστολὴν</span> <span class='ocrx_word' id='word_1_156' title='bbox 1426 2255 1701 2318; x_wconf 81' lang='grc' dir='ltr'>ἀναλύσας</span> <span class='ocrx_word' id='word_1_157' title='bbox 1723 2253 1880 2307; x_wconf 83' lang='grc' dir='ltr'>ἐσκό-</span> 
     </span>
    </p>
   </div>
   <div class='ocr_carea' id='block_1_23' title="bbox 284 2346 1878 2420">
    <p class='ocr_par' dir='ltr' id='par_1_23' title="bbox 284 2346 1878 2420">
     <span class='ocr_line' id='line_1_23' title="bbox 284 2346 1878 2420; baseline 0.001 -22"><span class='ocrx_word' id='word_1_158' title='bbox 284 2365 444 2412; x_wconf 87' lang='grc' dir='ltr'>πουν,</span> <span class='ocrx_word' id='word_1_159' title='bbox 471 2348 644 2420; x_wconf 78' lang='grc' dir='ltr'>ἥσθην</span> <span class='ocrx_word' id='word_1_160' title='bbox 693 2348 946 2402; x_wconf 85' lang='grc' dir='ltr'>τοσοῦτον</span> <span class='ocrx_word' id='word_1_161' title='bbox 982 2350 1058 2414; x_wconf 80' lang='grc' dir='ltr'><strong>ὡς</strong></span> <span class='ocrx_word' id='word_1_162' title='bbox 1107 2351 1197 2403; x_wconf 84' lang='grc' dir='ltr'>ὅτε</span> <span class='ocrx_word' id='word_1_163' title='bbox 1254 2349 1348 2403; x_wconf 84' lang='grc' dir='ltr'><strong>τοῦ</strong></span> <span class='ocrx_word' id='word_1_164' title='bbox 1411 2348 1682 2420; x_wconf 77' lang='grc' dir='ltr'>παρόντος</span> <span class='ocrx_word' id='word_1_165' title='bbox 1736 2346 1878 2400; x_wconf 79' lang='grc' dir='ltr'>ἑκὼν</span> 
     </span>
    </p>
   </div>
   <div class='ocr_carea' id='block_1_24' title="bbox 285 2440 1871 2514">
    <p class='ocr_par' dir='ltr' id='par_1_24' title="bbox 285 2440 1871 2514">
     <span class='ocr_line' id='line_1_24' title="bbox 285 2440 1871 2514; baseline -0.001 -20"><span class='ocrx_word' id='word_1_166' title='bbox 285 2442 626 2513; x_wconf 78' lang='grc' dir='ltr'>ἁφιστάμην,</span> <span class='ocrx_word' id='word_1_167' title='bbox 654 2441 728 2514; x_wconf 84' lang='grc' dir='ltr'><strong>μὴ</strong></span> <span class='ocrx_word' id='word_1_168' title='bbox 748 2443 843 2496; x_wconf 73' lang='grc' dir='ltr'><strong>καὶ</strong></span> <span class='ocrx_word' id='word_1_169' title='bbox 876 2443 1040 2496; x_wconf 89' lang='grc' dir='ltr'>πάλιν</span> <span class='ocrx_word' id='word_1_170' title='bbox 1069 2443 1333 2507; x_wconf 82' lang='grc' dir='ltr'>πολλάκις</span> <span class='ocrx_word' id='word_1_171' title='bbox 1363 2440 1553 2509; x_wconf 75' lang='grc' dir='ltr'>εἰπὼν,</span> <span class='ocrx_word' id='word_1_172' title='bbox 1589 2442 1682 2496; x_wconf 79' lang='grc' dir='ltr'>καὶ</span> <span class='ocrx_word' id='word_1_173' title='bbox 1704 2444 1732 2496; x_wconf 87' lang='grc' dir='ltr'><strong>ό</strong></span> <span class='ocrx_word' id='word_1_174' title='bbox 1760 2441 1871 2496; x_wconf 83' lang='grc' dir='ltr'>τῶν</span> 
     </span>
    </p>
   </div>
   <div class='ocr_carea' id='block_1_25' title="bbox 289 2533 1248 2605">
    <p class='ocr_par' dir='ltr' id='par_1_25' title="bbox 289 2533 1248 2605">
     <span class='ocr_line' id='line_1_25' title="bbox 289 2533 1248 2605; baseline 0.006 -20"><span class='ocrx_word' id='word_1_175' title='bbox 289 2533 596 2602; x_wconf 76' lang='grc' dir='ltr'>μελλόντων</span> <span class='ocrx_word' id='word_1_176' title='bbox 623 2551 689 2605; x_wconf 88' lang='grc' dir='ltr'><strong>με</strong></span> <span class='ocrx_word' id='word_1_177' title='bbox 719 2534 1019 2604; x_wconf 82' lang='grc' dir='ltr'>κατέπειγε</span> <span class='ocrx_word' id='word_1_178' title='bbox 1062 2535 1248 2599; x_wconf 85' lang='grc' dir='ltr'>πόθος.</span> 
     </span>
    </p>
   </div>
   <div class='ocr_carea' id='block_1_26' title="bbox 524 2713 1624 2789">
    <p class='ocr_par' dir='ltr' id='par_1_26' title="bbox 524 2713 1624 2789">
     <span class='ocr_line' id='line_1_26' title="bbox 524 2713 1624 2789; baseline 0.002 -21"><span class='ocrx_word' id='word_1_179' title='bbox 524 2716 660 2769; x_wconf 82' lang='lat' dir='ltr'><strong>KH&#39;.</strong></span> <span class='ocrx_word' id='word_1_180' title='bbox 688 2715 968 2788; x_wconf 83' lang='grc' dir='ltr'><strong>ΟΥΛΠΙῼ.</strong></span> <span class='ocrx_word' id='word_1_181' title='bbox 1019 2715 1216 2789; x_wconf 79' lang='lat' dir='ltr'><strong>[BantL</strong></span> <span class='ocrx_word' id='word_1_182' title='bbox 1263 2713 1624 2788; x_wconf 80' lang='grc' dir='ltr'><strong>ΟΛΥΜΠΙῼ.]</strong></span> 
     </span>
    </p>
   </div>
   <div class='ocr_carea' id='block_1_27' title="bbox 360 2804 1881 2880">
    <p class='ocr_par' dir='ltr' id='par_1_27' title="bbox 360 2804 1881 2880">
     <span class='ocr_line' id='line_1_27' title="bbox 360 2804 1881 2880; baseline 0.001 -23"><span class='ocrx_word' id='word_1_183' title='bbox 360 2805 467 2858; x_wconf 79' lang='grc' dir='ltr'>Τὸν</span> <span class='ocrx_word' id='word_1_184' title='bbox 524 2804 838 2876; x_wconf 80' lang='grc' dir='ltr'>θαυμαστὸν</span> <span class='ocrx_word' id='word_1_185' title='bbox 891 2809 1234 2878; x_wconf 87' lang='grc' dir='ltr'>Στρατήγιον</span> <span class='ocrx_word' id='word_1_186' title='bbox 1292 2808 1388 2860; x_wconf 66' lang='grc' dir='ltr'><strong>καὶ¹</strong></span> <span class='ocrx_word' id='word_1_187' title='bbox 1442 2806 1712 2880; x_wconf 88' lang='grc' dir='ltr'>πρότερον</span> <span class='ocrx_word' id='word_1_188' title='bbox 1777 2805 1881 2878; x_wconf 73' lang='grc' dir='ltr'>ἤδη</span> 
     </span>
    </p>
   </div>
   <div class='ocr_carea' id='block_1_28' title="bbox 287 2898 1882 2972">
    <p class='ocr_par' dir='ltr' id='par_1_28' title="bbox 287 2898 1882 2972">
     <span class='ocr_line' id='line_1_28' title="bbox 287 2898 1882 2972; baseline 0.001 -22"><span class='ocrx_word' id='word_1_189' title='bbox 287 2898 484 2968; x_wconf 66' lang='grc' dir='ltr'>φιλῶν,</span> <span class='ocrx_word' id='word_1_190' title='bbox 515 2900 608 2953; x_wconf 88' lang='grc' dir='ltr'><strong>νῦν</strong></span> <span class='ocrx_word' id='word_1_191' title='bbox 633 2900 712 2954; x_wconf 74' lang='grc' dir='ltr'><strong>ἔτι</strong></span> <span class='ocrx_word' id='word_1_192' title='bbox 744 2902 836 2955; x_wconf 74' lang='grc' dir='ltr'><strong>καὶ</strong></span> <span class='ocrx_word' id='word_1_193' title='bbox 875 2900 1076 2969; x_wconf 77' lang='grc' dir='ltr'>μᾶλλον</span> <span class='ocrx_word' id='word_1_194' title='bbox 1123 2901 1413 2970; x_wconf 71' lang='grc' dir='ltr'>ἠγάπησα,</span> <span class='ocrx_word' id='word_1_195' title='bbox 1451 2901 1582 2954; x_wconf 84' lang='grc' dir='ltr'>διότι</span> <span class='ocrx_word' id='word_1_196' title='bbox 1609 2899 1718 2953; x_wconf 83' lang='grc' dir='ltr'><strong>τῶν</strong></span> <span class='ocrx_word' id='word_1_197' title='bbox 1743 2901 1882 2972; x_wconf 82' lang='grc' dir='ltr'>πρὸς</span> 
     </span>
    </p>
   </div>
   <div class='ocr_carea' id='block_1_29' title="bbox 287 2992 1878 3062">
    <p class='ocr_par' dir='ltr' id='par_1_29' title="bbox 287 2992 1878 3062">
     <span class='ocr_line' id='line_1_29' title="bbox 287 2992 1878 3062; baseline 0.001 -19"><span class='ocrx_word' id='word_1_198' title='bbox 287 2992 554 3061; x_wconf 81' lang='grc' dir='ltr'>ἀλλήλους</span> <span class='ocrx_word' id='word_1_199' title='bbox 585 2994 717 3061; x_wconf 81' lang='grc' dir='ltr'>ἡμῖν</span> <span class='ocrx_word' id='word_1_200' title='bbox 757 2995 1104 3062; x_wconf 74' lang='grc' dir='ltr'>γραμμάτιον</span> <span class='ocrx_word' id='word_1_201' title='bbox 1157 2993 1398 3061; x_wconf 80' lang='grc' dir='ltr'>ὑπῆρξεν</span> <span class='ocrx_word' id='word_1_202' title='bbox 1451 2993 1707 3056; x_wconf 85' lang='grc' dir='ltr'>ὑπόθεσις</span> <span class='ocrx_word' id='word_1_203' title='bbox 1732 3009 1746 3022; x_wconf 71' lang='grc' dir='ltr'><strong>ο</strong></span> <span class='ocrx_word' id='word_1_204' title='bbox 1779 2992 1878 3061; x_wconf 80' lang='grc' dir='ltr'>τὴν</span> 
     </span>
    </p>
   </div>
   <div class='ocr_carea' id='block_1_30' title="bbox 290 3081 1869 3153">
    <p class='ocr_par' dir='ltr' id='par_1_30' title="bbox 290 3081 1869 3153">
     <span class='ocr_line' id='line_1_30' title="bbox 290 3081 1869 3153; baseline -0.001 -20"><span class='ocrx_word' id='word_1_205' title='bbox 290 3081 402 3151; x_wconf 73' lang='grc' dir='ltr'>γὰρ</span> <span class='ocrx_word' id='word_1_206' title='bbox 467 3084 736 3152; x_wconf 81' lang='grc' dir='ltr'>προτέραν</span> <span class='ocrx_word' id='word_1_207' title='bbox 797 3085 1008 3150; x_wconf 77' lang='grc' dir='ltr'>σιωπὴν</span> <span class='ocrx_word' id='word_1_208' title='bbox 1071 3083 1440 3153; x_wconf 75' lang='grc' dir='ltr'>μεταστήσας,</span> <span class='ocrx_word' id='word_1_209' title='bbox 1475 3081 1710 3135; x_wconf 81' lang='grc' dir='ltr'>δέδωκεν</span> <span class='ocrx_word' id='word_1_210' title='bbox 1739 3083 1869 3151; x_wconf 83' lang='grc' dir='ltr'>ἡμῖν</span> 
     </span>
    </p>
   </div>
   <div class='ocr_carea' id='block_1_31' title="bbox 1967 597 3545 669">
    <p class='ocr_par' dir='ltr' id='par_1_31' title="bbox 1967 597 3545 669">
     <span class='ocr_line' id='line_1_31' title="bbox 1967 597 3545 669; baseline -0.001 -14"><span class='ocrx_word' id='word_1_211' title='bbox 1967 599 2062 655; x_wconf 88' lang='lat' dir='ltr'><strong>sed</strong></span> <span class='ocrx_word' id='word_1_212' title='bbox 2096 599 2237 669; x_wconf 93' lang='lat' dir='ltr'><strong>quod</strong></span> <span class='ocrx_word' id='word_1_213' title='bbox 2275 599 2416 654; x_wconf 91' lang='lat' dir='ltr'><strong>inter</strong></span> <span class='ocrx_word' id='word_1_214' title='bbox 2449 615 2566 661; x_wconf 88' lang='lat' dir='ltr'><strong>nos,</strong></span> <span class='ocrx_word' id='word_1_215' title='bbox 2597 600 2810 669; x_wconf 84' lang='lat' dir='ltr'><strong>opinor,</strong></span> <span class='ocrx_word' id='word_1_216' title='bbox 2846 614 2950 652; x_wconf 93' lang='lat' dir='ltr'><strong>non</strong></span> <span class='ocrx_word' id='word_1_217' title='bbox 2995 597 3172 653; x_wconf 88' lang='lat' dir='ltr'><strong>minus</strong></span> <span class='ocrx_word' id='word_1_218' title='bbox 3202 597 3396 652; x_wconf 91' lang='lat' dir='ltr'><strong>mirum</strong></span> <span class='ocrx_word' id='word_1_219' title='bbox 3421 607 3545 654; x_wconf 85' lang='lat' dir='ltr'><strong>est:</strong></span> 
     </span>
    </p>
   </div>
   <div class='ocr_carea' id='block_1_32' title="bbox 1967 691 3548 761">
    <p class='ocr_par' dir='ltr' id='par_1_32' title="bbox 1967 691 3548 761">
     <span class='ocr_line' id='line_1_32' title="bbox 1967 691 3548 761; baseline 0.001 -16"><span class='ocrx_word' id='word_1_220' title='bbox 1967 708 2108 746; x_wconf 92' lang='lat' dir='ltr'><strong>unus</strong></span> <span class='ocrx_word' id='word_1_221' title='bbox 2139 692 2287 754; x_wconf 25' lang='lat' dir='ltr'><strong>enim.</strong></span> <span class='ocrx_word' id='word_1_222' title='bbox 2314 709 2418 748; x_wconf 92' lang='lat' dir='ltr'><strong>non</strong></span> <span class='ocrx_word' id='word_1_223' title='bbox 2451 692 2663 747; x_wconf 91' lang='lat' dir='ltr'><strong>volebat</strong></span> <span class='ocrx_word' id='word_1_224' title='bbox 2709 691 2890 746; x_wconf 87' lang='lat' dir='ltr'><strong>adhuc</strong></span> <span class='ocrx_word' id='word_1_225' title='bbox 2926 692 3166 761; x_wconf 87' lang='lat' dir='ltr'><strong>prodire,</strong></span> <span class='ocrx_word' id='word_1_226' title='bbox 3196 701 3254 746; x_wconf 89' lang='lat' dir='ltr'><strong>tu</strong></span> <span class='ocrx_word' id='word_1_227' title='bbox 3281 705 3410 747; x_wconf 79' lang='lat' dir='ltr'><strong>vero</strong></span> <span class='ocrx_word' id='word_1_228' title='bbox 3439 707 3548 747; x_wconf 89' lang='lat' dir='ltr'><strong>non</strong></span> 
     </span>
    </p>
   </div>
   <div class='ocr_carea' id='block_1_33' title="bbox 1968 783 2887 854">
    <p class='ocr_par' dir='ltr' id='par_1_33' title="bbox 1968 783 2887 854">
     <span class='ocr_line' id='line_1_33' title="bbox 1968 783 2887 854; baseline -0.003 -15"><span class='ocrx_word' id='word_1_229' title='bbox 1968 783 2186 840; x_wconf 89' lang='lat' dir='ltr'><strong>mittere</strong></span> <span class='ocrx_word' id='word_1_230' title='bbox 2213 785 2400 854; x_wconf 82' lang='lat' dir='ltr'><strong>procul</strong></span> <span class='ocrx_word' id='word_1_231' title='bbox 2428 787 2624 839; x_wconf 87' lang='lat' dir='ltr'><strong>absens</strong></span> <span class='ocrx_word' id='word_1_232' title='bbox 2657 784 2887 839; x_wconf 72' lang='lat' dir='ltr'><strong>litteras.</strong></span> 
     </span>
    </p>
   </div>
   <div class='ocr_carea' id='block_1_34' title="bbox 2384 874 3130 932">
    <p class='ocr_par' dir='ltr' id='par_1_34' title="bbox 2384 874 3130 932">
     <span class='ocr_line' id='line_1_34' title="bbox 2384 874 3130 932; baseline -0.001 -1"><span class='ocrx_word' id='word_1_233' title='bbox 2384 875 2595 931; x_wconf 73' lang='lat' dir='ltr'><strong>XXVII.</strong></span> <span class='ocrx_word' id='word_1_234' title='bbox 2625 874 3130 932; x_wconf 82' lang='lat' dir='ltr'><strong>CONSTANTINO.</strong></span> 
     </span>
    </p>
   </div>
   <div class='ocr_carea' id='block_1_35' title="bbox 2039 967 3554 1040">
    <p class='ocr_par' dir='ltr' id='par_1_35' title="bbox 2039 967 3554 1040">
     <span class='ocr_line' id='line_1_35' title="bbox 2039 967 3554 1040; baseline 0.002 -18"><span class='ocrx_word' id='word_1_235' title='bbox 2039 967 2229 1024; x_wconf 78' lang='lat' dir='ltr'><strong>Adhuc</strong></span> <span class='ocrx_word' id='word_1_236' title='bbox 2275 971 2415 1038; x_wconf 83' lang='lat' dir='ltr'><strong>apud</strong></span> <span class='ocrx_word' id='word_1_237' title='bbox 2447 967 2625 1022; x_wconf 85' lang='lat' dir='ltr'><strong>Nilum</strong></span> <span class='ocrx_word' id='word_1_238' title='bbox 2664 969 2917 1023; x_wconf 88' lang='lat' dir='ltr'><strong>habitans</strong></span> <span class='ocrx_word' id='word_1_239' title='bbox 2949 968 3204 1038; x_wconf 90' lang='lat' dir='ltr'><strong>pulchras</strong></span> <span class='ocrx_word' id='word_1_240' title='bbox 3239 969 3338 1023; x_wconf 88' lang='lat' dir='ltr'><strong>has</strong></span> <span class='ocrx_word' id='word_1_241' title='bbox 3366 969 3554 1040; x_wconf 88' lang='lat' dir='ltr'><strong>accepi</strong></span> 
     </span>
    </p>
   </div>
   <div class='ocr_carea' id='block_1_36' title="bbox 1971 1060 3556 1131">
    <p class='ocr_par' dir='ltr' id='par_1_36' title="bbox 1971 1060 3556 1131">
     <span class='ocr_line' id='line_1_36' title="bbox 1971 1060 3556 1131; baseline 0 -15"><span class='ocrx_word' id='word_1_242' title='bbox 1971 1061 2217 1116; x_wconf 88' lang='lat' dir='ltr'><strong>litteras:</strong></span> <span class='ocrx_word' id='word_1_243' title='bbox 2249 1062 2394 1131; x_wconf 89' lang='lat' dir='ltr'><strong>quod</strong></span> <span class='ocrx_word' id='word_1_244' title='bbox 2426 1069 2607 1115; x_wconf 88' lang='lat' dir='ltr'><strong>autem</strong></span> <span class='ocrx_word' id='word_1_245' title='bbox 2643 1063 2709 1117; x_wconf 90' lang='lat' dir='ltr'><strong>de</strong></span> <span class='ocrx_word' id='word_1_246' title='bbox 2745 1061 2852 1117; x_wconf 89' lang='lat' dir='ltr'><strong>illis</strong></span> <span class='ocrx_word' id='word_1_247' title='bbox 2894 1061 3117 1124; x_wconf 87' lang='lat' dir='ltr'><strong>accidit,</strong></span> <span class='ocrx_word' id='word_1_248' title='bbox 3160 1076 3265 1115; x_wconf 89' lang='lat' dir='ltr'><strong>non</strong></span> <span class='ocrx_word' id='word_1_249' title='bbox 3302 1060 3439 1117; x_wconf 89' lang='lat' dir='ltr'><strong>bene</strong></span> <span class='ocrx_word' id='word_1_250' title='bbox 3467 1076 3556 1122; x_wconf 57' lang='lat' dir='ltr'><strong>es:</strong></span> 
     </span>
    </p>
   </div>
   <div class='ocr_carea' id='block_1_37' title="bbox 1969 1133 3574 1225">
    <p class='ocr_par' dir='ltr' id='par_1_37' title="bbox 1969 1133 3574 1225">
     <span class='ocr_line' id='line_1_37' title="bbox 1969 1133 3574 1225; baseline -0.001 -15"><span class='ocrx_word' id='word_1_251' title='bbox 1969 1165 2053 1211; x_wconf 88' lang='lat' dir='ltr'><strong>set</strong></span> <span class='ocrx_word' id='word_1_252' title='bbox 2081 1155 2302 1211; x_wconf 88' lang='lat' dir='ltr'><strong>silentio</strong></span> <span class='ocrx_word' id='word_1_253' title='bbox 2341 1156 2623 1225; x_wconf 61' lang='lat' dir='ltr'><strong>pratterire</strong></span> <span class='ocrx_word' id='word_1_254' title='bbox 2657 1174 2670 1209; x_wconf 92' lang='lat'><strong>:</strong></span> <span class='ocrx_word' id='word_1_255' title='bbox 2704 1165 2771 1219; x_wconf 58' lang='grc' dir='ltr'>,ιιι</span> <span class='ocrx_word' id='word_1_256' title='bbox 2811 1154 2956 1210; x_wconf 91' lang='lat' dir='ltr'><strong>enim</strong></span> <span class='ocrx_word' id='word_1_257' title='bbox 2992 1154 3122 1208; x_wconf 90' lang='lat' dir='ltr'><strong>mihi</strong></span> <span class='ocrx_word' id='word_1_258' title='bbox 3171 1154 3390 1209; x_wconf 89' lang='lat' dir='ltr'><strong>tradidit</strong></span> <span class='ocrx_word' id='word_1_259' title='bbox 3435 1133 3574 1208; x_wconf 47' lang='lat' dir='ltr'><strong>illas.</strong></span> 
     </span>
    </p>
   </div>
   <div class='ocr_carea' id='block_1_38' title="bbox 1969 1244 3556 1319">
    <p class='ocr_par' dir='ltr' id='par_1_38' title="bbox 1969 1244 3556 1319">
     <span class='ocr_line' id='line_1_38' title="bbox 1969 1244 3556 1319; baseline 0 -19"><span class='ocrx_word' id='word_1_260' title='bbox 1969 1248 2061 1319; x_wconf 92' lang='lat' dir='ltr'><strong>qui</strong></span> <span class='ocrx_word' id='word_1_261' title='bbox 2103 1247 2334 1315; x_wconf 87' lang='lat' dir='ltr'><strong>ferebat,</strong></span> <span class='ocrx_word' id='word_1_262' title='bbox 2377 1256 2434 1302; x_wconf 92' lang='lat' dir='ltr'><strong>et</strong></span> <span class='ocrx_word' id='word_1_263' title='bbox 2481 1246 2690 1302; x_wconf 83' lang='lat' dir='ltr'><strong>addidit</strong></span> <span class='ocrx_word' id='word_1_264' title='bbox 2736 1246 2878 1300; x_wconf 78' lang='lat' dir='ltr'><strong>unde</strong></span> <span class='ocrx_word' id='word_1_265' title='bbox 2911 1255 3116 1309; x_wconf 88' lang='lat' dir='ltr'><strong>essent,</strong></span> <span class='ocrx_word' id='word_1_266' title='bbox 3148 1245 3426 1301; x_wconf 85' lang='lat' dir='ltr'><strong>me.suhiit</strong></span> <span class='ocrx_word' id='word_1_267' title='bbox 3457 1244 3556 1300; x_wconf 85' lang='lat' dir='ltr'><strong>ali-</strong></span> 
     </span>
    </p>
   </div>
   <div class='ocr_carea' id='block_1_39' title="bbox 1971 1336 3559 1410">
    <p class='ocr_par' dir='ltr' id='par_1_39' title="bbox 1971 1336 3559 1410">
     <span class='ocr_line' id='line_1_39' title="bbox 1971 1336 3559 1410; baseline 0.001 -19"><span class='ocrx_word' id='word_1_268' title='bbox 1971 1340 2095 1410; x_wconf 87' lang='lat' dir='ltr'><strong>quis</strong></span> <span class='ocrx_word' id='word_1_269' title='bbox 2125 1338 2423 1394; x_wconf 86' lang='lat' dir='ltr'><strong>amantium</strong></span> <span class='ocrx_word' id='word_1_270' title='bbox 2477 1337 2704 1393; x_wconf 76' lang='lat' dir='ltr'><strong>aﬂ‘ectns</strong></span> <span class='ocrx_word' id='word_1_271' title='bbox 2735 1357 2749 1392; x_wconf 90' lang='lat'><strong>:</strong></span> <span class='ocrx_word' id='word_1_272' title='bbox 2790 1337 2973 1393; x_wconf 88' lang='lat' dir='ltr'><strong>subito</strong></span> <span class='ocrx_word' id='word_1_273' title='bbox 3020 1336 3165 1392; x_wconf 92' lang='lat' dir='ltr'><strong>enim</strong></span> <span class='ocrx_word' id='word_1_274' title='bbox 3201 1347 3398 1407; x_wconf 72' lang='lat' dir='ltr'><strong>prreter</strong></span> <span class='ocrx_word' id='word_1_275' title='bbox 3435 1351 3559 1392; x_wconf 84' lang='lat' dir='ltr'><strong>uto-</strong></span> 
     </span>
    </p>
   </div>
   <div class='ocr_carea' id='block_1_40' title="bbox 1972 1429 3557 1499">
    <p class='ocr_par' dir='ltr' id='par_1_40' title="bbox 1972 1429 3557 1499">
     <span class='ocr_line' id='line_1_40' title="bbox 1972 1429 3557 1499; baseline -0.003 -14"><span class='ocrx_word' id='word_1_276' title='bbox 1972 1429 2104 1485; x_wconf 87' lang='lat' dir='ltr'><strong>dmn</strong></span> <span class='ocrx_word' id='word_1_277' title='bbox 2151 1431 2434 1496; x_wconf 90' lang='lat' dir='ltr'><strong>aberrans,</strong></span> <span class='ocrx_word' id='word_1_278' title='bbox 2484 1430 2593 1499; x_wconf 79' lang='lat' dir='ltr'><strong>iam</strong></span> <span class='ocrx_word' id='word_1_279' title='bbox 2629 1439 2679 1484; x_wconf 92' lang='lat' dir='ltr'><strong>te</strong></span> <span class='ocrx_word' id='word_1_280' title='bbox 2706 1439 2762 1486; x_wconf 89' lang='lat' dir='ltr'><strong>et</strong></span> <span class='ocrx_word' id='word_1_281' title='bbox 2794 1431 2986 1484; x_wconf 81' lang='lat' dir='ltr'><strong>adesse</strong></span> <span class='ocrx_word' id='word_1_282' title='bbox 3022 1430 3150 1484; x_wconf 86' lang='lat' dir='ltr'><strong>mihi</strong></span> <span class='ocrx_word' id='word_1_283' title='bbox 3199 1429 3422 1484; x_wconf 87' lang='lat' dir='ltr'><strong>omnino</strong></span> <span class='ocrx_word' id='word_1_284' title='bbox 3460 1444 3557 1498; x_wconf 81' lang='lat' dir='ltr'><strong>pu-</strong></span> 
     </span>
    </p>
   </div>
   <div class='ocr_carea' id='block_1_41' title="bbox 1976 1519 3558 1586">
    <p class='ocr_par' dir='ltr' id='par_1_41' title="bbox 1976 1519 3558 1586">
     <span class='ocr_line' id='line_1_41' title="bbox 1976 1519 3558 1586; baseline -0.002 -12"><span class='ocrx_word' id='word_1_285' title='bbox 1976 1520 2156 1575; x_wconf 85' lang='lat' dir='ltr'><strong>tabam</strong></span> <span class='ocrx_word' id='word_1_286' title='bbox 2195 1533 2295 1575; x_wconf 89' lang='lat' dir='ltr'><strong>:et</strong></span> <span class='ocrx_word' id='word_1_287' title='bbox 2342 1520 2484 1584; x_wconf 86' lang='lat' dir='ltr'><strong>ideo,</strong></span> <span class='ocrx_word' id='word_1_288' title='bbox 2518 1537 2552 1573; x_wconf 90' lang='grc' dir='ltr'><strong>ο</strong></span> <span class='ocrx_word' id='word_1_289' title='bbox 2597 1519 2922 1574; x_wconf 88' lang='lat' dir='ltr'><strong>charissime</strong></span> <span class='ocrx_word' id='word_1_290' title='bbox 2969 1519 3302 1580; x_wconf 85' lang='lat' dir='ltr'><strong>mortalium,</strong></span> <span class='ocrx_word' id='word_1_291' title='bbox 3348 1519 3558 1586; x_wconf 88' lang='lat' dir='ltr'><strong>inquie-</strong></span> 
     </span>
    </p>
   </div>
   <div class='ocr_carea' id='block_1_42' title="bbox 1973 1609 3560 1680">
    <p class='ocr_par' dir='ltr' id='par_1_42' title="bbox 1973 1609 3560 1680">
     <span class='ocr_line' id='line_1_42' title="bbox 1973 1609 3560 1680; baseline -0.002 -13"><span class='ocrx_word' id='word_1_292' title='bbox 1973 1613 2094 1667; x_wconf 84' lang='lat' dir='ltr'><strong>batn</strong></span> <span class='ocrx_word' id='word_1_293' title='bbox 2130 1627 2289 1680; x_wconf 88' lang='lat' dir='ltr'><strong>quam</strong></span> <span class='ocrx_word' id='word_1_294' title='bbox 2343 1613 2541 1666; x_wconf 89' lang='lat' dir='ltr'><strong>absens</strong></span> <span class='ocrx_word' id='word_1_295' title='bbox 2573 1611 2791 1665; x_wconf 85' lang='lat' dir='ltr'><strong>nimiam</strong></span> <span class='ocrx_word' id='word_1_296' title='bbox 2821 1609 3096 1667; x_wconf 90' lang='lat' dir='ltr'><strong>inferebas</strong></span> <span class='ocrx_word' id='word_1_297' title='bbox 3142 1609 3455 1665; x_wconf 76' lang='lat' dir='ltr'><strong>tristitiam!</strong></span> <span class='ocrx_word' id='word_1_298' title='bbox 3502 1623 3560 1664; x_wconf 86' lang='lat' dir='ltr'><strong>et</strong></span> 
     </span>
    </p>
   </div>
   <div class='ocr_carea' id='block_1_43' title="bbox 1976 1703 3559 1772">
    <p class='ocr_par' dir='ltr' id='par_1_43' title="bbox 1976 1703 3559 1772">
     <span class='ocr_line' id='line_1_43' title="bbox 1976 1703 3559 1772; baseline -0.003 -10"><span class='ocrx_word' id='word_1_299' title='bbox 1976 1724 2117 1762; x_wconf 91' lang='lat' dir='ltr'><strong>nunc</strong></span> <span class='ocrx_word' id='word_1_300' title='bbox 2147 1709 2211 1762; x_wconf 87' lang='lat' dir='ltr'><strong>ad</strong></span> <span class='ocrx_word' id='word_1_301' title='bbox 2241 1716 2296 1762; x_wconf 89' lang='lat' dir='ltr'><strong>te</strong></span> <span class='ocrx_word' id='word_1_302' title='bbox 2325 1707 2694 1761; x_wconf 88' lang='lat' dir='ltr'><strong>desiderantes</strong></span> <span class='ocrx_word' id='word_1_303' title='bbox 2733 1705 2930 1760; x_wconf 83' lang='lat' dir='ltr'><strong>venisti</strong></span> <span class='ocrx_word' id='word_1_304' title='bbox 2965 1723 2978 1758; x_wconf 91' lang='lat'><strong>:</strong></span> <span class='ocrx_word' id='word_1_305' title='bbox 3014 1704 3088 1758; x_wconf 88' lang='lat' dir='ltr'><strong>ita</strong></span> <span class='ocrx_word' id='word_1_306' title='bbox 3115 1715 3171 1758; x_wconf 89' lang='lat' dir='ltr'><strong>et</strong></span> <span class='ocrx_word' id='word_1_307' title='bbox 3195 1703 3391 1760; x_wconf 88' lang='lat' dir='ltr'><strong>sitnilia</strong></span> <span class='ocrx_word' id='word_1_308' title='bbox 3417 1715 3559 1772; x_wconf 71' lang='lat' dir='ltr'><strong>smpe</strong></span> 
     </span>
    </p>
   </div>
   <div class='ocr_carea' id='block_1_44' title="bbox 1976 1798 3554 1870">
    <p class='ocr_par' dir='ltr' id='par_1_44' title="bbox 1976 1798 3554 1870">
     <span class='ocr_line' id='line_1_44' title="bbox 1976 1798 3554 1870; baseline -0.003 -15"><span class='ocrx_word' id='word_1_309' title='bbox 1976 1800 2262 1865; x_wconf 89' lang='lat' dir='ltr'><strong>iterabam,</strong></span> <span class='ocrx_word' id='word_1_310' title='bbox 2313 1799 2672 1870; x_wconf 66' lang='lat' dir='ltr'><strong>praesentibus</strong></span> <span class='ocrx_word' id='word_1_311' title='bbox 2722 1798 2796 1853; x_wconf 92' lang='lat' dir='ltr'><strong>rei</strong></span> <span class='ocrx_word' id='word_1_312' title='bbox 2845 1799 3211 1867; x_wconf 86' lang='lat' dir='ltr'><strong>suspicionem</strong></span> <span class='ocrx_word' id='word_1_313' title='bbox 3263 1798 3554 1868; x_wconf 67' lang='lat' dir='ltr'><strong>praabens:</strong></span> 
     </span>
    </p>
   </div>
   <div class='ocr_carea' id='block_1_45' title="bbox 1975 1885 3560 1963">
    <p class='ocr_par' dir='ltr' id='par_1_45' title="bbox 1975 1885 3560 1963">
     <span class='ocr_line' id='line_1_45' title="bbox 1975 1885 3560 1963; baseline -0.003 -19"><span class='ocrx_word' id='word_1_314' title='bbox 1975 1892 2106 1963; x_wconf 90' lang='lat' dir='ltr'><strong>quid</strong></span> <span class='ocrx_word' id='word_1_315' title='bbox 2145 1891 2311 1962; x_wconf 78' lang='lat' dir='ltr'><strong>igitur</strong></span> <span class='ocrx_word' id='word_1_316' title='bbox 2344 1890 2569 1960; x_wconf 88' lang='lat' dir='ltr'><strong>pateris,</strong></span> <span class='ocrx_word' id='word_1_317' title='bbox 2612 1889 2868 1944; x_wconf 90' lang='lat' dir='ltr'><strong>dicebant</strong></span> <span class='ocrx_word' id='word_1_318' title='bbox 2897 1889 2920 1943; x_wconf 86' lang='lat'><strong>?</strong></span> <span class='ocrx_word' id='word_1_319' title='bbox 2955 1904 3062 1943; x_wconf 90' lang='lat' dir='ltr'><strong>non</strong></span> <span class='ocrx_word' id='word_1_320' title='bbox 3107 1889 3250 1943; x_wconf 88' lang='lat' dir='ltr'><strong>enim</strong></span> <span class='ocrx_word' id='word_1_321' title='bbox 3281 1896 3431 1944; x_wconf 86' lang='lat' dir='ltr'><strong>certe</strong></span> <span class='ocrx_word' id='word_1_322' title='bbox 3461 1885 3560 1941; x_wconf 88' lang='lat' dir='ltr'><strong>tibi</strong></span> 
     </span>
    </p>
   </div>
   <div class='ocr_carea' id='block_1_46' title="bbox 1976 1981 3560 2053">
    <p class='ocr_par' dir='ltr' id='par_1_46' title="bbox 1976 1981 3560 2053">
     <span class='ocr_line' id='line_1_46' title="bbox 1976 1981 3560 2053; baseline -0.005 -14"><span class='ocrx_word' id='word_1_323' title='bbox 1976 1994 2032 2039; x_wconf 84' lang='lat' dir='ltr'><strong>et</strong></span> <span class='ocrx_word' id='word_1_324' title='bbox 2081 1999 2316 2053; x_wconf 63' lang='lat' dir='ltr'><strong>praesens</strong></span> <span class='ocrx_word' id='word_1_325' title='bbox 2372 1983 2473 2038; x_wconf 84' lang='lat' dir='ltr'><strong>iste</strong></span> <span class='ocrx_word' id='word_1_326' title='bbox 2514 1981 2755 2036; x_wconf 84' lang='lat' dir='ltr'><strong>occurrit</strong></span> <span class='ocrx_word' id='word_1_327' title='bbox 2797 1999 2810 2035; x_wconf 93' lang='lat'><strong>:</strong></span> <span class='ocrx_word' id='word_1_328' title='bbox 2863 1988 3044 2036; x_wconf 89' lang='lat' dir='ltr'><strong>mente</strong></span> <span class='ocrx_word' id='word_1_329' title='bbox 3114 1990 3293 2035; x_wconf 81' lang='lat' dir='ltr'><strong>autem</strong></span> <span class='ocrx_word' id='word_1_330' title='bbox 3346 1987 3560 2048; x_wconf 82' lang='lat' dir='ltr'><strong>recepta</strong></span> 
     </span>
    </p>
   </div>
   <div class='ocr_carea' id='block_1_47' title="bbox 1980 2071 3560 2144">
    <p class='ocr_par' dir='ltr' id='par_1_47' title="bbox 1980 2071 3560 2144">
     <span class='ocr_line' id='line_1_47' title="bbox 1980 2071 3560 2144; baseline -0.003 -16"><span class='ocrx_word' id='word_1_331' title='bbox 1980 2087 2206 2129; x_wconf 65' lang='lat' dir='ltr'><strong>moestus</strong></span> <span class='ocrx_word' id='word_1_332' title='bbox 2244 2076 2387 2128; x_wconf 84' lang='lat' dir='ltr'><strong>evasi</strong></span> <span class='ocrx_word' id='word_1_333' title='bbox 2442 2083 2697 2142; x_wconf 84' lang='lat' dir='ltr'><strong>tanquam</strong></span> <span class='ocrx_word' id='word_1_334' title='bbox 2751 2073 2950 2144; x_wconf 89' lang='lat' dir='ltr'><strong>aliquis</strong></span> <span class='ocrx_word' id='word_1_335' title='bbox 2981 2090 3011 2128; x_wconf 90' lang='lat' dir='ltr'><strong>e</strong></span> <span class='ocrx_word' id='word_1_336' title='bbox 3063 2081 3208 2126; x_wconf 87' lang='lat' dir='ltr'><strong>tanta</strong></span> <span class='ocrx_word' id='word_1_337' title='bbox 3243 2088 3339 2142; x_wconf 86' lang='lat' dir='ltr'><strong>spe</strong></span> <span class='ocrx_word' id='word_1_338' title='bbox 3374 2071 3560 2126; x_wconf 74' lang='lat' dir='ltr'><strong>detur-</strong></span> 
     </span>
    </p>
   </div>
   <div class='ocr_carea' id='block_1_48' title="bbox 1979 2162 3563 2238">
    <p class='ocr_par' dir='ltr' id='par_1_48' title="bbox 1979 2162 3563 2238">
     <span class='ocr_line' id='line_1_48' title="bbox 1979 2162 3563 2238; baseline -0.003 -16"><span class='ocrx_word' id='word_1_339' title='bbox 1979 2167 2153 2232; x_wconf 84' lang='lat' dir='ltr'><strong>balus,</strong></span> <span class='ocrx_word' id='word_1_340' title='bbox 2180 2178 2235 2222; x_wconf 91' lang='lat' dir='ltr'><strong>et</strong></span> <span class='ocrx_word' id='word_1_341' title='bbox 2274 2167 2454 2222; x_wconf 89' lang='lat' dir='ltr'><strong>subito</strong></span> <span class='ocrx_word' id='word_1_342' title='bbox 2479 2166 2806 2238; x_wconf 89' lang='lat' dir='ltr'><strong>Iacrymans,</strong></span> <span class='ocrx_word' id='word_1_343' title='bbox 2839 2167 3031 2237; x_wconf 78' lang='lat' dir='ltr'><strong>agnovi</strong></span> <span class='ocrx_word' id='word_1_344' title='bbox 3079 2175 3282 2235; x_wconf 88' lang='lat' dir='ltr'><strong>quanta</strong></span> <span class='ocrx_word' id='word_1_345' title='bbox 3313 2165 3363 2218; x_wconf 88' lang='lat' dir='ltr'><strong>vi</strong></span> <span class='ocrx_word' id='word_1_346' title='bbox 3402 2162 3563 2234; x_wconf 85' lang='lat' dir='ltr'><strong>pollet</strong></span> 
     </span>
    </p>
   </div>
   <div class='ocr_carea' id='block_1_49' title="bbox 1979 2256 3565 2330">
    <p class='ocr_par' dir='ltr' id='par_1_49' title="bbox 1979 2256 3565 2330">
     <span class='ocr_line' id='line_1_49' title="bbox 1979 2256 3565 2330; baseline -0.001 -17"><span class='ocrx_word' id='word_1_347' title='bbox 1979 2277 2150 2325; x_wconf 89' lang='lat' dir='ltr'><strong>amor,</strong></span> <span class='ocrx_word' id='word_1_348' title='bbox 2199 2271 2404 2316; x_wconf 82' lang='lat' dir='ltr'><strong>etesse</strong></span> <span class='ocrx_word' id='word_1_349' title='bbox 2459 2261 2861 2316; x_wconf 89' lang='lat' dir='ltr'><strong>aberrationem</strong></span> <span class='ocrx_word' id='word_1_350' title='bbox 2915 2260 3204 2330; x_wconf 89' lang='lat' dir='ltr'><strong>quamdam</strong></span> <span class='ocrx_word' id='word_1_351' title='bbox 3262 2273 3366 2327; x_wconf 85' lang='lat' dir='ltr'><strong>qua</strong></span> <span class='ocrx_word' id='word_1_352' title='bbox 3425 2256 3565 2312; x_wconf 87' lang='lat' dir='ltr'><strong>ratio</strong></span> 
     </span>
    </p>
   </div>
   <div class='ocr_carea' id='block_1_50' title="bbox 1979 2347 3650 2420">
    <p class='ocr_par' dir='ltr' id='par_1_50' title="bbox 1979 2347 3650 2420">
     <span class='ocr_line' id='line_1_50' title="bbox 1979 2347 3650 2420; baseline -0.004 -14"><span class='ocrx_word' id='word_1_353' title='bbox 1979 2353 2233 2408; x_wconf 88' lang='lat' dir='ltr'><strong>levatur:</strong></span> <span class='ocrx_word' id='word_1_354' title='bbox 2267 2368 2387 2406; x_wconf 84' lang='lat' dir='ltr'><strong>cum</strong></span> <span class='ocrx_word' id='word_1_355' title='bbox 2439 2362 2618 2408; x_wconf 87' lang='lat' dir='ltr'><strong>autem</strong></span> <span class='ocrx_word' id='word_1_356' title='bbox 2675 2350 2962 2420; x_wconf 76' lang='lat' dir='ltr'><strong>epistolam</strong></span> <span class='ocrx_word' id='word_1_357' title='bbox 3008 2350 3224 2405; x_wconf 84' lang='lat' dir='ltr'><strong>solvens</strong></span> <span class='ocrx_word' id='word_1_358' title='bbox 3251 2347 3564 2403; x_wconf 86' lang='lat' dir='ltr'><strong>considera-</strong></span> <span class='ocrx_word' id='word_1_359' title='bbox 3640 2405 3650 2415; x_wconf 54' lang='grc'><strong>,</strong></span> 
     </span>
    </p>
   </div>
   <div class='ocr_carea' id='block_1_51' title="bbox 1979 2428 3564 2515">
    <p class='ocr_par' dir='ltr' id='par_1_51' title="bbox 1979 2428 3564 2515">
     <span class='ocr_line' id='line_1_51' title="bbox 1979 2428 3564 2515; baseline -0.004 -15"><span class='ocrx_word' id='word_1_360' title='bbox 1979 2428 2138 2514; x_wconf 70' lang='lat' dir='ltr'><strong>bam,</strong></span> <span class='ocrx_word' id='word_1_361' title='bbox 2173 2446 2472 2501; x_wconf 88' lang='lat' dir='ltr'><strong>delectatus</strong></span> <span class='ocrx_word' id='word_1_362' title='bbox 2517 2461 2635 2501; x_wconf 91' lang='lat' dir='ltr'><strong>sum</strong></span> <span class='ocrx_word' id='word_1_363' title='bbox 2677 2445 2902 2515; x_wconf 88' lang='lat' dir='ltr'><strong>perinde</strong></span> <span class='ocrx_word' id='word_1_364' title='bbox 2933 2460 2997 2499; x_wconf 92' lang='lat' dir='ltr'><strong>ac</strong></span> <span class='ocrx_word' id='word_1_365' title='bbox 3044 2443 3089 2498; x_wconf 91' lang='lat' dir='ltr'><strong>si</strong></span> <span class='ocrx_word' id='word_1_366' title='bbox 3131 2459 3162 2498; x_wconf 87' lang='lat' dir='ltr'><strong>a</strong></span> <span class='ocrx_word' id='word_1_367' title='bbox 3195 2448 3461 2513; x_wconf 59' lang='lat' dir='ltr'><strong>praesente</strong></span> <span class='ocrx_word' id='word_1_368' title='bbox 3496 2440 3564 2494; x_wconf 92' lang='lat' dir='ltr'><strong>li-</strong></span> 
     </span>
    </p>
   </div>
   <div class='ocr_carea' id='block_1_52' title="bbox 1980 2533 3562 2604">
    <p class='ocr_par' dir='ltr' id='par_1_52' title="bbox 1980 2533 3562 2604">
     <span class='ocr_line' id='line_1_52' title="bbox 1980 2533 3562 2604; baseline -0.004 -12"><span class='ocrx_word' id='word_1_369' title='bbox 1980 2538 2113 2592; x_wconf 88' lang='lat' dir='ltr'><strong>bens</strong></span> <span class='ocrx_word' id='word_1_370' title='bbox 2150 2540 2485 2602; x_wconf 84' lang='lat' dir='ltr'><strong>recederent,</strong></span> <span class='ocrx_word' id='word_1_371' title='bbox 2519 2553 2676 2604; x_wconf 89' lang='lat' dir='ltr'><strong>quem</strong></span> <span class='ocrx_word' id='word_1_372' title='bbox 2709 2547 2766 2591; x_wconf 91' lang='lat' dir='ltr'><strong>et</strong></span> <span class='ocrx_word' id='word_1_373' title='bbox 2813 2537 3004 2591; x_wconf 88' lang='lat' dir='ltr'><strong>iterum</strong></span> <span class='ocrx_word' id='word_1_374' title='bbox 3043 2551 3185 2603; x_wconf 77' lang='lat' dir='ltr'><strong>szepe</strong></span> <span class='ocrx_word' id='word_1_375' title='bbox 3211 2550 3313 2588; x_wconf 90' lang='lat' dir='ltr'><strong>non</strong></span> <span class='ocrx_word' id='word_1_376' title='bbox 3338 2533 3562 2588; x_wconf 85' lang='lat' dir='ltr'><strong>fuissem</strong></span> 
     </span>
    </p>
   </div>
   <div class='ocr_carea' id='block_1_53' title="bbox 1981 2611 3459 2697">
    <p class='ocr_par' dir='ltr' id='par_1_53' title="bbox 1981 2611 3459 2697">
     <span class='ocr_line' id='line_1_53' title="bbox 1981 2611 3459 2697; baseline -0.007 -7"><span class='ocrx_word' id='word_1_377' title='bbox 1981 2634 2274 2697; x_wconf 86' lang='lat' dir='ltr'><strong>allocutus,</strong></span> <span class='ocrx_word' id='word_1_378' title='bbox 2310 2642 2365 2687; x_wconf 90' lang='lat' dir='ltr'><strong>et</strong></span> <span class='ocrx_word' id='word_1_379' title='bbox 2399 2631 2565 2686; x_wconf 88' lang='lat' dir='ltr'><strong>futuri</strong></span> <span class='ocrx_word' id='word_1_380' title='bbox 2600 2645 2686 2685; x_wconf 90' lang='lat' dir='ltr'><strong>me</strong></span> <span class='ocrx_word' id='word_1_381' title='bbox 2719 2629 3037 2686; x_wconf 84' lang='lat' dir='ltr'><strong>sollicitavit</strong></span> <span class='ocrx_word' id='word_1_382' title='bbox 3069 2627 3423 2684; x_wconf 88' lang='lat' dir='ltr'><strong>desiderium.</strong></span> <span class='ocrx_word' id='word_1_383' title='bbox 3455 2611 3459 2615; x_wconf 48' lang='grc'>’</span> 
     </span>
    </p>
   </div>
   <div class='ocr_carea' id='block_1_54' title="bbox 2521 2719 3016 2779">
    <p class='ocr_par' dir='ltr' id='par_1_54' title="bbox 2521 2719 3016 2779">
     <span class='ocr_line' id='line_1_54' title="bbox 2521 2719 3016 2779; baseline -0.008 -1"><span class='ocrx_word' id='word_1_384' title='bbox 2521 2720 2758 2779; x_wconf 79' lang='lat' dir='ltr'><strong>XXVIII.</strong></span> <span class='ocrx_word' id='word_1_385' title='bbox 2791 2719 3016 2776; x_wconf 87' lang='lat' dir='ltr'><strong>ULPIO.</strong></span> 
     </span>
    </p>
   </div>
   <div class='ocr_carea' id='block_1_55' title="bbox 2054 2812 3567 2887">
    <p class='ocr_par' dir='ltr' id='par_1_55' title="bbox 2054 2812 3567 2887">
     <span class='ocr_line' id='line_1_55' title="bbox 2054 2812 3567 2887; baseline -0.007 -13"><span class='ocrx_word' id='word_1_386' title='bbox 2054 2818 2354 2875; x_wconf 80' lang='lat' dir='ltr'><strong>Mirabilem</strong></span> <span class='ocrx_word' id='word_1_387' title='bbox 2404 2817 2723 2887; x_wconf 86' lang='lat' dir='ltr'><strong>slrategium</strong></span> <span class='ocrx_word' id='word_1_388' title='bbox 2753 2823 2810 2870; x_wconf 91' lang='lat' dir='ltr'><strong>et</strong></span> <span class='ocrx_word' id='word_1_389' title='bbox 2838 2825 2998 2868; x_wconf 89' lang='lat' dir='ltr'><strong>antea</strong></span> <span class='ocrx_word' id='word_1_390' title='bbox 3021 2812 3132 2881; x_wconf 73' lang='lat' dir='ltr'><strong>lam</strong></span> <span class='ocrx_word' id='word_1_391' title='bbox 3175 2827 3387 2876; x_wconf 91' lang='lat' dir='ltr'><strong>amans,</strong></span> <span class='ocrx_word' id='word_1_392' title='bbox 3423 2825 3567 2865; x_wconf 89' lang='lat' dir='ltr'><strong>nunc</strong></span> 
     </span>
    </p>
   </div>
   <div class='ocr_carea' id='block_1_56' title="bbox 1982 2901 3562 2978">
    <p class='ocr_par' dir='ltr' id='par_1_56' title="bbox 1982 2901 3562 2978">
     <span class='ocr_line' id='line_1_56' title="bbox 1982 2901 3562 2978; baseline -0.009 -10"><span class='ocrx_word' id='word_1_393' title='bbox 1982 2923 2036 2968; x_wconf 89' lang='lat' dir='ltr'><strong>et</strong></span> <span class='ocrx_word' id='word_1_394' title='bbox 2087 2912 2262 2966; x_wconf 90' lang='lat' dir='ltr'><strong>adhuc</strong></span> <span class='ocrx_word' id='word_1_395' title='bbox 2306 2908 2477 2978; x_wconf 78' lang='lat' dir='ltr'><strong>magis</strong></span> <span class='ocrx_word' id='word_1_396' title='bbox 2517 2907 2705 2976; x_wconf 87' lang='lat' dir='ltr'><strong>diligo,</strong></span> <span class='ocrx_word' id='word_1_397' title='bbox 2766 2905 2892 2974; x_wconf 86' lang='lat' dir='ltr'><strong>quia</strong></span> <span class='ocrx_word' id='word_1_398' title='bbox 2948 2904 3104 2958; x_wconf 90' lang='lat' dir='ltr'><strong>nobis</strong></span> <span class='ocrx_word' id='word_1_399' title='bbox 3144 2902 3210 2956; x_wconf 90' lang='lat' dir='ltr'><strong>ad</strong></span> <span class='ocrx_word' id='word_1_400' title='bbox 3250 2901 3485 2957; x_wconf 90' lang='lat' dir='ltr'><strong>invicem</strong></span> <span class='ocrx_word' id='word_1_401' title='bbox 3531 2915 3562 2953; x_wconf 92' lang='lat' dir='ltr'><strong>a</strong></span> 
     </span>
    </p>
   </div>
   <div class='ocr_carea' id='block_1_57' title="bbox 1985 2992 3560 3068">
    <p class='ocr_par' dir='ltr' id='par_1_57' title="bbox 1985 2992 3560 3068">
     <span class='ocr_line' id='line_1_57' title="bbox 1985 2992 3560 3068; baseline -0.008 -10"><span class='ocrx_word' id='word_1_402' title='bbox 1985 3005 2180 3059; x_wconf 88' lang='lat' dir='ltr'><strong>litteris</strong></span> <span class='ocrx_word' id='word_1_403' title='bbox 2207 3010 2393 3056; x_wconf 80' lang='lat' dir='ltr'><strong>exorta</strong></span> <span class='ocrx_word' id='word_1_404' title='bbox 2422 3008 2504 3056; x_wconf 87' lang='lat' dir='ltr'><strong>est</strong></span> <span class='ocrx_word' id='word_1_405' title='bbox 2536 3000 2755 3053; x_wconf 82' lang='lat' dir='ltr'><strong>occasio</strong></span> <span class='ocrx_word' id='word_1_406' title='bbox 2790 3016 2802 3051; x_wconf 92' lang='lat'>:</span> <span class='ocrx_word' id='word_1_407' title='bbox 2844 2997 3077 3068; x_wconf 82' lang='lat' dir='ltr'><strong>primum</strong></span> <span class='ocrx_word' id='word_1_408' title='bbox 3106 2994 3252 3048; x_wconf 90' lang='lat' dir='ltr'><strong>enim</strong></span> <span class='ocrx_word' id='word_1_409' title='bbox 3283 2992 3560 3048; x_wconf 88' lang='lat' dir='ltr'><strong>silentium</strong></span> 
     </span>
    </p>
   </div>
   <div class='ocr_carea' id='block_1_58' title="bbox 1985 3084 3568 3167">
    <p class='ocr_par' dir='ltr' id='par_1_58' title="bbox 1985 3084 3568 3167">
     <span class='ocr_line' id='line_1_58' title="bbox 1985 3084 3568 3167; baseline -0.011 -14"><span class='ocrx_word' id='word_1_410' title='bbox 1985 3091 2311 3167; x_wconf 81' lang='lat' dir='ltr'><strong>abrumpens</strong></span> <span class='ocrx_word' id='word_1_411' title='bbox 2375 3094 2591 3149; x_wconf 85' lang='lat' dir='ltr'><strong>tradidit</strong></span> <span class='ocrx_word' id='word_1_412' title='bbox 2673 3090 2826 3145; x_wconf 87' lang='lat' dir='ltr'><strong>nobis</strong></span> <span class='ocrx_word' id='word_1_413' title='bbox 2896 3090 3036 3143; x_wconf 87' lang='lat' dir='ltr'><strong>viam</strong></span> <span class='ocrx_word' id='word_1_414' title='bbox 3088 3087 3288 3156; x_wconf 90' lang='lat' dir='ltr'><strong>aliquid</strong></span> <span class='ocrx_word' id='word_1_415' title='bbox 3338 3085 3432 3140; x_wconf 90' lang='lat' dir='ltr'><strong>tibi</strong></span> <span class='ocrx_word' id='word_1_416' title='bbox 3484 3084 3568 3138; x_wconf 59' lang='lat' dir='ltr'><strong>di.</strong></span> 
     </span>
    </p>
   </div>
   <div class='ocr_carea' id='block_1_59' title="bbox 291 3172 1883 3260">
    <p class='ocr_par' dir='ltr' id='par_1_59' title="bbox 291 3175 1870 3246">
     <span class='ocr_line' id='line_1_59' title="bbox 291 3175 1870 3246; baseline 0.003 -20"><span class='ocrx_word' id='word_1_417' title='bbox 291 3177 470 3228; x_wconf 83' lang='grc' dir='ltr'>εἰπεῖν</span> <span class='ocrx_word' id='word_1_418' title='bbox 503 3193 554 3226; x_wconf 91' lang='grc' dir='ltr'><strong>τι</strong></span> <span class='ocrx_word' id='word_1_419' title='bbox 589 3175 724 3243; x_wconf 83' lang='grc' dir='ltr'>πρὸς</span> <span class='ocrx_word' id='word_1_420' title='bbox 751 3176 840 3228; x_wconf 79' lang='grc' dir='ltr'>σέ·</span> <span class='ocrx_word' id='word_1_421' title='bbox 869 3177 964 3229; x_wconf 73' lang='grc' dir='ltr'><strong>καὶ</strong></span> <span class='ocrx_word' id='word_1_422' title='bbox 999 3175 1374 3246; x_wconf 75' lang='grc' dir='ltr'>φθεγγομένου</span> <span class='ocrx_word' id='word_1_423' title='bbox 1407 3175 1569 3229; x_wconf 89' lang='grc' dir='ltr'>πάλιν</span> <span class='ocrx_word' id='word_1_424' title='bbox 1609 3176 1870 3238; x_wconf 83' lang='grc' dir='ltr'>ἀκούσας.</span> 
     </span>
    </p>
   </div>
   <div class='ocr_carea' id='block_1_60' title="bbox 1987 3172 3572 3260">
    <p class='ocr_par' dir='ltr' id='par_1_60' title="bbox 1987 3172 3572 3256">
     <span class='ocr_line' id='line_1_60' title="bbox 1987 3172 3572 3256; baseline -0.007 -13"><span class='ocrx_word' id='word_1_425' title='bbox 1987 3188 2180 3244; x_wconf 88' lang='lat' dir='ltr'><strong>cendi:</strong></span> <span class='ocrx_word' id='word_1_426' title='bbox 2224 3195 2278 3242; x_wconf 86' lang='lat' dir='ltr'><strong>et</strong></span> <span class='ocrx_word' id='word_1_427' title='bbox 2312 3187 2624 3256; x_wconf 83' lang='lat' dir='ltr'><strong>loquentem</strong></span> <span class='ocrx_word' id='word_1_428' title='bbox 2655 3184 2772 3238; x_wconf 90' lang='lat' dir='ltr'><strong>vice</strong></span> <span class='ocrx_word' id='word_1_429' title='bbox 2813 3192 2903 3236; x_wconf 90' lang='lat' dir='ltr'><strong>tua</strong></span> <span class='ocrx_word' id='word_1_430' title='bbox 2939 3180 3139 3234; x_wconf 90' lang='lat' dir='ltr'><strong>amlisti</strong></span> <span class='ocrx_word' id='word_1_431' title='bbox 3169 3196 3184 3232; x_wconf 85' lang='lat'><strong>:</strong></span> <span class='ocrx_word' id='word_1_432' title='bbox 3238 3178 3283 3232; x_wconf 89' lang='lat' dir='ltr'><strong>si</strong></span> <span class='ocrx_word' id='word_1_433' title='bbox 3316 3191 3445 3233; x_wconf 87' lang='lat' dir='ltr'><strong>vero</strong></span> <span class='ocrx_word' id='word_1_434' title='bbox 3472 3172 3572 3232; x_wconf 87' lang='lat' dir='ltr'><strong>tibi</strong></span> 
     </span>
    </p>
   </div>
   <div class='ocr_carea' id='block_1_61' title="bbox 293 3267 1880 3340">
    <p class='ocr_par' dir='ltr' id='par_1_61' title="bbox 293 3267 1880 3340">
     <span class='ocr_line' id='line_1_61' title="bbox 293 3267 1880 3340; baseline -0.001 -19"><span class='ocrx_word' id='word_1_435' title='bbox 293 3270 357 3321; x_wconf 79' lang='grc' dir='ltr'><strong>1·Ξὶ</strong></span> <span class='ocrx_word' id='word_1_436' title='bbox 385 3269 443 3322; x_wconf 80' lang='grc' dir='ltr'>δὲ</span> <span class='ocrx_word' id='word_1_437' title='bbox 471 3270 565 3322; x_wconf 77' lang='grc' dir='ltr'>καὶ</span> <span class='ocrx_word' id='word_1_438' title='bbox 606 3272 689 3320; x_wconf 74' lang='grc' dir='ltr'>σοὶ</span> <span class='ocrx_word' id='word_1_439' title='bbox 734 3268 858 3322; x_wconf 78' lang='grc' dir='ltr'>καθ’</span> <span class='ocrx_word' id='word_1_440' title='bbox 911 3268 1104 3339; x_wconf 70' lang='grc' dir='ltr'>ἡδονὴν</span> <span class='ocrx_word' id='word_1_441' title='bbox 1126 3267 1193 3322; x_wconf 66' lang='grc' dir='ltr'><strong>τὰ</strong></span> <span class='ocrx_word' id='word_1_442' title='bbox 1247 3268 1493 3340; x_wconf 78' lang='grc' dir='ltr'>ἡμέτερα</span> <span class='ocrx_word' id='word_1_443' title='bbox 1543 3267 1880 3340; x_wconf 81' lang='grc' dir='ltr'>γράμματα,</span> 
     </span>
    </p>
   </div>
   <div class='ocr_carea' id='block_1_62' title="bbox 291 3360 1886 3433">
    <p class='ocr_par' dir='ltr' id='par_1_62' title="bbox 291 3360 1886 3433">
     <span class='ocr_line' id='line_1_62' title="bbox 291 3360 1886 3433; baseline -0.001 -19"><span class='ocrx_word' id='word_1_444' title='bbox 291 3362 431 3429; x_wconf 85' lang='grc' dir='ltr'>τίμα</span> <span class='ocrx_word' id='word_1_445' title='bbox 463 3362 520 3414; x_wconf 81' lang='grc' dir='ltr'>δὲ</span> <span class='ocrx_word' id='word_1_446' title='bbox 561 3362 765 3414; x_wconf 82' lang='grc' dir='ltr'>τούτων</span> <span class='ocrx_word' id='word_1_447' title='bbox 833 3361 932 3433; x_wconf 84' lang='grc' dir='ltr'><strong>τὴν</strong></span> <span class='ocrx_word' id='word_1_448' title='bbox 977 3361 1179 3424; x_wconf 75' lang='grc' dir='ltr'>αἰτίαν,</span> <span class='ocrx_word' id='word_1_449' title='bbox 1231 3361 1333 3432; x_wconf 71' lang='grc' dir='ltr'>ἤδη</span> <span class='ocrx_word' id='word_1_450' title='bbox 1386 3360 1486 3430; x_wconf 85' lang='grc' dir='ltr'><strong>μὲν</strong></span> <span class='ocrx_word' id='word_1_451' title='bbox 1533 3361 1661 3432; x_wconf 80' lang='grc' dir='ltr'>ὑμῖν</span> <span class='ocrx_word' id='word_1_452' title='bbox 1726 3360 1886 3430; x_wconf 87' lang='grc' dir='ltr'>χάριν</span> 
     </span>
    </p>
   </div>
   <div class='ocr_carea' id='block_1_63' title="bbox 295 3451 1886 3524">
    <p class='ocr_par' dir='ltr' id='par_1_63' title="bbox 295 3451 1886 3524">
     <span class='ocr_line' id='line_1_63' title="bbox 295 3451 1886 3524; baseline 0 -18"><span class='ocrx_word' id='word_1_453' title='bbox 295 3453 664 3522; x_wconf 81' lang='grc' dir='ltr'>ὁμολογοῦντα</span> <span class='ocrx_word' id='word_1_454' title='bbox 711 3456 810 3522; x_wconf 82' lang='grc' dir='ltr'>τῆς</span> <span class='ocrx_word' id='word_1_455' title='bbox 863 3453 1245 3524; x_wconf 79' lang='grc' dir='ltr'>προλαϐούσης</span> <span class='ocrx_word' id='word_1_456' title='bbox 1283 3452 1555 3524; x_wconf 83' lang='grc' dir='ltr'>σπουδῆς,</span> <span class='ocrx_word' id='word_1_457' title='bbox 1588 3452 1792 3522; x_wconf 80' lang='grc' dir='ltr'>μᾶλλον</span> <span class='ocrx_word' id='word_1_458' title='bbox 1829 3451 1886 3506; x_wconf 80' lang='grc' dir='ltr'>δὲ</span> 
     </span>
    </p>
   </div>
   <div class='ocr_carea' id='block_1_64' title="bbox 294 3547 1886 3621">
    <p class='ocr_par' dir='ltr' id='par_1_64' title="bbox 294 3547 1886 3621">
     <span class='ocr_line' id='line_1_64' title="bbox 294 3547 1886 3621; baseline -0.001 -20"><span class='ocrx_word' id='word_1_459' title='bbox 294 3548 615 3619; x_wconf 76' lang='grc' dir='ltr'>κηρύξαντα</span> <span class='ocrx_word' id='word_1_460' title='bbox 653 3551 754 3618; x_wconf 78' lang='grc' dir='ltr'><strong>τὴν</strong></span> <span class='ocrx_word' id='word_1_461' title='bbox 810 3550 1223 3621; x_wconf 77' lang='grc' dir='ltr'>εὐεργεσίαν,εί</span> <span class='ocrx_word' id='word_1_462' title='bbox 1269 3551 1406 3619; x_wconf 84' lang='grc' dir='ltr'>πρὸς</span> <span class='ocrx_word' id='word_1_463' title='bbox 1463 3548 1618 3612; x_wconf 83' lang='grc' dir='ltr'>τέλος</span> <span class='ocrx_word' id='word_1_464' title='bbox 1671 3547 1886 3616; x_wconf 78' lang='grc' dir='ltr'>ἐνέγκοι</span> 
     </span>
    </p>
   </div>
   <div class='ocr_carea' id='block_1_65' title="bbox 295 3639 1888 3713">
    <p class='ocr_par' dir='ltr' id='par_1_65' title="bbox 295 3639 1888 3713">
     <span class='ocr_line' id='line_1_65' title="bbox 295 3639 1888 3713; baseline -0.001 -19"><span class='ocrx_word' id='word_1_465' title='bbox 295 3645 398 3713; x_wconf 76' lang='grc' dir='ltr'>τὴν</span> <span class='ocrx_word' id='word_1_466' title='bbox 458 3644 658 3713; x_wconf 58' lang='grc' dir='ltr'>χάριν</span> <span class='ocrx_word' id='word_1_467' title='bbox 717 3643 830 3696; x_wconf 84' lang='grc' dir='ltr'>ἀλλ’</span> <span class='ocrx_word' id='word_1_468' title='bbox 888 3643 1152 3708; x_wconf 78' lang='grc' dir='ltr'>ὲπίδειξαί</span> <span class='ocrx_word' id='word_1_469' title='bbox 1188 3660 1239 3696; x_wconf 85' lang='grc' dir='ltr'><strong>τι</strong></span> <span class='ocrx_word' id='word_1_470' title='bbox 1283 3642 1530 3695; x_wconf 79' lang='grc' dir='ltr'>νεανικὸν</span> <span class='ocrx_word' id='word_1_471' title='bbox 1585 3640 1729 3694; x_wconf 85' lang='grc' dir='ltr'>κατὰ</span> <span class='ocrx_word' id='word_1_472' title='bbox 1777 3639 1888 3692; x_wconf 84' lang='grc' dir='ltr'>τῶν</span> 
     </span>
    </p>
   </div>
   <div class='ocr_carea' id='block_1_66' title="bbox 295 3733 1888 3804">
    <p class='ocr_par' dir='ltr' id='par_1_66' title="bbox 295 3733 1888 3804">
     <span class='ocr_line' id='line_1_66' title="bbox 295 3733 1888 3804; baseline -0.001 -16"><span class='ocrx_word' id='word_1_473' title='bbox 295 3736 648 3800; x_wconf 83' lang='grc' dir='ltr'>ἀδικούντων,</span> <span class='ocrx_word' id='word_1_474' title='bbox 697 3738 846 3800; x_wconf 82' lang='grc' dir='ltr'>ὅπως</span> <span class='ocrx_word' id='word_1_475' title='bbox 877 3737 943 3790; x_wconf 81' lang='grc' dir='ltr'><strong>ἂν</strong></span> <span class='ocrx_word' id='word_1_476' title='bbox 989 3736 1274 3789; x_wconf 70' lang='grc' dir='ltr'>αἴσθοιντο</span> <span class='ocrx_word' id='word_1_477' title='bbox 1312 3737 1538 3802; x_wconf 86' lang='grc' dir='ltr'>πάντες,</span> <span class='ocrx_word' id='word_1_478' title='bbox 1580 3735 1725 3798; x_wconf 84' lang='grc' dir='ltr'>οἴους</span> <span class='ocrx_word' id='word_1_479' title='bbox 1779 3733 1888 3804; x_wconf 82' lang='grc' dir='ltr'>ἄρα</span> 
     </span>
    </p>
   </div>
   <div class='ocr_carea' id='block_1_67' title="bbox 295 3825 1893 3899">
    <p class='ocr_par' dir='ltr' id='par_1_67' title="bbox 295 3825 1893 3899">
     <span class='ocr_line' id='line_1_67' title="bbox 295 3825 1893 3899; baseline -0.003 -18"><span class='ocrx_word' id='word_1_480' title='bbox 295 3832 425 3892; x_wconf 68' lang='grc' dir='ltr'>τοὺς</span> <span class='ocrx_word' id='word_1_481' title='bbox 466 3828 652 3897; x_wconf 86' lang='grc' dir='ltr'>φίλους</span> <span class='ocrx_word' id='word_1_482' title='bbox 683 3828 822 3899; x_wconf 77' lang='grc' dir='ltr'>ἔχων</span> <span class='ocrx_word' id='word_1_483' title='bbox 853 3829 1173 3882; x_wconf 68' lang='grc' dir='ltr'>ἐλάνθανον*</span> <span class='ocrx_word' id='word_1_484' title='bbox 1203 3828 1293 3880; x_wconf 72' lang='grc' dir='ltr'>τὸν</span> <span class='ocrx_word' id='word_1_485' title='bbox 1317 3827 1374 3880; x_wconf 82' lang='grc' dir='ltr'><strong>δὲ</strong></span> <span class='ocrx_word' id='word_1_486' title='bbox 1433 3826 1697 3896; x_wconf 82' lang='grc' dir='ltr'>ὑμέτερον</span> <span class='ocrx_word' id='word_1_487' title='bbox 1746 3825 1893 3878; x_wconf 84' lang='grc' dir='ltr'>ἀδελ-</span> 
     </span>
    </p>
   </div>
   <div class='ocr_carea' id='block_1_68' title="bbox 297 3915 1890 3991">
    <p class='ocr_par' dir='ltr' id='par_1_68' title="bbox 297 3915 1890 3991">
     <span class='ocr_line' id='line_1_68' title="bbox 297 3915 1890 3991; baseline -0.003 -17"><span class='ocrx_word' id='word_1_488' title='bbox 297 3922 402 3991; x_wconf 76' lang='grc' dir='ltr'>φὸν</span> <span class='ocrx_word' id='word_1_489' title='bbox 465 3922 560 3973; x_wconf 77' lang='grc' dir='ltr'><strong>καὶ</strong></span> <span class='ocrx_word' id='word_1_490' title='bbox 611 3921 740 3991; x_wconf 69' lang='grc' dir='ltr'>πρὶν</span> <span class='ocrx_word' id='word_1_491' title='bbox 769 3921 868 3990; x_wconf 83' lang='grc' dir='ltr'>μὲν</span> <span class='ocrx_word' id='word_1_492' title='bbox 918 3921 1047 3973; x_wconf 75' lang='grc' dir='ltr'>ἰδεῖν</span> <span class='ocrx_word' id='word_1_493' title='bbox 1097 3919 1455 3990; x_wconf 75' lang='grc' dir='ltr'>ἠπιστάμηνο</span> <span class='ocrx_word' id='word_1_494' title='bbox 1486 3917 1752 3988; x_wconf 77' lang='grc' dir='ltr'>ἐγνώρισε</span> <span class='ocrx_word' id='word_1_495' title='bbox 1779 3915 1890 3987; x_wconf 86' lang='grc' dir='ltr'><strong>γάρ</strong></span> 
     </span>
    </p>
   </div>
   <div class='ocr_carea' id='block_1_69' title="bbox 301 4008 1891 4084">
    <p class='ocr_par' dir='ltr' id='par_1_69' title="bbox 301 4008 1891 4084">
     <span class='ocr_line' id='line_1_69' title="bbox 301 4008 1891 4084; baseline -0.002 -19"><span class='ocrx_word' id='word_1_496' title='bbox 301 4030 395 4084; x_wconf 84' lang='grc' dir='ltr'><strong>μοι</strong></span> <span class='ocrx_word' id='word_1_497' title='bbox 425 4013 616 4066; x_wconf 86' lang='grc' dir='ltr'>τοῦτον</span> <span class='ocrx_word' id='word_1_498' title='bbox 654 4011 916 4076; x_wconf 85' lang='grc' dir='ltr'>πολλάκις</span> <span class='ocrx_word' id='word_1_499' title='bbox 945 4015 978 4083; x_wconf 82' lang='grc' dir='ltr'><strong>ἡ</strong></span> <span class='ocrx_word' id='word_1_500' title='bbox 1009 4013 1167 4083; x_wconf 84' lang='grc' dir='ltr'>φήμη</span> <span class='ocrx_word' id='word_1_501' title='bbox 1192 4029 1206 4044; x_wconf 79' lang='grc' dir='ltr'><strong>ο</strong></span> <span class='ocrx_word' id='word_1_502' title='bbox 1244 4012 1366 4067; x_wconf 75' lang='grc' dir='ltr'>νυνὶ</span> <span class='ocrx_word' id='word_1_503' title='bbox 1397 4009 1455 4064; x_wconf 83' lang='grc' dir='ltr'><strong>δὲ</strong></span> <span class='ocrx_word' id='word_1_504' title='bbox 1499 4011 1701 4080; x_wconf 78' lang='grc' dir='ltr'>μᾶλλον</span> <span class='ocrx_word' id='word_1_505' title='bbox 1728 4008 1891 4062; x_wconf 83' lang='grc' dir='ltr'>ἐθαύ·</span> 
     </span>
    </p>
   </div>
   <div class='ocr_carea' id='block_1_70' title="bbox 302 4099 1891 4174">
    <p class='ocr_par' dir='ltr' id='par_1_70' title="bbox 302 4099 1891 4174">
     <span class='ocr_line' id='line_1_70' title="bbox 302 4099 1891 4174; baseline 0.001 -20"><span class='ocrx_word' id='word_1_506' title='bbox 302 4119 454 4173; x_wconf 84' lang='grc' dir='ltr'>μασα</span> <span class='ocrx_word' id='word_1_507' title='bbox 483 4105 550 4173; x_wconf 83' lang='grc' dir='ltr'>τῇ</span> <span class='ocrx_word' id='word_1_508' title='bbox 579 4102 749 4174; x_wconf 80' lang='grc' dir='ltr'>πείρᾳ</span> <span class='ocrx_word' id='word_1_509' title='bbox 794 4101 980 4174; x_wconf 82' lang='grc' dir='ltr'>μαθών</span> <span class='ocrx_word' id='word_1_510' title='bbox 1005 4119 1018 4134; x_wconf 87' lang='grc'><strong>·</strong></span> <span class='ocrx_word' id='word_1_511' title='bbox 1045 4102 1320 4156; x_wconf 74' lang='grc' dir='ltr'>καὶτοῦτο</span> <span class='ocrx_word' id='word_1_512' title='bbox 1345 4102 1469 4155; x_wconf 77' lang='grc' dir='ltr'>ἰδών</span> <span class='ocrx_word' id='word_1_513' title='bbox 1510 4118 1568 4153; x_wconf 90' lang='grc' dir='ltr'><strong>σε</strong></span> <span class='ocrx_word' id='word_1_514' title='bbox 1601 4101 1669 4153; x_wconf 90' lang='grc' dir='ltr'>δι’</span> <span class='ocrx_word' id='word_1_515' title='bbox 1699 4099 1891 4172; x_wconf 79' lang='grc' dir='ltr'>ἐτέρου</span> 
     </span>
    </p>
   </div>
   <div class='ocr_carea' id='block_1_71' title="bbox 300 4193 1890 4267">
    <p class='ocr_par' dir='ltr' id='par_1_71' title="bbox 300 4193 1890 4267">
     <span class='ocr_line' id='line_1_71' title="bbox 300 4193 1890 4267; baseline 0.001 -20"><span class='ocrx_word' id='word_1_516' title='bbox 300 4195 557 4266; x_wconf 84' lang='grc' dir='ltr'>σώματος</span> <span class='ocrx_word' id='word_1_517' title='bbox 623 4195 768 4267; x_wconf 78' lang='grc' dir='ltr'>ἔχειν</span> <span class='ocrx_word' id='word_1_518' title='bbox 827 4195 1238 4267; x_wconf 73' lang='grc' dir='ltr'>ἡγούμηνοκαὶ</span> <span class='ocrx_word' id='word_1_519' title='bbox 1307 4195 1528 4265; x_wconf 78' lang='grc' dir='ltr'>μακρὰν</span> <span class='ocrx_word' id='word_1_520' title='bbox 1592 4193 1772 4261; x_wconf 80' lang='grc' dir='ltr'>ἀπὼν,</span> <span class='ocrx_word' id='word_1_521' title='bbox 1821 4194 1890 4248; x_wconf 89' lang='grc' dir='ltr'>δι’</span> 
     </span>
    </p>
   </div>
   <div class='ocr_carea' id='block_1_72' title="bbox 299 4287 1420 4360">
    <p class='ocr_par' dir='ltr' id='par_1_72' title="bbox 299 4287 1420 4360">
     <span class='ocr_line' id='line_1_72' title="bbox 299 4287 1420 4360; baseline 0.001 -19"><span class='ocrx_word' id='word_1_522' title='bbox 299 4287 469 4359; x_wconf 70' lang='grc' dir='ltr'>ἄλλης</span> <span class='ocrx_word' id='word_1_523' title='bbox 499 4289 634 4360; x_wconf 81' lang='grc' dir='ltr'>ἡμῖν</span> <span class='ocrx_word' id='word_1_524' title='bbox 663 4290 872 4354; x_wconf 72' lang='grc' dir='ltr'>εἰκόνος</span> <span class='ocrx_word' id='word_1_525' title='bbox 897 4288 1104 4352; x_wconf 83' lang='grc' dir='ltr'>ἐδόκεις</span> <span class='ocrx_word' id='word_1_526' title='bbox 1136 4291 1420 4360; x_wconf 88' lang='grc' dir='ltr'>παρεῖναι.</span> 
     </span>
    </p>
   </div>
   <div class='ocr_carea' id='block_1_73' title="bbox 867 4476 1339 4548">
    <p class='ocr_par' dir='ltr' id='par_1_73' title="bbox 867 4476 1339 4548">
     <span class='ocr_line' id='line_1_73' title="bbox 867 4476 1339 4548; baseline 0.008 -20"><span class='ocrx_word' id='word_1_527' title='bbox 867 4476 994 4530; x_wconf 70' lang='lat' dir='ltr'><strong>tte.</strong></span> <span class='ocrx_word' id='word_1_528' title='bbox 1031 4476 1339 4548; x_wconf 81' lang='grc' dir='ltr'><strong>ΣΩΣΙΑΝῼ.</strong></span> 
     </span>
    </p>
   </div>
   <div class='ocr_carea' id='block_1_74' title="bbox 1989 3268 3570 3352">
    <p class='ocr_par' dir='ltr' id='par_1_74' title="bbox 1989 3268 3570 3352">
     <span class='ocr_line' id='line_1_74' title="bbox 1989 3268 3570 3352; baseline -0.008 -17"><span class='ocrx_word' id='word_1_529' title='bbox 1989 3280 2243 3352; x_wconf 85' lang='lat' dir='ltr'><strong>voluptati</strong></span> <span class='ocrx_word' id='word_1_530' title='bbox 2303 3279 2503 3334; x_wconf 88' lang='lat' dir='ltr'><strong>fuerint</strong></span> <span class='ocrx_word' id='word_1_531' title='bbox 2549 3289 2745 3332; x_wconf 72' lang='lat' dir='ltr'><strong>nostra:</strong></span> <span class='ocrx_word' id='word_1_532' title='bbox 2800 3275 3015 3340; x_wconf 62' lang='lat' dir='ltr'><strong>litterae,</strong></span> <span class='ocrx_word' id='word_1_533' title='bbox 3051 3271 3400 3328; x_wconf 86' lang='lat' dir='ltr'><strong>observantia</strong></span> <span class='ocrx_word' id='word_1_534' title='bbox 3451 3268 3570 3324; x_wconf 88' lang='lat' dir='ltr'><strong>cole</strong></span> 
     </span>
    </p>
   </div>
   <div class='ocr_carea' id='block_1_75' title="bbox 1989 3360 3570 3441">
    <p class='ocr_par' dir='ltr' id='par_1_75' title="bbox 1989 3360 3570 3441">
     <span class='ocr_line' id='line_1_75' title="bbox 1989 3360 3570 3441; baseline -0.009 -12"><span class='ocrx_word' id='word_1_535' title='bbox 1989 3376 2201 3429; x_wconf 85' lang='lat' dir='ltr'><strong>illarum</strong></span> <span class='ocrx_word' id='word_1_536' title='bbox 2235 3387 2481 3435; x_wconf 86' lang='lat' dir='ltr'><strong>causam,</strong></span> <span class='ocrx_word' id='word_1_537' title='bbox 2525 3370 2636 3441; x_wconf 86' lang='lat' dir='ltr'><strong>jam</strong></span> <span class='ocrx_word' id='word_1_538' title='bbox 2679 3369 2897 3440; x_wconf 91' lang='lat' dir='ltr'><strong>quidem</strong></span> <span class='ocrx_word' id='word_1_539' title='bbox 2948 3366 3104 3421; x_wconf 88' lang='lat' dir='ltr'><strong>vobis</strong></span> <span class='ocrx_word' id='word_1_540' title='bbox 3132 3364 3362 3436; x_wconf 83' lang='lat' dir='ltr'><strong>gratiam</strong></span> <span class='ocrx_word' id='word_1_541' title='bbox 3405 3360 3570 3432; x_wconf 83' lang='lat' dir='ltr'><strong>proli-</strong></span> 
     </span>
    </p>
   </div>
   <div class='ocr_carea' id='block_1_76' title="bbox 1992 3457 3568 3536">
    <p class='ocr_par' dir='ltr' id='par_1_76' title="bbox 1992 3457 3568 3536">
     <span class='ocr_line' id='line_1_76' title="bbox 1992 3457 3568 3536; baseline -0.01 -14"><span class='ocrx_word' id='word_1_542' title='bbox 1992 3477 2190 3522; x_wconf 90' lang='lat' dir='ltr'><strong>tentem</strong></span> <span class='ocrx_word' id='word_1_543' title='bbox 2232 3463 2611 3536; x_wconf 62' lang='lat' dir='ltr'><strong>praevenientis</strong></span> <span class='ocrx_word' id='word_1_544' title='bbox 2655 3461 2854 3526; x_wconf 89' lang='lat' dir='ltr'><strong>studii,</strong></span> <span class='ocrx_word' id='word_1_545' title='bbox 2905 3457 3076 3529; x_wconf 87' lang='lat' dir='ltr'><strong>magis</strong></span> <span class='ocrx_word' id='word_1_546' title='bbox 3119 3465 3298 3512; x_wconf 87' lang='lat' dir='ltr'><strong>autem</strong></span> <span class='ocrx_word' id='word_1_547' title='bbox 3351 3469 3568 3510; x_wconf 85' lang='lat' dir='ltr'><strong>annun-</strong></span> 
     </span>
    </p>
   </div>
   <div class='ocr_carea' id='block_1_77' title="bbox 1991 3545 3574 3619">
    <p class='ocr_par' dir='ltr' id='par_1_77' title="bbox 1991 3545 3574 3619">
     <span class='ocr_line' id='line_1_77' title="bbox 1991 3545 3574 3619; baseline -0.011 -5"><span class='ocrx_word' id='word_1_548' title='bbox 1991 3561 2214 3614; x_wconf 89' lang='lat' dir='ltr'><strong>tiantem</strong></span> <span class='ocrx_word' id='word_1_549' title='bbox 2262 3554 2699 3619; x_wconf 74' lang='lat' dir='ltr'><strong>beneﬁcentiam,</strong></span> <span class='ocrx_word' id='word_1_550' title='bbox 2741 3551 2807 3606; x_wconf 90' lang='lat' dir='ltr'><strong>ad</strong></span> <span class='ocrx_word' id='word_1_551' title='bbox 2851 3551 3011 3605; x_wconf 84' lang='lat' dir='ltr'><strong>finem</strong></span> <span class='ocrx_word' id='word_1_552' title='bbox 3043 3547 3272 3618; x_wconf 80' lang='lat' dir='ltr'><strong>gratiam</strong></span> <span class='ocrx_word' id='word_1_553' title='bbox 3316 3545 3574 3600; x_wconf 86' lang='lat' dir='ltr'><strong>adductu-</strong></span> 
     </span>
    </p>
   </div>
   <div class='ocr_carea' id='block_1_78' title="bbox 1993 3636 3573 3715">
    <p class='ocr_par' dir='ltr' id='par_1_78' title="bbox 1993 3636 3573 3715">
     <span class='ocr_line' id='line_1_78' title="bbox 1993 3636 3573 3715; baseline -0.011 -9"><span class='ocrx_word' id='word_1_554' title='bbox 1993 3669 2105 3706; x_wconf 88' lang='lat' dir='ltr'><strong>ram</strong></span> <span class='ocrx_word' id='word_1_555' title='bbox 2134 3670 2148 3708; x_wconf 86' lang='lat'><strong>;</strong></span> <span class='ocrx_word' id='word_1_556' title='bbox 2179 3651 2272 3704; x_wconf 88' lang='lat' dir='ltr'><strong>sed</strong></span> <span class='ocrx_word' id='word_1_557' title='bbox 2300 3647 2582 3703; x_wconf 87' lang='lat' dir='ltr'><strong>ostendisti</strong></span> <span class='ocrx_word' id='word_1_558' title='bbox 2614 3643 2818 3715; x_wconf 86' lang='lat' dir='ltr'><strong>aliquid</strong></span> <span class='ocrx_word' id='word_1_559' title='bbox 2858 3642 2996 3697; x_wconf 87' lang='lat' dir='ltr'><strong>forte</strong></span> <span class='ocrx_word' id='word_1_560' title='bbox 3030 3651 3218 3695; x_wconf 87' lang='lat' dir='ltr'><strong>contra</strong></span> <span class='ocrx_word' id='word_1_561' title='bbox 3251 3636 3573 3708; x_wconf 86' lang='lat' dir='ltr'><strong>injnstitiam</strong></span> 
     </span>
    </p>
   </div>
   <div class='ocr_carea' id='block_1_79' title="bbox 1991 3722 3575 3803">
    <p class='ocr_par' dir='ltr' id='par_1_79' title="bbox 1991 3722 3575 3803">
     <span class='ocr_line' id='line_1_79' title="bbox 1991 3722 3575 3803; baseline -0.011 -10"><span class='ocrx_word' id='word_1_562' title='bbox 1991 3739 2417 3803; x_wconf 88' lang='lat' dir='ltr'><strong>conuuittentes,</strong></span> <span class='ocrx_word' id='word_1_563' title='bbox 2457 3745 2516 3789; x_wconf 91' lang='lat' dir='ltr'><strong>ut</strong></span> <span class='ocrx_word' id='word_1_564' title='bbox 2545 3748 2738 3789; x_wconf 87' lang='lat' dir='ltr'><strong>onmes</strong></span> <span class='ocrx_word' id='word_1_565' title='bbox 2773 3733 2975 3785; x_wconf 87' lang='lat' dir='ltr'><strong>scirent</strong></span> <span class='ocrx_word' id='word_1_566' title='bbox 3006 3727 3195 3797; x_wconf 89' lang='lat' dir='ltr'><strong>quales</strong></span> <span class='ocrx_word' id='word_1_567' title='bbox 3243 3724 3446 3780; x_wconf 88' lang='lat' dir='ltr'><strong>inscius</strong></span> <span class='ocrx_word' id='word_1_568' title='bbox 3478 3722 3575 3776; x_wconf 82' lang='lat' dir='ltr'><strong>ha-</strong></span> 
     </span>
    </p>
   </div>
   <div class='ocr_carea' id='block_1_80' title="bbox 1992 3818 3575 3886">
    <p class='ocr_par' dir='ltr' id='par_1_80' title="bbox 1992 3818 3575 3886">
     <span class='ocr_line' id='line_1_80' title="bbox 1992 3818 3575 3886; baseline -0.012 0"><span class='ocrx_word' id='word_1_569' title='bbox 1992 3831 2174 3886; x_wconf 79' lang='lat' dir='ltr'><strong>berem</strong></span> <span class='ocrx_word' id='word_1_570' title='bbox 2223 3830 2468 3884; x_wconf 87' lang='lat' dir='ltr'><strong>amicos:</strong></span> <span class='ocrx_word' id='word_1_571' title='bbox 2524 3833 2766 3881; x_wconf 88' lang='lat' dir='ltr'><strong>vestrum</strong></span> <span class='ocrx_word' id='word_1_572' title='bbox 2819 3834 2997 3876; x_wconf 88' lang='lat' dir='ltr'><strong>autem</strong></span> <span class='ocrx_word' id='word_1_573' title='bbox 3046 3818 3272 3872; x_wconf 78' lang='lat' dir='ltr'><strong>fratrem</strong></span> <span class='ocrx_word' id='word_1_574' title='bbox 3325 3825 3380 3870; x_wconf 90' lang='lat' dir='ltr'><strong>et</strong></span> <span class='ocrx_word' id='word_1_575' title='bbox 3417 3824 3575 3869; x_wconf 89' lang='lat' dir='ltr'><strong>ante-</strong></span> 
     </span>
    </p>
   </div>
   <div class='ocr_carea' id='block_1_81' title="bbox 1992 3906 3580 3994">
    <p class='ocr_par' dir='ltr' id='par_1_81' title="bbox 1992 3906 3580 3994">
     <span class='ocr_line' id='line_1_81' title="bbox 1992 3906 3580 3994; baseline -0.012 -15"><span class='ocrx_word' id='word_1_576' title='bbox 1992 3941 2155 3994; x_wconf 88' lang='lat' dir='ltr'><strong>quam</strong></span> <span class='ocrx_word' id='word_1_577' title='bbox 2215 3925 2360 3978; x_wconf 89' lang='lat' dir='ltr'><strong>lmnc</strong></span> <span class='ocrx_word' id='word_1_578' title='bbox 2428 3921 2670 3976; x_wconf 87' lang='lat' dir='ltr'><strong>viderem</strong></span> <span class='ocrx_word' id='word_1_579' title='bbox 2719 3914 3162 3985; x_wconf 79' lang='lat' dir='ltr'><strong>cognoscebam:</strong></span> <span class='ocrx_word' id='word_1_580' title='bbox 3213 3906 3580 3965; x_wconf 85' lang='lat' dir='ltr'><strong>tuanifestavit</strong></span> 
     </span>
    </p>
   </div>
   <div class='ocr_carea' id='block_1_82' title="bbox 1992 3999 3581 4081">
    <p class='ocr_par' dir='ltr' id='par_1_82' title="bbox 1992 3999 3581 4081">
     <span class='ocr_line' id='line_1_82' title="bbox 1992 3999 3581 4081; baseline -0.011 -9"><span class='ocrx_word' id='word_1_581' title='bbox 1992 4019 2137 4073; x_wconf 88' lang='lat' dir='ltr'><strong>enim</strong></span> <span class='ocrx_word' id='word_1_582' title='bbox 2197 4017 2345 4071; x_wconf 89' lang='lat' dir='ltr'><strong>illunt</strong></span> <span class='ocrx_word' id='word_1_583' title='bbox 2397 4013 2530 4069; x_wconf 86' lang='lat' dir='ltr'><strong>mihi</strong></span> <span class='ocrx_word' id='word_1_584' title='bbox 2581 4027 2722 4081; x_wconf 64' lang='lat' dir='ltr'><strong>saepe</strong></span> <span class='ocrx_word' id='word_1_585' title='bbox 2767 4011 2950 4063; x_wconf 87' lang='lat' dir='ltr'><strong>fama:</strong></span> <span class='ocrx_word' id='word_1_586' title='bbox 3002 4021 3144 4060; x_wconf 90' lang='lat' dir='ltr'><strong>nunc</strong></span> <span class='ocrx_word' id='word_1_587' title='bbox 3193 4010 3373 4058; x_wconf 86' lang='lat' dir='ltr'><strong>autem</strong></span> <span class='ocrx_word' id='word_1_588' title='bbox 3411 3999 3581 4071; x_wconf 87' lang='lat' dir='ltr'><strong>magis</strong></span> 
     </span>
    </p>
   </div>
   <div class='ocr_carea' id='block_1_83' title="bbox 1997 4095 3578 4177">
    <p class='ocr_par' dir='ltr' id='par_1_83' title="bbox 1997 4095 3578 4177">
     <span class='ocr_line' id='line_1_83' title="bbox 1997 4095 3578 4177; baseline -0.013 -11"><span class='ocrx_word' id='word_1_589' title='bbox 1997 4113 2164 4167; x_wconf 90' lang='lat' dir='ltr'><strong>miror</strong></span> <span class='ocrx_word' id='word_1_590' title='bbox 2217 4127 2338 4162; x_wconf 80' lang='lat' dir='ltr'><strong>cum</strong></span> <span class='ocrx_word' id='word_1_591' title='bbox 2386 4105 2720 4177; x_wconf 77' lang='lat' dir='ltr'><strong>experientia</strong></span> <span class='ocrx_word' id='word_1_592' title='bbox 2764 4102 2886 4156; x_wconf 88' lang='lat' dir='ltr'><strong>novi</strong></span> <span class='ocrx_word' id='word_1_593' title='bbox 2923 4117 2940 4155; x_wconf 89' lang='lat'><strong>:</strong></span> <span class='ocrx_word' id='word_1_594' title='bbox 2983 4113 3144 4170; x_wconf 91' lang='lat' dir='ltr'><strong>quam</strong></span> <span class='ocrx_word' id='word_1_595' title='bbox 3177 4095 3368 4150; x_wconf 90' lang='lat' dir='ltr'><strong>videns</strong></span> <span class='ocrx_word' id='word_1_596' title='bbox 3402 4104 3452 4146; x_wconf 90' lang='lat' dir='ltr'><strong>te</strong></span> <span class='ocrx_word' id='word_1_597' title='bbox 3483 4107 3578 4160; x_wconf 88' lang='lat' dir='ltr'><strong>per</strong></span> 
     </span>
    </p>
   </div>
   <div class='ocr_carea' id='block_1_84' title="bbox 1995 4189 3574 4270">
    <p class='ocr_par' dir='ltr' id='par_1_84' title="bbox 1995 4189 3574 4270">
     <span class='ocr_line' id='line_1_84' title="bbox 1995 4189 3574 4270; baseline -0.016 -13"><span class='ocrx_word' id='word_1_598' title='bbox 1995 4204 2225 4259; x_wconf 87' lang='lat' dir='ltr'><strong>alterum</strong></span> <span class='ocrx_word' id='word_1_599' title='bbox 2254 4214 2454 4270; x_wconf 87' lang='lat' dir='ltr'><strong>corpus</strong></span> <span class='ocrx_word' id='word_1_600' title='bbox 2485 4197 2688 4252; x_wconf 89' lang='lat' dir='ltr'><strong>habere</strong></span> <span class='ocrx_word' id='word_1_601' title='bbox 2727 4189 3134 4254; x_wconf 80' lang='lat' dir='ltr'><strong>existimabam,</strong></span> <span class='ocrx_word' id='word_1_602' title='bbox 3181 4197 3236 4240; x_wconf 93' lang='lat' dir='ltr'><strong>et</strong></span> <span class='ocrx_word' id='word_1_603' title='bbox 3267 4196 3574 4255; x_wconf 78' lang='lat' dir='ltr'><strong>quanquam</strong></span> 
     </span>
    </p>
   </div>
   <div class='ocr_carea' id='block_1_85' title="bbox 1996 4272 3579 4364">
    <p class='ocr_par' dir='ltr' id='par_1_85' title="bbox 1996 4272 3579 4364">
     <span class='ocr_line' id='line_1_85' title="bbox 1996 4272 3579 4364; baseline -0.013 -14"><span class='ocrx_word' id='word_1_604' title='bbox 1996 4297 2152 4364; x_wconf 89' lang='lat' dir='ltr'><strong>longe</strong></span> <span class='ocrx_word' id='word_1_605' title='bbox 2174 4295 2343 4357; x_wconf 88' lang='lat' dir='ltr'><strong>absis,</strong></span> <span class='ocrx_word' id='word_1_606' title='bbox 2393 4289 2550 4346; x_wconf 90' lang='lat' dir='ltr'><strong>nobis</strong></span> <span class='ocrx_word' id='word_1_607' title='bbox 2577 4288 2768 4342; x_wconf 89' lang='lat' dir='ltr'><strong>adesse</strong></span> <span class='ocrx_word' id='word_1_608' title='bbox 2803 4299 2901 4355; x_wconf 90' lang='lat' dir='ltr'><strong>per</strong></span> <span class='ocrx_word' id='word_1_609' title='bbox 2951 4281 3111 4336; x_wconf 90' lang='lat' dir='ltr'><strong>aliam</strong></span> <span class='ocrx_word' id='word_1_610' title='bbox 3147 4277 3387 4350; x_wconf 88' lang='lat' dir='ltr'><strong>speciem</strong></span> <span class='ocrx_word' id='word_1_611' title='bbox 3433 4272 3579 4330; x_wconf 87' lang='lat' dir='ltr'><strong>vide-</strong></span> 
     </span>
    </p>
   </div>
   <div class='ocr_carea' id='block_1_86' title="bbox 1996 4384 2166 4440">
    <p class='ocr_par' dir='ltr' id='par_1_86' title="bbox 1996 4384 2166 4440">
     <span class='ocr_line' id='line_1_86' title="bbox 1996 4384 2166 4440; baseline -0.024 0"><span class='ocrx_word' id='word_1_612' title='bbox 1996 4384 2166 4440; x_wconf 80' lang='lat' dir='ltr'><strong>buris.</strong></span> 
     </span>
    </p>
   </div>
   <div class='ocr_carea' id='block_1_87' title="bbox 2514 4459 3061 4520">
    <p class='ocr_par' dir='ltr' id='par_1_87' title="bbox 2514 4459 3061 4520">
     <span class='ocr_line' id='line_1_87' title="bbox 2514 4459 3061 4520; baseline -0.011 0"><span class='ocrx_word' id='word_1_613' title='bbox 2514 4463 2710 4520; x_wconf 78' lang='lat' dir='ltr'><strong>XXIX.</strong></span> <span class='ocrx_word' id='word_1_614' title='bbox 2747 4459 3061 4517; x_wconf 78' lang='lat' dir='ltr'><strong>SOSIANO.</strong></span> 
     </span>
    </p>
   </div>
   <div class='ocr_carea' id='block_1_88' title="bbox 381 4550 1883 4638">
    <p class='ocr_par' dir='ltr' id='par_1_88' title="bbox 381 4564 1883 4638">
     <span class='ocr_line' id='line_1_88' title="bbox 381 4564 1883 4638; baseline -0.001 -17"><span class='ocrx_word' id='word_1_615' title='bbox 381 4569 630 4638; x_wconf 86' lang='grc' dir='ltr'>Ἕπρεπε</span> <span class='ocrx_word' id='word_1_616' title='bbox 687 4566 834 4636; x_wconf 80' lang='grc' dir='ltr'>κάμὲ</span> <span class='ocrx_word' id='word_1_617' title='bbox 888 4565 1216 4637; x_wconf 76' lang='grc' dir='ltr'>θαρροῦντα,</span> <span class='ocrx_word' id='word_1_618' title='bbox 1249 4564 1464 4638; x_wconf 88' lang='grc' dir='ltr'>χαίρειν</span> <span class='ocrx_word' id='word_1_619' title='bbox 1513 4566 1682 4619; x_wconf 86' lang='grc' dir='ltr'>αἰτεῖν</span> <span class='ocrx_word' id='word_1_620' title='bbox 1731 4567 1883 4636; x_wconf 72' lang='grc' dir='ltr'>παρὰ</span> 
     </span>
    </p>
   </div>
   <div class='ocr_carea' id='block_1_89' title="bbox 1987 4550 3583 4638">
    <p class='ocr_par' dir='ltr' id='par_1_89' title="bbox 2063 4550 3583 4618">
     <span class='ocr_line' id='line_1_89' title="bbox 2063 4550 3583 4618; baseline -0.013 -1"><span class='ocrx_word' id='word_1_621' title='bbox 2063 4563 2391 4617; x_wconf 90' lang='lat' dir='ltr'><strong>Decebatme</strong></span> <span class='ocrx_word' id='word_1_622' title='bbox 2413 4557 2774 4614; x_wconf 77' lang='lat' dir='ltr'><strong>confidentem</strong></span> <span class='ocrx_word' id='word_1_623' title='bbox 2798 4554 3028 4608; x_wconf 81' lang='lat' dir='ltr'><strong>salutem</strong></span> <span class='ocrx_word' id='word_1_624' title='bbox 3061 4565 3088 4603; x_wconf 90' lang='lat' dir='ltr'><strong>a</strong></span> <span class='ocrx_word' id='word_1_625' title='bbox 3113 4557 3166 4603; x_wconf 93' lang='lat' dir='ltr'><strong>te</strong></span> <span class='ocrx_word' id='word_1_626' title='bbox 3196 4555 3378 4618; x_wconf 85' lang='lat' dir='ltr'><strong>petere</strong></span> <span class='ocrx_word' id='word_1_627' title='bbox 3404 4563 3418 4600; x_wconf 88' lang='lat'><strong>:</strong></span> <span class='ocrx_word' id='word_1_628' title='bbox 3444 4553 3500 4600; x_wconf 89' lang='lat' dir='ltr'><strong>et</strong></span> <span class='ocrx_word' id='word_1_629' title='bbox 3531 4550 3583 4598; x_wconf 90' lang='lat' dir='ltr'><strong>te</strong></span> 
     </span>
    </p>
   </div>
   <div class='ocr_carea' id='block_1_90' title="bbox 305 4659 1886 4733">
    <p class='ocr_par' dir='ltr' id='par_1_90' title="bbox 305 4659 1886 4733">
     <span class='ocr_line' id='line_1_90' title="bbox 305 4659 1886 4733; baseline -0.003 -17"><span class='ocrx_word' id='word_1_630' title='bbox 305 4660 399 4716; x_wconf 84' lang='grc' dir='ltr'><strong>σοῦ</strong></span> <span class='ocrx_word' id='word_1_631' title='bbox 421 4680 435 4694; x_wconf 90' lang='grc'><strong>·</strong></span> <span class='ocrx_word' id='word_1_632' title='bbox 469 4663 565 4716; x_wconf 76' lang='grc' dir='ltr'>καὶ</span> <span class='ocrx_word' id='word_1_633' title='bbox 595 4662 654 4714; x_wconf 84' lang='grc' dir='ltr'>σὲ</span> <span class='ocrx_word' id='word_1_634' title='bbox 673 4660 970 4733; x_wconf 82' lang='grc' dir='ltr'>προθύμως</span> <span class='ocrx_word' id='word_1_635' title='bbox 999 4659 1199 4713; x_wconf 89' lang='grc' dir='ltr'>διδόναι</span> <span class='ocrx_word' id='word_1_636' title='bbox 1229 4659 1561 4730; x_wconf 81' lang='grc' dir='ltr'>ἀμφοτέροις</span> <span class='ocrx_word' id='word_1_637' title='bbox 1593 4659 1886 4731; x_wconf 87' lang='grc' dir='ltr'>ἁρμόττον,</span> 
     </span>
    </p>
   </div>
   <div class='ocr_carea' id='block_1_91' title="bbox 305 4751 1888 4824">
    <p class='ocr_par' dir='ltr' id='par_1_91' title="bbox 305 4751 1888 4824">
     <span class='ocr_line' id='line_1_91' title="bbox 305 4751 1888 4824; baseline -0.003 -16"><span class='ocrx_word' id='word_1_638' title='bbox 305 4754 431 4824; x_wconf 58' lang='grc' dir='ltr'><strong>ἐμοὶ⁵</strong></span> <span class='ocrx_word' id='word_1_639' title='bbox 449 4753 744 4824; x_wconf 78' lang='grc' dir='ltr'>μὲνλέγειν</span> <span class='ocrx_word' id='word_1_640' title='bbox 763 4755 890 4807; x_wconf 85' lang='grc' dir='ltr'>ὅτου</span> <span class='ocrx_word' id='word_1_641' title='bbox 916 4751 1050 4818; x_wconf 82' lang='grc' dir='ltr'>δέοι,</span> <span class='ocrx_word' id='word_1_642' title='bbox 1082 4751 1164 4806; x_wconf 75' lang='grc' dir='ltr'>σοὶ</span> <span class='ocrx_word' id='word_1_643' title='bbox 1193 4752 1249 4804; x_wconf 83' lang='grc' dir='ltr'>δὲ</span> <span class='ocrx_word' id='word_1_644' title='bbox 1270 4752 1405 4822; x_wconf 73' lang='grc' dir='ltr'>πρὸς</span> <span class='ocrx_word' id='word_1_645' title='bbox 1428 4752 1585 4821; x_wconf 87' lang='grc' dir='ltr'>λόγον</span> <span class='ocrx_word' id='word_1_646' title='bbox 1613 4752 1888 4822; x_wconf 84' lang='grc' dir='ltr'>ἐκφέρειν·</span> 
     </span>
    </p>
   </div>
   <div class='ocr_carea' id='block_1_92' title="bbox 305 4838 1892 4916">
    <p class='ocr_par' dir='ltr' id='par_1_92' title="bbox 305 4838 1892 4916">
     <span class='ocr_line' id='line_1_92' title="bbox 305 4838 1892 4916; baseline -0.004 -19"><span class='ocrx_word' id='word_1_647' title='bbox 305 4846 637 4916; x_wconf 84' lang='grc' dir='ltr'>Στρατήγιος</span> <span class='ocrx_word' id='word_1_648' title='bbox 671 4843 780 4914; x_wconf 83' lang='grc' dir='ltr'>γὰρ</span> <span class='ocrx_word' id='word_1_649' title='bbox 812 4839 1115 4912; x_wconf 85' lang='grc' dir='ltr'>ἀπήγγειλέ</span> <span class='ocrx_word' id='word_1_650' title='bbox 1143 4858 1231 4912; x_wconf 91' lang='grc' dir='ltr'><strong>μοι</strong></span> <span class='ocrx_word' id='word_1_651' title='bbox 1252 4838 1524 4909; x_wconf 81' lang='grc' dir='ltr'>τοσαύτην</span> <span class='ocrx_word' id='word_1_652' title='bbox 1549 4838 1703 4908; x_wconf 83' lang='grc' dir='ltr'>ὑμῶν</span> <span class='ocrx_word' id='word_1_653' title='bbox 1733 4855 1892 4907; x_wconf 86' lang='grc' dir='ltr'>γεγε-</span> 
     </span>
    </p>
   </div>
   <div class='ocr_carea' id='block_1_93' title="bbox 308 4931 1894 5008">
    <p class='ocr_par' dir='ltr' id='par_1_93' title="bbox 308 4931 1894 5008">
     <span class='ocr_line' id='line_1_93' title="bbox 308 4931 1894 5008; baseline -0.004 -18"><span class='ocrx_word' id='word_1_654' title='bbox 308 4937 505 5007; x_wconf 76' lang='grc' dir='ltr'>νῆσθαι</span> <span class='ocrx_word' id='word_1_655' title='bbox 536 4935 634 5008; x_wconf 82' lang='grc' dir='ltr'>τὴν</span> <span class='ocrx_word' id='word_1_656' title='bbox 663 4937 743 5000; x_wconf 85' lang='grc' dir='ltr'>εἰς</span> <span class='ocrx_word' id='word_1_657' title='bbox 775 4935 936 4989; x_wconf 80' lang='grc' dir='ltr'>αὑτὸν</span> <span class='ocrx_word' id='word_1_658' title='bbox 961 4933 1292 5006; x_wconf 82' lang='grc' dir='ltr'>προθυμίαν,</span> <span class='ocrx_word' id='word_1_659' title='bbox 1321 4931 1462 4986; x_wconf 83' lang='grc' dir='ltr'>ὥστε</span> <span class='ocrx_word' id='word_1_660' title='bbox 1491 4931 1560 4984; x_wconf 85' lang='grc' dir='ltr'>τὰ</span> <span class='ocrx_word' id='word_1_661' title='bbox 1588 4931 1681 4984; x_wconf 70' lang='grc' dir='ltr'><strong>ἐπὶ</strong></span> <span class='ocrx_word' id='word_1_662' title='bbox 1701 4931 1784 4983; x_wconf 73' lang='grc' dir='ltr'><strong>σοὶ</strong></span> <span class='ocrx_word' id='word_1_663' title='bbox 1801 4931 1894 4984; x_wconf 78' lang='grc' dir='ltr'><strong>καὶ</strong></span> 
     </span>
    </p>
   </div>
   <div class='ocr_carea' id='block_1_94' title="bbox 309 5023 1897 5101">
    <p class='ocr_par' dir='ltr' id='par_1_94' title="bbox 309 5023 1897 5101">
     <span class='ocr_line' id='line_1_94' title="bbox 309 5023 1897 5101; baseline -0.003 -20"><span class='ocrx_word' id='word_1_664' title='bbox 309 5031 488 5098; x_wconf 80' lang='grc' dir='ltr'>πέρας</span> <span class='ocrx_word' id='word_1_665' title='bbox 513 5029 638 5099; x_wconf 75' lang='grc' dir='ltr'>ἔσχε</span> <span class='ocrx_word' id='word_1_666' title='bbox 675 5030 709 5101; x_wconf 83' lang='grc' dir='ltr'><strong>ή</strong></span> <span class='ocrx_word' id='word_1_667' title='bbox 747 5029 870 5099; x_wconf 88' lang='grc' dir='ltr'>δίκη</span> <span class='ocrx_word' id='word_1_668' title='bbox 897 5027 988 5081; x_wconf 79' lang='grc' dir='ltr'>καὶ</span> <span class='ocrx_word' id='word_1_669' title='bbox 1011 5026 1378 5096; x_wconf 83' lang='grc' dir='ltr'>νενικήκαμεν</span> <span class='ocrx_word' id='word_1_670' title='bbox 1403 5041 1417 5054; x_wconf 88' lang='grc'><strong>·</strong></span> <span class='ocrx_word' id='word_1_671' title='bbox 1446 5023 1563 5078; x_wconf 79' lang='grc' dir='ltr'>ἀλλ’</span> <span class='ocrx_word' id='word_1_672' title='bbox 1596 5023 1745 5085; x_wconf 84' lang='grc' dir='ltr'>ὅπως</span> <span class='ocrx_word' id='word_1_673' title='bbox 1801 5024 1897 5077; x_wconf 77' lang='grc' dir='ltr'>καὶ</span> 
     </span>
    </p>
   </div>
   <div class='ocr_carea' id='block_1_95' title="bbox 308 5113 1899 5193">
    <p class='ocr_par' dir='ltr' id='par_1_95' title="bbox 308 5113 1899 5193">
     <span class='ocr_line' id='line_1_95' title="bbox 308 5113 1899 5193; baseline -0.003 -20"><span class='ocrx_word' id='word_1_674' title='bbox 308 5123 422 5184; x_wconf 82' lang='grc' dir='ltr'>τοῖς</span> <span class='ocrx_word' id='word_1_675' title='bbox 473 5121 652 5193; x_wconf 77' lang='grc' dir='ltr'>ἔργοις</span> <span class='ocrx_word' id='word_1_676' title='bbox 688 5123 901 5189; x_wconf 80' lang='grc' dir='ltr'>γένοιτο</span> <span class='ocrx_word' id='word_1_677' title='bbox 933 5118 1130 5174; x_wconf 89' lang='grc' dir='ltr'>ταῦτα.</span> <span class='ocrx_word' id='word_1_678' title='bbox 1161 5117 1429 5170; x_wconf 81' lang='grc' dir='ltr'>Τοσοῦτον</span> <span class='ocrx_word' id='word_1_679' title='bbox 1458 5117 1564 5188; x_wconf 82' lang='grc' dir='ltr'>γὰρ</span> <span class='ocrx_word' id='word_1_680' title='bbox 1597 5113 1784 5189; x_wconf 75' lang='grc' dir='ltr'>θαρρῶ</span> <span class='ocrx_word' id='word_1_681' title='bbox 1811 5114 1899 5169; x_wconf 84' lang='grc' dir='ltr'>διὰ</span> 
     </span>
    </p>
   </div>
   <div class='ocr_carea' id='block_1_96' title="bbox 313 5208 1898 5282">
    <p class='ocr_par' dir='ltr' id='par_1_96' title="bbox 313 5208 1898 5282">
     <span class='ocr_line' id='line_1_96' title="bbox 313 5208 1898 5282; baseline -0.002 -18"><span class='ocrx_word' id='word_1_682' title='bbox 313 5212 489 5264; x_wconf 68' lang='lat' dir='ltr'><strong>col-.‘o</strong></span> <span class='ocrx_word' id='word_1_683' title='bbox 522 5213 697 5282; x_wconf 82' lang='grc' dir='ltr'>πέρας</span> <span class='ocrx_word' id='word_1_684' title='bbox 753 5211 1009 5277; x_wconf 79' lang='grc' dir='ltr'>ἐλπίζων,</span> <span class='ocrx_word' id='word_1_685' title='bbox 1060 5211 1202 5264; x_wconf 85' lang='grc' dir='ltr'>ὥστε</span> <span class='ocrx_word' id='word_1_686' title='bbox 1241 5209 1336 5264; x_wconf 79' lang='grc' dir='ltr'><strong>καὶ</strong></span> <span class='ocrx_word' id='word_1_687' title='bbox 1382 5209 1491 5280; x_wconf 82' lang='grc' dir='ltr'>πρὸ</span> <span class='ocrx_word' id='word_1_688' title='bbox 1549 5208 1738 5274; x_wconf 86' lang='grc' dir='ltr'>τέλους</span> <span class='ocrx_word' id='word_1_689' title='bbox 1795 5208 1898 5280; x_wconf 72' lang='grc' dir='ltr'>ἤδη</span> 
     </span>
    </p>
   </div>
   <div class='ocr_carea' id='block_1_97' title="bbox 313 5297 1612 5376">
    <p class='ocr_par' dir='ltr' id='par_1_97' title="bbox 313 5297 1612 5376">
     <span class='ocr_line' id='line_1_97' title="bbox 313 5297 1612 5376; baseline 0.002 -21"><span class='ocrx_word' id='word_1_690' title='bbox 313 5303 504 5372; x_wconf 78' lang='grc' dir='ltr'>λόγους</span> <span class='ocrx_word' id='word_1_691' title='bbox 537 5303 706 5374; x_wconf 76' lang='grc' dir='ltr'>ζητῶ,</span> <span class='ocrx_word' id='word_1_692' title='bbox 739 5303 808 5357; x_wconf 85' lang='grc' dir='ltr'>δι’</span> <span class='ocrx_word' id='word_1_693' title='bbox 829 5297 904 5358; x_wconf 83' lang='grc' dir='ltr'><strong>ὧν</strong></span> <span class='ocrx_word' id='word_1_694' title='bbox 926 5303 1253 5376; x_wconf 86' lang='grc' dir='ltr'>ὁμολογήσω</span> <span class='ocrx_word' id='word_1_695' title='bbox 1290 5303 1389 5373; x_wconf 81' lang='grc' dir='ltr'>τὴν</span> <span class='ocrx_word' id='word_1_696' title='bbox 1429 5303 1612 5374; x_wconf 88' lang='grc' dir='ltr'>χάριν.</span> 
     </span>
    </p>
   </div>
   <div class='ocr_carea' id='block_1_98' title="bbox 591 5391 1622 5467">
    <p class='ocr_par' dir='ltr' id='par_1_98' title="bbox 591 5391 1622 5467">
     <span class='ocr_line' id='line_1_98' title="bbox 591 5391 1622 5467; baseline -0.001 -20"><span class='ocrx_word' id='word_1_697' title='bbox 591 5397 675 5447; x_wconf 87' lang='grc' dir='ltr'><strong>Λ¹.</strong></span> <span class='ocrx_word' id='word_1_698' title='bbox 704 5394 986 5465; x_wconf 70' lang='lat' dir='ltr'><strong>omnia.</strong></span> <span class='ocrx_word' id='word_1_699' title='bbox 1030 5395 1230 5467; x_wconf 81' lang='lat' dir='ltr'><strong>[Band.</strong></span> <span class='ocrx_word' id='word_1_700' title='bbox 1258 5391 1622 5465; x_wconf 53' lang='lat' dir='ltr'><strong>eamme]</strong></span> 
     </span>
    </p>
   </div>
   <div class='ocr_carea' id='block_1_99' title="bbox 388 5484 1902 5557">
    <p class='ocr_par' dir='ltr' id='par_1_99' title="bbox 388 5484 1902 5557">
     <span class='ocr_line' id='line_1_99' title="bbox 388 5484 1902 5557; baseline -0.001 -17"><span class='ocrx_word' id='word_1_701' title='bbox 388 5485 594 5557; x_wconf 78' lang='grc' dir='ltr'>Πολλὴν</span> <span class='ocrx_word' id='word_1_702' title='bbox 612 5487 741 5555; x_wconf 84' lang='grc' dir='ltr'>ἡμῖν</span> <span class='ocrx_word' id='word_1_703' title='bbox 767 5487 908 5540; x_wconf 82' lang='grc' dir='ltr'>κατὰ</span> <span class='ocrx_word' id='word_1_704' title='bbox 925 5486 1017 5539; x_wconf 87' lang='grc' dir='ltr'><strong>σοῦ</strong></span> <span class='ocrx_word' id='word_1_705' title='bbox 1035 5485 1423 5556; x_wconf 83' lang='grc' dir='ltr'>μελετωμένην</span> <span class='ocrx_word' id='word_1_706' title='bbox 1437 5484 1775 5556; x_wconf 83' lang='grc' dir='ltr'>κατηγορίαν</span> <span class='ocrx_word' id='word_1_707' title='bbox 1821 5485 1902 5539; x_wconf 85' lang='grc' dir='ltr'>δι-</span> 
     </span>
    </p>
   </div>
   <div class='ocr_carea' id='block_1_100' title="bbox 319 5573 1906 5649">
    <p class='ocr_par' dir='ltr' id='par_1_100' title="bbox 319 5573 1906 5649">
     <span class='ocr_line' id='line_1_100' title="bbox 319 5573 1906 5649; baseline -0.001 -17"><span class='ocrx_word' id='word_1_708' title='bbox 319 5577 538 5648; x_wconf 80' lang='grc' dir='ltr'>έφυγες·</span> <span class='ocrx_word' id='word_1_709' title='bbox 557 5579 629 5642; x_wconf 83' lang='grc' dir='ltr'>ὡς</span> <span class='ocrx_word' id='word_1_710' title='bbox 646 5583 753 5649; x_wconf 79' lang='grc' dir='ltr'>γὰρ</span> <span class='ocrx_word' id='word_1_711' title='bbox 767 5573 901 5649; x_wconf 83' lang='grc' dir='ltr'>ἧκεν</span> <span class='ocrx_word' id='word_1_712' title='bbox 913 5580 939 5631; x_wconf 86' lang='grc' dir='ltr'><strong>ό</strong></span> <span class='ocrx_word' id='word_1_713' title='bbox 953 5580 1022 5631; x_wconf 89' lang='grc' dir='ltr'><strong>Στ</strong></span> <span class='ocrx_word' id='word_1_714' title='bbox 1031 5579 1308 5649; x_wconf 85' lang='grc' dir='ltr'>ρατήγιος,</span> <span class='ocrx_word' id='word_1_715' title='bbox 1327 5577 1629 5649; x_wconf 84' lang='grc' dir='ltr'>γράμματα</span> <span class='ocrx_word' id='word_1_716' title='bbox 1642 5576 1696 5630; x_wconf 79' lang='grc' dir='ltr'>δὲ</span> <span class='ocrx_word' id='word_1_717' title='bbox 1715 5575 1814 5630; x_wconf 85' lang='grc' dir='ltr'><strong>ούκ</strong></span> <span class='ocrx_word' id='word_1_718' title='bbox 1829 5574 1906 5630; x_wconf 71' lang='grc' dir='ltr'><strong>εἷ-</strong></span> 
     </span>
    </p>
   </div>
   <div class='ocr_carea' id='block_1_101' title="bbox 319 5669 1907 5744">
    <p class='ocr_par' dir='ltr' id='par_1_101' title="bbox 319 5669 1907 5744">
     <span class='ocr_line' id='line_1_101' title="bbox 319 5669 1907 5744; baseline 0 -19"><span class='ocrx_word' id='word_1_719' title='bbox 319 5688 435 5744; x_wconf 86' lang='grc' dir='ltr'>χεν,</span> <span class='ocrx_word' id='word_1_720' title='bbox 451 5671 690 5743; x_wconf 76' lang='grc' dir='ltr'>ἠρυθρία</span> <span class='ocrx_word' id='word_1_721' title='bbox 722 5673 820 5744; x_wconf 80' lang='grc' dir='ltr'>μὲν</span> <span class='ocrx_word' id='word_1_722' title='bbox 850 5673 983 5744; x_wconf 82' lang='grc' dir='ltr'>ἡμῖν</span> <span class='ocrx_word' id='word_1_723' title='bbox 1005 5672 1343 5743; x_wconf 84' lang='grc' dir='ltr'>προσελθεῖν.</span> <span class='ocrx_word' id='word_1_724' title='bbox 1368 5671 1613 5742; x_wconf 83' lang='grc' dir='ltr'>Πῶς’γὰρ</span> <span class='ocrx_word' id='word_1_725' title='bbox 1630 5669 1907 5742; x_wconf 80' lang='grc' dir='ltr'>ούκέμελ-</span> 
     </span>
    </p>
   </div>
   <div class='ocr_carea' id='block_1_102' title="bbox 247 5763 1910 5837">
    <p class='ocr_par' dir='ltr' id='par_1_102' title="bbox 247 5763 1910 5837">
     <span class='ocr_line' id='line_1_102' title="bbox 247 5763 1910 5837; baseline 0.001 -20"><span class='ocrx_word' id='word_1_726' title='bbox 247 5783 254 5786; x_wconf 81' lang='grc'><strong>·</strong></span> <span class='ocrx_word' id='word_1_727' title='bbox 324 5763 382 5818; x_wconf 90' lang='grc' dir='ltr'>λε</span> <span class='ocrx_word' id='word_1_728' title='bbox 403 5781 418 5831; x_wconf 89' lang='grc'><strong>;</strong></span> <span class='ocrx_word' id='word_1_729' title='bbox 442 5765 697 5830; x_wconf 84' lang='grc' dir='ltr'>πολλάκις</span> <span class='ocrx_word' id='word_1_730' title='bbox 715 5767 772 5820; x_wconf 76' lang='grc' dir='ltr'><strong>δὲ</strong></span> <span class='ocrx_word' id='word_1_731' title='bbox 793 5765 1123 5836; x_wconf 79' lang='grc' dir='ltr'>διαφεύγων,</span> <span class='ocrx_word' id='word_1_732' title='bbox 1141 5765 1293 5837; x_wconf 84' lang='grc' dir='ltr'>μόλις</span> <span class='ocrx_word' id='word_1_733' title='bbox 1317 5765 1489 5819; x_wconf 82' lang='grc' dir='ltr'>ἐάλω’</span> <span class='ocrx_word' id='word_1_734' title='bbox 1515 5766 1611 5820; x_wconf 79' lang='grc' dir='ltr'><strong>καὶ</strong></span> <span class='ocrx_word' id='word_1_735' title='bbox 1637 5764 1702 5834; x_wconf 83' lang='grc' dir='ltr'>δὴ</span> <span class='ocrx_word' id='word_1_736' title='bbox 1722 5764 1910 5836; x_wconf 83' lang='grc' dir='ltr'>βδελυ-</span> 
     </span>
    </p>
   </div>
   <div class='ocr_carea' id='block_1_103' title="bbox 327 5856 1906 5933">
    <p class='ocr_par' dir='ltr' id='par_1_103' title="bbox 327 5856 1906 5933">
     <span class='ocr_line' id='line_1_103' title="bbox 327 5856 1906 5933; baseline 0.001 -21"><span class='ocrx_word' id='word_1_737' title='bbox 327 5856 419 5928; x_wconf 78' lang='grc' dir='ltr'><strong>ρὸν</strong></span> <span class='ocrx_word' id='word_1_738' title='bbox 441 5858 601 5917; x_wconf 77' lang='grc' dir='ltr'>αὑτὸν</span> <span class='ocrx_word' id='word_1_739' title='bbox 633 5859 725 5915; x_wconf 78' lang='grc' dir='ltr'>καὶ</span> <span class='ocrx_word' id='word_1_740' title='bbox 751 5859 892 5927; x_wconf 84' lang='grc' dir='ltr'>θεοῖς</span> <span class='ocrx_word' id='word_1_741' title='bbox 917 5859 1108 5933; x_wconf 75' lang='grc' dir='ltr'>ἐχθρὸν</span> <span class='ocrx_word' id='word_1_742' title='bbox 1130 5859 1458 5928; x_wconf 84' lang='grc' dir='ltr'>ἀπεκάλουν,</span> <span class='ocrx_word' id='word_1_743' title='bbox 1478 5859 1559 5913; x_wconf 85' lang='grc' dir='ltr'><strong>ὅτι</strong></span> <span class='ocrx_word' id='word_1_744' title='bbox 1589 5858 1728 5932; x_wconf 77' lang='grc' dir='ltr'>πρὸς</span> <span class='ocrx_word' id='word_1_745' title='bbox 1760 5859 1906 5930; x_wconf 77' lang='grc' dir='ltr'>ἡμᾶς</span> 
     </span>
    </p>
   </div>
   <div class='ocr_carea' id='block_1_104' title="bbox 1995 4636 3584 4724">
    <p class='ocr_par' dir='ltr' id='par_1_104' title="bbox 1995 4636 3584 4724">
     <span class='ocr_line' id='line_1_104' title="bbox 1995 4636 3584 4724; baseline -0.011 -16"><span class='ocrx_word' id='word_1_746' title='bbox 1995 4645 2285 4724; x_wconf 84' lang='lat' dir='ltr'><strong>diligenter</strong></span> <span class='ocrx_word' id='word_1_747' title='bbox 2325 4647 2642 4704; x_wconf 88' lang='lat' dir='ltr'><strong>incumbere</strong></span> <span class='ocrx_word' id='word_1_748' title='bbox 2694 4643 2914 4714; x_wconf 88' lang='lat' dir='ltr'><strong>utrique</strong></span> <span class='ocrx_word' id='word_1_749' title='bbox 2945 4638 3237 4706; x_wconf 60' lang='lat' dir='ltr'><strong>,couveuit,</strong></span> <span class='ocrx_word' id='word_1_750' title='bbox 3282 4636 3413 4691; x_wconf 85' lang='lat' dir='ltr'><strong>mihi</strong></span> <span class='ocrx_word' id='word_1_751' title='bbox 3461 4636 3584 4706; x_wconf 92' lang='lat' dir='ltr'><strong>qni-</strong></span> 
     </span>
    </p>
   </div>
   <div class='ocr_carea' id='block_1_105' title="bbox 1996 4730 3583 4812">
    <p class='ocr_par' dir='ltr' id='par_1_105' title="bbox 1996 4730 3583 4812">
     <span class='ocr_line' id='line_1_105' title="bbox 1996 4730 3583 4812; baseline -0.012 -11"><span class='ocrx_word' id='word_1_752' title='bbox 1996 4747 2116 4802; x_wconf 89' lang='lat' dir='ltr'><strong>dem</strong></span> <span class='ocrx_word' id='word_1_753' title='bbox 2148 4745 2329 4798; x_wconf 85' lang='lat' dir='ltr'><strong>dicere</strong></span> <span class='ocrx_word' id='word_1_754' title='bbox 2363 4740 2491 4812; x_wconf 90' lang='lat' dir='ltr'><strong>quid</strong></span> <span class='ocrx_word' id='word_1_755' title='bbox 2539 4738 2908 4793; x_wconf 87' lang='lat' dir='ltr'><strong>necessarium</strong></span> <span class='ocrx_word' id='word_1_756' title='bbox 2947 4742 3114 4798; x_wconf 91' lang='lat' dir='ltr'><strong>esset,</strong></span> <span class='ocrx_word' id='word_1_757' title='bbox 3165 4730 3260 4785; x_wconf 90' lang='lat' dir='ltr'><strong>tibi</strong></span> <span class='ocrx_word' id='word_1_758' title='bbox 3309 4744 3435 4784; x_wconf 90' lang='lat' dir='ltr'><strong>vero</strong></span> <span class='ocrx_word' id='word_1_759' title='bbox 3465 4744 3583 4784; x_wconf 92' lang='lat' dir='ltr'><strong>ser-</strong></span> 
     </span>
    </p>
   </div>
   <div class='ocr_carea' id='block_1_106' title="bbox 2002 4821 3586 4906">
    <p class='ocr_par' dir='ltr' id='par_1_106' title="bbox 2002 4821 3586 4906">
     <span class='ocr_line' id='line_1_106' title="bbox 2002 4821 3586 4906; baseline -0.013 -12"><span class='ocrx_word' id='word_1_760' title='bbox 2002 4853 2161 4894; x_wconf 90' lang='lat' dir='ltr'><strong>mone</strong></span> <span class='ocrx_word' id='word_1_761' title='bbox 2192 4837 2411 4906; x_wconf 84' lang='lat' dir='ltr'><strong>vulgare</strong></span> <span class='ocrx_word' id='word_1_762' title='bbox 2443 4832 2621 4904; x_wconf 88' lang='lat' dir='ltr'><strong>quoad</strong></span> <span class='ocrx_word' id='word_1_763' title='bbox 2655 4841 2708 4886; x_wconf 90' lang='lat' dir='ltr'><strong>te</strong></span> <span class='ocrx_word' id='word_1_764' title='bbox 2735 4849 2746 4883; x_wconf 91' lang='lat'>:</span> <span class='ocrx_word' id='word_1_765' title='bbox 2781 4826 3099 4898; x_wconf 86' lang='lat' dir='ltr'><strong>Strategins</strong></span> <span class='ocrx_word' id='word_1_766' title='bbox 3135 4823 3284 4878; x_wconf 89' lang='lat' dir='ltr'><strong>enim</strong></span> <span class='ocrx_word' id='word_1_767' title='bbox 3315 4821 3586 4876; x_wconf 88' lang='lat' dir='ltr'><strong>nuntiavit</strong></span> 
     </span>
    </p>
   </div>
   <div class='ocr_carea' id='block_1_107' title="bbox 2000 4913 3587 4988">
    <p class='ocr_par' dir='ltr' id='par_1_107' title="bbox 2000 4913 3587 4988">
     <span class='ocr_line' id='line_1_107' title="bbox 2000 4913 3587 4988; baseline -0.012 -1"><span class='ocrx_word' id='word_1_768' title='bbox 2000 4933 2134 4988; x_wconf 89' lang='lat' dir='ltr'><strong>mihi</strong></span> <span class='ocrx_word' id='word_1_769' title='bbox 2189 4939 2394 4985; x_wconf 89' lang='lat' dir='ltr'><strong>tantam</strong></span> <span class='ocrx_word' id='word_1_770' title='bbox 2444 4942 2474 4982; x_wconf 90' lang='lat' dir='ltr'><strong>a</strong></span> <span class='ocrx_word' id='word_1_771' title='bbox 2514 4925 2668 4981; x_wconf 90' lang='lat' dir='ltr'><strong>vobis</strong></span> <span class='ocrx_word' id='word_1_772' title='bbox 2713 4923 3024 4978; x_wconf 86' lang='lat' dir='ltr'><strong>adhibitam</strong></span> <span class='ocrx_word' id='word_1_773' title='bbox 3074 4918 3240 4973; x_wconf 85' lang='lat' dir='ltr'><strong>fuisse</strong></span> <span class='ocrx_word' id='word_1_774' title='bbox 3283 4913 3587 4970; x_wconf 87' lang='lat' dir='ltr'><strong>festinatio-</strong></span> 
     </span>
    </p>
   </div>
   <div class='ocr_carea' id='block_1_108' title="bbox 2001 5005 3588 5089">
    <p class='ocr_par' dir='ltr' id='par_1_108' title="bbox 2001 5005 3588 5089">
     <span class='ocr_line' id='line_1_108' title="bbox 2001 5005 3588 5089; baseline -0.013 -9"><span class='ocrx_word' id='word_1_775' title='bbox 2001 5040 2146 5089; x_wconf 88' lang='lat' dir='ltr'><strong>nem,</strong></span> <span class='ocrx_word' id='word_1_776' title='bbox 2182 5032 2242 5078; x_wconf 93' lang='lat' dir='ltr'><strong>ut</strong></span> <span class='ocrx_word' id='word_1_777' title='bbox 2287 5022 2354 5077; x_wconf 92' lang='lat' dir='ltr'><strong>Iis</strong></span> <span class='ocrx_word' id='word_1_778' title='bbox 2403 5021 2564 5075; x_wconf 86' lang='lat' dir='ltr'><strong>linem</strong></span> <span class='ocrx_word' id='word_1_779' title='bbox 2619 5015 2871 5072; x_wconf 89' lang='lat' dir='ltr'><strong>habuerit</strong></span> <span class='ocrx_word' id='word_1_780' title='bbox 2911 5025 2966 5067; x_wconf 91' lang='lat' dir='ltr'><strong>et</strong></span> <span class='ocrx_word' id='word_1_781' title='bbox 3009 5009 3335 5066; x_wconf 88' lang='lat' dir='ltr'><strong>vicerimus:</strong></span> <span class='ocrx_word' id='word_1_782' title='bbox 3383 5005 3478 5062; x_wconf 88' lang='lat' dir='ltr'><strong>sed</strong></span> <span class='ocrx_word' id='word_1_783' title='bbox 3534 5014 3588 5061; x_wconf 90' lang='lat' dir='ltr'><strong>et</strong></span> 
     </span>
    </p>
   </div>
   <div class='ocr_carea' id='block_1_109' title="bbox 2005 5101 3588 5187">
    <p class='ocr_par' dir='ltr' id='par_1_109' title="bbox 2005 5101 3588 5187">
     <span class='ocr_line' id='line_1_109' title="bbox 2005 5101 3588 5187; baseline -0.012 -16"><span class='ocrx_word' id='word_1_784' title='bbox 2005 5117 2236 5187; x_wconf 85' lang='lat' dir='ltr'><strong>negotiis</strong></span> <span class='ocrx_word' id='word_1_785' title='bbox 2294 5114 2409 5169; x_wconf 57' lang='lat' dir='ltr'><strong>haec</strong></span> <span class='ocrx_word' id='word_1_786' title='bbox 2450 5111 2707 5168; x_wconf 85' lang='lat' dir='ltr'><strong>eveniant</strong></span> <span class='ocrx_word' id='word_1_787' title='bbox 2739 5126 2752 5163; x_wconf 91' lang='lat'>:</span> <span class='ocrx_word' id='word_1_788' title='bbox 2793 5116 2944 5162; x_wconf 86' lang='lat' dir='ltr'><strong>tanta</strong></span> <span class='ocrx_word' id='word_1_789' title='bbox 2991 5103 3136 5159; x_wconf 91' lang='lat' dir='ltr'><strong>enim</strong></span> <span class='ocrx_word' id='word_1_790' title='bbox 3173 5101 3370 5155; x_wconf 77' lang='lat' dir='ltr'><strong>fiducia</strong></span> <span class='ocrx_word' id='word_1_791' title='bbox 3407 5114 3504 5169; x_wconf 87' lang='lat' dir='ltr'><strong>per</strong></span> <span class='ocrx_word' id='word_1_792' title='bbox 3538 5108 3588 5152; x_wconf 85' lang='lat' dir='ltr'><strong>te</strong></span> 
     </span>
    </p>
   </div>
   <div class='ocr_carea' id='block_1_110' title="bbox 2001 5192 3587 5280">
    <p class='ocr_par' dir='ltr' id='par_1_110' title="bbox 2001 5192 3587 5280">
     <span class='ocr_line' id='line_1_110' title="bbox 2001 5192 3587 5280; baseline -0.013 -16"><span class='ocrx_word' id='word_1_793' title='bbox 2001 5225 2164 5280; x_wconf 85' lang='lat' dir='ltr'><strong>spero</strong></span> <span class='ocrx_word' id='word_1_794' title='bbox 2218 5207 2376 5262; x_wconf 86' lang='lat' dir='ltr'><strong>linem</strong></span> <span class='ocrx_word' id='word_1_795' title='bbox 2411 5215 2469 5257; x_wconf 93' lang='lat' dir='ltr'><strong>ut</strong></span> <span class='ocrx_word' id='word_1_796' title='bbox 2519 5211 2573 5257; x_wconf 83' lang='lat' dir='ltr'><strong>et</strong></span> <span class='ocrx_word' id='word_1_797' title='bbox 2625 5211 2748 5254; x_wconf 90' lang='lat' dir='ltr'><strong>ante</strong></span> <span class='ocrx_word' id='word_1_798' title='bbox 2798 5201 2957 5253; x_wconf 85' lang='lat' dir='ltr'><strong>linem</strong></span> <span class='ocrx_word' id='word_1_799' title='bbox 2990 5196 3100 5264; x_wconf 86' lang='lat' dir='ltr'><strong>jam</strong></span> <span class='ocrx_word' id='word_1_800' title='bbox 3138 5192 3301 5248; x_wconf 87' lang='lat' dir='ltr'><strong>verba</strong></span> <span class='ocrx_word' id='word_1_801' title='bbox 3348 5205 3587 5260; x_wconf 71' lang='lat' dir='ltr'><strong>quaerant</strong></span> 
     </span>
    </p>
   </div>
   <div class='ocr_carea' id='block_1_111' title="bbox 2005 5295 2807 5376">
    <p class='ocr_par' dir='ltr' id='par_1_111' title="bbox 2005 5295 2807 5376">
     <span class='ocr_line' id='line_1_111' title="bbox 2005 5295 2807 5376; baseline -0.012 -17"><span class='ocrx_word' id='word_1_802' title='bbox 2005 5302 2199 5376; x_wconf 85' lang='lat' dir='ltr'><strong>quibus</strong></span> <span class='ocrx_word' id='word_1_803' title='bbox 2235 5299 2464 5370; x_wconf 83' lang='lat' dir='ltr'><strong>gratiam</strong></span> <span class='ocrx_word' id='word_1_804' title='bbox 2491 5295 2807 5368; x_wconf 81' lang='lat' dir='ltr'><strong>profitebor.</strong></span> 
     </span>
    </p>
   </div>
   <div class='ocr_carea' id='block_1_112' title="bbox 2349 5386 3009 5460">
    <p class='ocr_par' dir='ltr' id='par_1_112' title="bbox 2349 5386 3009 5460">
     <span class='ocr_line' id='line_1_112' title="bbox 2349 5386 3009 5460; baseline -0.009 -15"><span class='ocrx_word' id='word_1_805' title='bbox 2349 5456 2354 5460; x_wconf 24' lang='grc' dir='ltr'>δ</span> <span class='ocrx_word' id='word_1_806' title='bbox 2581 5389 2750 5444; x_wconf 72' lang='lat' dir='ltr'><strong>xxx.</strong></span> <span class='ocrx_word' id='word_1_807' title='bbox 2781 5386 3009 5444; x_wconf 87' lang='lat' dir='ltr'><strong>ULPIO.</strong></span> 
     </span>
    </p>
   </div>
   <div class='ocr_carea' id='block_1_113' title="bbox 2078 5475 3589 5554">
    <p class='ocr_par' dir='ltr' id='par_1_113' title="bbox 2078 5475 3589 5554">
     <span class='ocr_line' id='line_1_113' title="bbox 2078 5475 3589 5554; baseline -0.01 -10"><span class='ocrx_word' id='word_1_808' title='bbox 2078 5490 2243 5545; x_wconf 83' lang='lat' dir='ltr'><strong>Multa</strong></span> <span class='ocrx_word' id='word_1_809' title='bbox 2275 5487 2501 5542; x_wconf 73' lang='lat' dir='ltr'><strong>crimina</strong></span> <span class='ocrx_word' id='word_1_810' title='bbox 2541 5501 2660 5554; x_wconf 59' lang='lat' dir='ltr'><strong>quae</strong></span> <span class='ocrx_word' id='word_1_811' title='bbox 2705 5492 2890 5538; x_wconf 90' lang='lat' dir='ltr'><strong>contra</strong></span> <span class='ocrx_word' id='word_1_812' title='bbox 2937 5495 2986 5536; x_wconf 90' lang='lat' dir='ltr'><strong>te</strong></span> <span class='ocrx_word' id='word_1_813' title='bbox 3018 5481 3427 5536; x_wconf 78' lang='lat' dir='ltr'><strong>intendet-anius</strong></span> <span class='ocrx_word' id='word_1_814' title='bbox 3452 5475 3589 5531; x_wconf 81' lang='lat' dir='ltr'><strong>effu-</strong></span> 
     </span>
    </p>
   </div>
   <div class='ocr_carea' id='block_1_114' title="bbox 2011 5573 3589 5653">
    <p class='ocr_par' dir='ltr' id='par_1_114' title="bbox 2011 5573 3589 5653">
     <span class='ocr_line' id='line_1_114' title="bbox 2011 5573 3589 5653; baseline -0.013 -14"><span class='ocrx_word' id='word_1_815' title='bbox 2011 5582 2136 5653; x_wconf 78' lang='lat' dir='ltr'><strong>gisti</strong></span> <span class='ocrx_word' id='word_1_816' title='bbox 2173 5600 2186 5638; x_wconf 89' lang='lat'><strong>:</strong></span> <span class='ocrx_word' id='word_1_817' title='bbox 2220 5598 2340 5636; x_wconf 92' lang='lat' dir='ltr'><strong>cum</strong></span> <span class='ocrx_word' id='word_1_818' title='bbox 2395 5579 2539 5634; x_wconf 89' lang='lat' dir='ltr'><strong>enim</strong></span> <span class='ocrx_word' id='word_1_819' title='bbox 2593 5577 2738 5630; x_wconf 77' lang='lat' dir='ltr'><strong>vrnit</strong></span> <span class='ocrx_word' id='word_1_820' title='bbox 2769 5574 3094 5645; x_wconf 85' lang='lat' dir='ltr'><strong>Strategius,</strong></span> <span class='ocrx_word' id='word_1_821' title='bbox 3148 5573 3358 5625; x_wconf 86' lang='lat' dir='ltr'><strong>litteras</strong></span> <span class='ocrx_word' id='word_1_822' title='bbox 3410 5580 3589 5621; x_wconf 89' lang='lat' dir='ltr'><strong>autem</strong></span> 
     </span>
    </p>
   </div>
   <div class='ocr_carea' id='block_1_115' title="bbox 2012 5661 3587 5734">
    <p class='ocr_par' dir='ltr' id='par_1_115' title="bbox 2012 5661 3587 5734">
     <span class='ocr_line' id='line_1_115' title="bbox 2012 5661 3587 5734; baseline -0.011 -4"><span class='ocrx_word' id='word_1_823' title='bbox 2012 5690 2120 5730; x_wconf 91' lang='lat' dir='ltr'><strong>non</strong></span> <span class='ocrx_word' id='word_1_824' title='bbox 2177 5672 2424 5734; x_wconf 87' lang='lat' dir='ltr'><strong>haberet,</strong></span> <span class='ocrx_word' id='word_1_825' title='bbox 2487 5668 2683 5722; x_wconf 86' lang='lat' dir='ltr'><strong>rubore</strong></span> <span class='ocrx_word' id='word_1_826' title='bbox 2733 5665 2952 5734; x_wconf 86' lang='lat' dir='ltr'><strong>quidem</strong></span> <span class='ocrx_word' id='word_1_827' title='bbox 3014 5662 3280 5733; x_wconf 82' lang='lat' dir='ltr'><strong>superfusi</strong></span> <span class='ocrx_word' id='word_1_828' title='bbox 3335 5661 3587 5714; x_wconf 83' lang='lat' dir='ltr'><strong>fuimus:</strong></span> 
     </span>
    </p>
   </div>
   <div class='ocr_carea' id='block_1_116' title="bbox 2011 5752 3592 5837">
    <p class='ocr_par' dir='ltr' id='par_1_116' title="bbox 2011 5752 3592 5837">
     <span class='ocr_line' id='line_1_116' title="bbox 2011 5752 3592 5837; baseline -0.008 -18"><span class='ocrx_word' id='word_1_829' title='bbox 2011 5764 2282 5837; x_wconf 87' lang='lat' dir='ltr'><strong>quomodo</strong></span> <span class='ocrx_word' id='word_1_830' title='bbox 2319 5762 2461 5816; x_wconf 89' lang='lat' dir='ltr'><strong>enim</strong></span> <span class='ocrx_word' id='word_1_831' title='bbox 2497 5774 2601 5814; x_wconf 90' lang='lat' dir='ltr'><strong>non</strong></span> <span class='ocrx_word' id='word_1_832' title='bbox 2628 5759 2698 5813; x_wconf 90' lang='lat' dir='ltr'><strong>ita</strong></span> <span class='ocrx_word' id='word_1_833' title='bbox 2729 5759 2912 5814; x_wconf 83' lang='lat' dir='ltr'><strong>esset?</strong></span> <span class='ocrx_word' id='word_1_834' title='bbox 2942 5771 3085 5826; x_wconf 72' lang='lat' dir='ltr'><strong>Stepe</strong></span> <span class='ocrx_word' id='word_1_835' title='bbox 3118 5765 3298 5809; x_wconf 92' lang='lat' dir='ltr'><strong>autem</strong></span> <span class='ocrx_word' id='word_1_836' title='bbox 3331 5752 3592 5822; x_wconf 80' lang='lat' dir='ltr'><strong>effugiens</strong></span> 
     </span>
    </p>
   </div>
   <div class='ocr_carea' id='block_1_117' title="bbox 2015 5839 3591 5924">
    <p class='ocr_par' dir='ltr' id='par_1_117' title="bbox 2015 5839 3591 5924">
     <span class='ocr_line' id='line_1_117' title="bbox 2015 5839 3591 5924; baseline -0.011 -11"><span class='ocrx_word' id='word_1_837' title='bbox 2015 5854 2233 5913; x_wconf 82' lang='lat' dir='ltr'><strong>dillicile</strong></span> <span class='ocrx_word' id='word_1_838' title='bbox 2275 5862 2469 5924; x_wconf 61' lang='lat' dir='ltr'><strong>cauus</strong></span> <span class='ocrx_word' id='word_1_839' title='bbox 2510 5859 2594 5909; x_wconf 84' lang='lat' dir='ltr'><strong>est</strong></span> <span class='ocrx_word' id='word_1_840' title='bbox 2628 5865 2642 5904; x_wconf 91' lang='lat'><strong>:</strong></span> <span class='ocrx_word' id='word_1_841' title='bbox 2679 5858 2735 5906; x_wconf 88' lang='lat' dir='ltr'><strong>et</strong></span> <span class='ocrx_word' id='word_1_842' title='bbox 2784 5851 3148 5919; x_wconf 77' lang='lat' dir='ltr'><strong>impudentem</strong></span> <span class='ocrx_word' id='word_1_843' title='bbox 3194 5845 3368 5918; x_wconf 90' lang='lat' dir='ltr'><strong>ipsum</strong></span> <span class='ocrx_word' id='word_1_844' title='bbox 3394 5854 3451 5900; x_wconf 86' lang='lat' dir='ltr'><strong>et</strong></span> <span class='ocrx_word' id='word_1_845' title='bbox 3489 5839 3591 5903; x_wconf 59' lang='lat' dir='ltr'><strong>diis</strong></span> 
     </span>
    </p>
   </div>
  </div>
