4046 6386
493 347 633 430 2743

1753 353 2106 418 PROCOPII
2143 354 2385 420 GAZ/EI

3627 367 3772 433 21“

493 467 776 522 inimicum
801 465 1161 538 appellabam,
1203 467 1347 538 quod
1377 467 1444 526 ad
1475 484 1573 527 nos
1599 469 1914 534 adveniens,
1943 469 2076 526 nihil

2193 468 2506 541 Ξιφιγμένος,
2553 470 2704 527 οὐδὲν
2744 472 2874 544 περὶ
2922 473 3076 544 ὑμῶν
3106 474 3215 537 τῶν
3263 477 3539 546 φιλτάτων
3587 482 3774 555 ἀπήγ-

490 562 558 614 de
585 559 736 614 vobis
771 560 861 630 qui
891 561 1196 615 charissimi
1238 562 1372 618 estis
1448 563 1808 627 annnntiavlt,
1858 563 1924 618 de
1957 563 2080 635 qui-

493 653 594 704 bus
642 665 785 721 saepe
823 650 1016 705 audire
1060 651 1424 721 exoptabam:
1471 661 1710 709 attamen
1745 654 1848 709 iste
1893 653 2079 710 defen-

493 744 702 800 sionem
737 743 1070 800 suliicienter
1112 735 1304 815 agebat
1340 764 1354 800 :
1383 747 1582 801 etenim
1619 761 1839 802 causam
1886 745 2079 802 aﬂere-

498 837 589 890 bat
615 834 818 906 fugam,
845 835 990 906 quod
1026 833 1380 904 litterasnon
1413 834 1621 894 ferret:
1655 846 1712 892 et
1739 836 1812 891 illi
1858 837 2076 906 quidem

500 927 551 979 in
581 925 665 982 his
709 927 1054 982 erubescenti
1100 927 1314 982 veniam
1352 927 1664 997 largiebar:
1703 929 1949 986 dicebam
1981 943 2078 982 au-

497 1025 605 1072 tem
630 1017 768 1071 infra
802 1017 1066 1086 meipsnm
1114 1027 1313 1086 quanta
1350 1017 1566 1074 auferre
1608 1028 1662 1074 et
1698 1028 1908 1074 mutare
1942 1028 2076 1074 tem-

497 1123 598 1179 pus
649 1108 882 1164 noverit.
934 1109 1165 1178 Quando
1217 1111 1362 1165 cnim
1409 1112 1604 1166 nobilis
1646 1112 1829 1182 Ulpins
1883 1126 2081 1170 nostra:

499 1202 738 1270 antiquae
777 1201 1014 1257 fortuna:
1049 1204 1324 1274 particeps
1347 1213 1484 1268 erat,
1518 1207 1726 1260 amicus
1768 1217 1887 1260 erat
1919 1218 1971 1264 et
2002 1208 2081 1261 vi-

499 1295 748 1362 debatur,
800 1305 855 1352 et
903 1313 1178 1368 nunquam
1237 1299 1287 1353 in
1345 1299 1583 1353 animum
1636 1298 1875 1354 venisset
1932 1300 2078 1354 illum

500 1381 818 1446 mutandum
863 1395 1023 1438 esse:
1068 1399 1188 1437 cum
1225 1395 1403 1438 autem
1447 1383 1766 1453 magnificus
1815 1385 2082 1442 exaltatns

497 1481 582 1530 est
609 1482 664 1528 et
693 1488 920 1542 magnus
950 1475 1143 1536 evasit.
1175 1474 1533 1530 intolerabilis
1557 1485 1641 1530 est
1669 1476 1806 1530 bona
1844 1476 2082 1546 gaudens

497 1566 736 1633 fortuna,
767 1578 821 1624 et
851 1582 946 1624 eos
977 1568 1069 1639 qui
1106 1579 1262 1623 erant
1313 1579 1471 1624 antea
1501 1569 1660 1624 amici
1693 1569 2031 1625 obliviscitur
2064 1588 2078 1625 :

500 1657 638 1714 bona
673 1661 904 1730 gaudeat
929 1660 1142 1716 fortuna
1177 1672 1408 1725 tantum,
1443 1674 1497 1714 et
1520 1663 1798 1718 moderate
1830 1662 2082 1718 sustine-

500 1753 679 1808 bimus
710 1753 946 1822 despecti
978 1772 992 1808 :
1028 1756 1142 1809 hzec
1172 1763 1226 1810 et
1256 1755 1452 1810 similia
1490 1755 1714 1811 dicens:
1748 1755 1913 1810 multa
1946 1771 2079 1810 con-

2181 560 2351 631 γειλε,
2419 579 2546 632 περι
2600 556 2676 618 ὧν
2723 564 2982 630 πολλάκις
3036 566 3284 640 ηὐχόμην
3333 571 3595 628 ἀκούειν’
3653 577 3774 634 ἀλλ’

2181 653 2331 722 ὅμως
2394 654 2602 718 ἐκεῖνος
2669 656 2771 725 τὴν
2801 656 3102 726 ἀπολογίαν
3147 661 3348 727 ίκανῶς
3375 665 3615 719 ἐποιεῖτο
3636 684 3650 696 ·
3676 673 3775 723 καὶ

2182 742 2292 815 γὰρ
2342 744 2515 798 αἴτιον
2575 745 2728 814 ἔλεγε
2773 747 2873 818 τὴν
2925 750 3128 821 φυγὴν,
3190 752 3270 806 ὅτι
3323 756 3636 826 γράμματα
3692 760 3773 829 μὴ

2182 835 2433 906 κομίζοιο
2475 838 2716 910 κάκείνῳ
2767 839 2866 910 μὲν
2896 842 3228 914 συγγνώμην
3272 846 3482 912 ὲδὶδων,
3509 850 3605 902 ἐπὶ
3639 851 3770 904 τού-

2181 943 2296 990 τοις
2352 927 2697 1001 ἐρυθριῶντι.
2736 929 2961 1001 Ἔλεγον
2989 933 3048 986 δὲ
3079 934 3218 1005 πρὸς
3255 938 3510 1008 ἐμαυτὸν,
3571 940 3675 995 ὅσα
3706 941 3777 1014 δὴ

2182 1017 2368 1091 φέρειν
2397 1020 2490 1077 καὶ
2524 1022 2888 1091 μεταϐάλλειν
2916 1023 3055 1079 οἶδεν
3084 1027 3113 1080 ὁ
3143 1027 3358 1099 χρόνος.
3400 1031 3643 1098 Οὐλπιος
3662 1036 3774 1104 γὰρ

2180 1110 2209 1161 ὁ
2233 1108 2392 1174 καλὸς
2424 1111 2585 1181 ἡνίκα
2609 1113 2707 1184 μὲν
2727 1115 2860 1185 ἡμῖν
2880 1115 2980 1187 τῆς
3003 1115 3242 1182 παλαιᾶς
3262 1121 3541 1178 ἐκοινώνει
3572 1123 3773 1195 τύχης,

2183 1202 2336 1273 φίλος
2366 1221 2427 1257 τε
2455 1200 2525 1276 ἦν
2554 1206 2647 1259 καὶ
2697 1207 2892 1274 ἐδόκει,
2929 1211 3024 1264 καὶ
3076 1212 3175 1265 οὐκ
3207 1213 3272 1268 ἄν
3325 1231 3455 1269 ποτε
3496 1215 3663 1288 ᾤμην
3697 1219 3776 1283 ὡς

2186 1297 2614 1367 μεταϐάλλοιτο’
2675 1299 2750 1364 ὡς
2803 1300 2860 1355 δὲ
2915 1301 3170 1375 λαμπρὸς
3220 1306 3366 1378 ἤρθη
3417 1308 3515 1362 καὶ
3574 1310 3773 1379 γέγονε

2185 1389 2381 1461 μέγας,
2437 1392 2709 1466 ἀφόρητος
2768 1397 2916 1449 ἐστιν
2972 1398 3238 1470 εὐτυχῶν,
3287 1401 3518 1456 καὶτῶν
3573 1403 3774 1474 πρώην

2182 1483 2404 1542 ἐκείνων
2463 1483 2900 1542 ἐπιλανθάνεται.
2967 1488 3233 1562 Εὐτυχοίη
3285 1492 3343 1548 δὲ
3405 1493 3612 1564 μόνον,
3675 1496 3775 1549 καὶ

2182 1576 2401 1647 οἴσομεν
2427 1578 2832 1650 παρορώμενοι.
2867 1581 3053 1637 Ταῦτα
3085 1585 3178 1639 καὶ
3206 1585 3275 1640 τὰ
3309 1584 3538 1642 τοιαῦτα
3565 1587 3770 1656 λέγων,

2185 1668 2386 1742 πολλὴν
2425 1671 2566 1725 κατὰ
2597 1671 2692 1725 σοῦ
2739 1676 3082 1745 κατηγορίαν
3135 1678 3448 1749 συνέλεγον.
3486 1680 3576 1744 Ὠς
3606 1680 3664 1734 δέ
3688 1699 3773 1746 τις

2186 1760 2357 1814 ἐλθὼν
2408 1762 2511 1834 τὴν
2557 1765 2686 1834 παρ’
2740 1764 2896 1836 ὑμῶν
2927 1768 3222 1842 ἐπιστολὴν
3253 1771 3522 1838 ἐπεδίδου,
3549 1772 3774 1845 πρῶτον

499 1854 580 1900 tra
629 1855 681 1901 te
733 1844 1065 1900 instruebam
1112 1823 1390 1901 crimina:
1447 1863 1568 1902 cum
1616 1865 1744 1904 vero
1781 1849 1977 1918 aliquis
2009 1850 2082 1903 in-

2193 1853 2288 1924 μὲν
2314 1854 2444 1925 πρὶν
2465 1823 2924 1922 ’λῦσαινπολλάκις
2952 1861 3051 1929 τὴν
3069 1823 3767 1935 ἐιιτιγριιφὴντίγσντταίίδμηνζ

497 1952 717 2006 gressus
747 1953 776 1992 a
804 1939 957 1995 vobis
987 1938 1270 2009 epistolam
1313 1941 1555 2006 tradidit,
1589 1941 1821 2010 primum
1861 1941 2076 2010 quidem

497 2041 625 2087 ante
700 2032 930 2089 solutam
1002 2048 1144 2103 saepe
1230 2034 1636 2104 inscriptionem
1720 2031 2074 2089 osculabar:

501 2124 697 2181 deinde
770 2125 824 2181 in
885 2124 1099 2182 litteras
1167 2127 1444 2192 incidens,
1513 2126 1788 2182 dilationis
1853 2140 2077 2182 causam

501 2218 704 2284 inveni,
765 2226 820 2273 et
878 2234 983 2274 non
1040 2219 1386 2274 mediocriter
1416 2221 1636 2290 gavisus
1679 2235 1796 2274 smn
1855 2227 1960 2275 :et
1995 2232 2079 2274 me

502 2309 798 2380 paenitebat
837 2311 1126 2364 verborum
1172 2327 1290 2378 quae
1333 2321 1458 2366 ante
1515 2312 1841 2382 protulerant
1882 2331 1895 2367 :
1928 2311 2077 2366 dice-

505 2406 624 2457 bam
658 2414 836 2458 autem
895 2404 1094 2474 potius,
1135 2404 1269 2473 proh
1321 2419 1482 2474 quam
1532 2404 1696 2460 multa
1733 2405 2079 2474 suspicantur

503 2497 780 2552 homines!
814 2497 1188 2552 admirabilem
1233 2498 1377 2553 enim
1411 2508 1653 2554 nostrum
1697 2497 1915 2568 Ulpium
1958 2513 2080 2552 mu-

501 2589 637 2645 tavit
666 2605 838 2661 neque
867 2601 1078 2662 tempus
1107 2605 1280 2662 neque
1307 2591 1546 2657 fortuna,
1577 2591 1672 2647 sed
1701 2598 1785 2645 est
1814 2590 2080 2660 benignus

2185 1940 2305 2001 εἶτα
2331 1949 2444 2012 τοῖς
2474 1947 2812 2026 [γράμμασι]
2848 1955 3181 2027 περιτυχὼν,
3217 1957 3314 2010 καὶ
3343 1956 3442 2029 τὴν
3467 1958 3773 2028 ἀπολογίαν

2184 2037 2278 2092 τοῦ
2319 2038 2550 2110 βράδους
2571 2042 2764 2115 εὑρὼν,
2792 2045 2968 2118 ἥσθην
2996 2048 3059 2101 οὐ
3091 2048 3362 2119 μετρίως⁶
3399 2050 3495 2105 καὶ
3537 2051 3774 2123 μετέμε-

2183 2129 2274 2184 λέν
2307 2150 2398 2203 μοι
2437 2134 2547 2189 τῶν
2601 2135 2796 2208 πρώην
2845 2140 3108 2211 ῥημάτων
3130 2159 3143 2172 ·
3199 2142 3388 2209 ἔλεγον
3423 2143 3482 2198 δέ
3518 2145 3727 2216 μᾶλλον
3754 2161 3771 2179 ·

2183 2223 2288 2278 Φεῦ
2319 2225 2394 2289 ὡς
2418 2227 2586 2282 πολλὰ
2627 2231 2827 2299 μᾶλλον
2868 2232 3272 2288 ὑποπτεύουσιν
3325 2236 3642 2308 ἆνθρωποιί
3681 2237 3775 2292 τδν

2184 2313 2498 2386 θαυμαστὸν
2545 2319 2656 2392 γὰρ
2685 2323 2819 2394 ἡμῖν
2863 2323 3099 2380 Οὐλπιον
3137 2327 3438 2396 μετέϐαλεν
3473 2328 3600 2383 οὔτε
3647 2330 3775 2401 χρό-

2183 2422 2272 2470 νος
2305 2407 2428 2462 οὔτε
2451 2411 2483 2482 ἡ
2508 2410 2666 2482 τύχη,
2715 2414 2832 2468 ἀλλ’
2885 2415 3186 2488 εὐγνώμων
3213 2419 3275 2474 τέ
3301 2420 3473 2487 ἐστιν,
3504 2421 3658 2491 κάμὲ
3680 2422 3775 2475 τὸν

2183 2499 2478 2572 εὐεργέτην
2526 2504 2814 2561 ἐπίσταται
2843 2523 2858 2540 ο
2917 2502 3034 2563 ἀλλ’
3085 2511 3236 2581 ὅμως
3270 2511 3346 2584 μὴ
3387 2513 3552 2569 πάλιν
3603 2513 3777 2567 σιγῶν

2184 2587 2340 2658 αὖθις
2370 2596 2520 2664 ἡμᾶς
2551 2597 2636 2662 είς
2656 2598 2754 2670 τὴν
2785 2601 3125 2671 κατηγορίαν
3163 2604 3442 2674 ἐνέγκαις.

509 2703 566 2748 et
595 2705 682 2746 me
707 2687 1114 2750 benefactorem
1161 2703 1282 2746 esse
1316 2704 1423 2750 non
1468 2691 1722 2760 ignorat:
1755 2688 1849 2746 sed
1883 2687 2090 2758 pariter
2126 2702 2196 2744 ne
2225 2688 2422 2745 iterum
2452 2692 2618 2749 silens
2645 2709 2746 2750 nos
2811 2696 2880 2750 ad
2916 2697 3316 2754 accusationem
3382 2699 3772 2756 intendendam

504 2784 725 2841 ωῶωι

1047 2874 1223 2932 XXXI
1256 2873 1526 2931 SiLANO.

2428 2871 2558 2926 AA'.
2607 2871 2877 2944 ΣΙΛΑΝῼ.
2913 2871 3109 2944 [Βιηιά.
3160 2876 3501 2950 sumne.)

574 2969 785 3043 Quanta
816 2984 914 3045 spe
945 2985 1040 3024 nos
1077 2968 1304 3039 cjeceris
1347 2969 1528 3023 dicere
1555 2982 1660 3022 non
1693 2979 1914 3037 posses:
1955 2979 2080 3020 cum

2265 2964 2626 3037 Ἐξέκρουσας
2683 2967 2830 3035 ἡμᾶς
2875 2966 3112 3033 ἐλπίδος,
3159 2969 3271 3022 οὐδ’
3312 2970 3378 3023 ἂν
3421 2972 3600 3026 εἰπεῖν
3630 2971 3776 3041 ἔχοις

502 3064 648 3121 enim
690 3073 834 3119 tuam
866 3062 1153 3131 epistolam
1209 3059 1354 3116 inter
1401 3075 1593 3114 manus
1635 3058 1989 3129 accepissem.
2030 3065 2086 3112 et

2193 3056 2407 3128 Βπὸσης.
2465 3056 2611 3127 Ἐγὼ
2649 3057 2756 3128 γάρ
2793 3059 3014 3130 σουίτὴν
3036 3060 3309 3130 προτέραν
3343 3063 3639 3132 ἐπιστολὴν
3694 3064 3776 3126 είς

507 3175 576 3214 ex
607 3158 726 3229 ipsa
751 3157 1040 3227 cognitum
1093 3155 1287 3212 fuisset
1313 3165 1364 3210 te
1397 3152 1555 3224 paulo
1597 3160 1718 3222 post
1760 3151 2082 3215 rediturum,

2193 3150 2375 3221 χεῖρας
2404 3149 2609 3215 λαϐὼν,
2672 3151 2766 3204 καὶ
2795 3151 2958 3219 γνοὺς
2984 3150 3044 3217 ἐξ
3081 3152 3254 3224 αὐτῆς
3290 3151 3365 3217 ὡς
3393 3154 3593 3224 μικρὸν
3615 3153 3744 3208 ὖστε
3769 3184 3774 3190 -

507 3251 719 3309 ltctatus
751 3267 870 3307 sum
902 3259 957 3305 et
979 3250 1215 3305 animant
1242 3263 1353 3320 pra:
1369 3245 1651 3318 Voluptate
1685 3243 1956 3313 recipiens
1997 3242 2082 3297 in-

2193 3258 2281 3313 pov
2337 3243 2469 3312 ἠμῖν
2497 3240 2809 3314 ἐπανήξεις,
2841 3241 3018 3313 ἥσθην
3043 3259 3103 3295 τε
3133 3243 3229 3296 καὶ
3283 3243 3427 3313 μέγα
3459 3244 3553 3314 ὑφ’
3573 3245 3776 3316 ἡδονῆς

503 3342 759 3416 quicbam
801 3361 816 3398 :
851 3339 896 3398 0
922 3339 1157 3412 Jupiter,
1198 3341 1312 3396 haec
1362 3337 1659 3394 eveniant:
1713 3335 1878 3406 igitur
1919 3333 2082 3386 animi

2193 3333 2536 3396 ἁναπνεύσας
2561 3331 2695 3405 ἔφην
2719 3350 2731 3363 °
2761 3330 2832 3388 Ὦ
2864 3335 2988 3401 Ζεῦ,
3017 3335 3226 3404 γένοιτο
3251 3333 3446 3392 ταῦτα.
3474 3337 3780 3411 Τοιγαροῦν

503 3449 804 3506 suspensus
843 3449 994 3490 eram
1043 3431 1270 3506 singulis
1303 3431 1494 3486 diebus
1532 3437 1585 3485 et
1620 3444 1674 3482 m
1708 3442 1899 3480 vanam
1937 3440 2086 3495 spem

2195 3425 2470 3496 μετέωρος
2501 3422 2568 3498 ἦν
2599 3428 2875 3499 ὁσημέραι
2912 3428 3006 3483 καὶ
3053 3428 3148 3482 ἐπὶ
3185 3429 3397 3499 κούφης
3425 3429 3649 3484 ἔϐαινον
3674 3433 3777 3502 τῆς

507 3530 836 3595 incidebam,
864 3527 1122 3584 dictitans
1149 3545 1162 3582 :
1211 3525 1378 3596 igitur
1423 3539 1660 3594 unquam
1692 3521 1888 3576 videbo
1919 3528 1974 3574 et
2009 3518 2089 3572 al-

508 3621 702 3692 loquar
725 3620 819 3690 qui
847 3619 1046 3674 dudum
1082 3635 1186 3676 non
1222 3618 1392 3683 venit,
1424 3626 1476 3670 et
1504 3617 1699 3670 iterum
1727 3613 1826 3669 iste
1854 3612 2045 3666 fiebam
2073 3628 2087 3665 :

508 3728 632 3769 cum
669 3719 849 3768 autem
883 3720 1094 3782 tempus
1124 3720 1270 3766 esset
1299 3719 1486 3765 contra
1524 3721 1698 3776 spem,
1725 3721 1830 3761 non
1854 3704 2092 3759 scribere

510 3803 800 3874 diguabar,
843 3802 1195 3866 incentivum,
1253 3798 1525 3870 inquiunt,
1576 3795 1778 3851 amoris
1829 3793 1956 3848 illud
2016 3793 2091 3845 fa-

511 3897 686 3960 ciens,
721 3902 780 3950 ut
809 3893 1088 3950 contemni
1121 3892 1289 3957 visus,
1329 3892 1396 3946 ad
1435 3906 1533 3946 nos
1561 3888 1868 3952 festinares,
1905 3885 2092 3940 volens

515 3988 614 4046 tibi
652 3985 986 4056 exprobrare
1035 3983 1178 4054 quod
1234 3981 1533 4038 amicorum
1578 3997 1682 4035 non
1735 3979 2090 4033 memineris:

513 4087 570 4132 et
615 4076 747 4132 tnibi
797 4075 998 4130 videris
1047 4073 1348 4130 Strotocles
1388 4071 1546 4128 nobis
1586 4072 1772 4126 rhetor
1819 4071 2090 4124 evadere:

515 4172 616 4234 iste
664 4169 811 4226 enim
861 4168 1019 4225 victis
1071 4162 1500 4222 Atheniensibus
1547 4173 1602 4220 et
1652 4163 1816 4219 sortis
1871 4161 2094 4231 ignaris,

516 4262 801 4318 victoriam
837 4260 1219 4327 annuntiavit;
1255 4259 1439 4314 statim
1470 4257 1632 4330 igitur
1665 4257 1792 4310 urbs
1825 4265 2094 4310 commota

515 4365 624 4422 est,
658 4365 712 4410 et
745 4356 813 4411 ad
852 4354 1010 4410 ludos
1049 4351 1428 4424 praecipitabat
1476 4361 1534 4404 et
1569 4347 1894 4403 infortunati
1943 4347 2095 4401 lauta-

513 4449 761 4505 bantur:
795 4463 918 4504 cum
967 4456 1150 4507 autem
1179 4445 1382 4502 veritas
1423 4442 1637 4508 cognita
1682 4453 1786 4504 est,
1827 4450 1882 4496 et
1924 4437 2097 4494 errori

509 4537 622 4607 jam
654 4553 762 4598 non
799 4546 944 4597 esset
975 4539 1146 4606 locus,
1181 4538 1234 4594 in
1266 4552 1374 4608 quo
1407 4535 1484 4590 ait
1513 4532 1812 4589 Stratocles
1843 4531 2096 4602 injuriam

516 4630 644 4696 feci,
675 4632 724 4688 si
766 4630 976 4692 duabus
1015 4632 1206 4688 diebus
1254 4630 1490 4686 laetiores
1533 4642 1629 4698 per
1676 4638 1761 4681 me
1792 4623 2006 4680 fuistis?
2044 4634 2096 4679 et
2133 4609 2176 4666 ὓ

518 4722 735 4778 lucrum
763 4732 884 4779 erat
913 4733 1108 4778 error:
1141 4723 1235 4782 sed
1267 4737 1390 4779 cum
1425 4721 1616 4776 matris
1655 4734 1816 4776 causa
1853 4728 1908 4774 et
1947 4731 2103 4786 nego-

521 4815 582 4873 tii
639 4816 815 4890 potior
867 4815 1104 4872 Pindaro
1193 4824 1475 4888 appareat,
1543 4823 1594 4868 te
1669 4813 1880 4869 videret
1940 4811 2100 4868 citius

520 4907 698 4982 patria
719 4917 776 4964 et
802 4923 904 4966 nos
939 4920 1059 4979 post
1077 4925 1217 4964 eam.

875 4999 1090 5058 XXXII.
1116 4998 1436 5058 PHILIPPO
1461 4997 1742 5054 FRATRI.

596 5099 739 5157 Ecce
768 5099 862 5158 tibi
899 5100 1096 5156 iterum
1140 5096 1426 5167 epistolam
1475 5096 1759 5156 mittimus,
1814 5102 1867 5148 et
1906 5091 2101 5146 iterum

519 5195 663 5253 bene
703 5194 828 5251 novi
878 5208 1050 5265 quare
1106 5189 1363 5247 silueris:
1413 5198 1470 5244 et
1499 5189 1544 5244 si
1580 5188 1712 5244 mihi
1759 5186 1886 5243 illud
1924 5185 2104 5240 dicere

521 5301 666 5358 aegre
709 5285 904 5342 ferenti
955 5285 1288 5355 ignosceres,
1336 5282 1389 5338 in
1460 5281 1936 5353 praesumptionem
2009 5277 2103 5332 tibi

522 5395 678 5437 versa
724 5388 807 5434 est
841 5377 1072 5446 indoles,
1109 5387 1167 5433 ct
1198 5391 1308 5432 non
1343 5376 1424 5431 vis
1461 5389 1744 5430 remanere
1775 5374 1951 5442 qualis
1984 5387 2107 5426 eras

523 5483 580 5530 et
615 5483 773 5529 antea
802 5490 818 5529 :
849 5472 943 5528 sed
979 5472 1103 5526 licet
1137 5485 1242 5525 non
1273 5483 1422 5524 mare
1449 5466 1713 5537 Bosphori
1740 5464 2110 5531 transfretavi,

525 5574 582 5622 et
613 5565 758 5635 regis
803 5564 993 5621 urbem
1043 5564 1322 5633 ingressus
1359 5577 1519 5617 sum:
1570 5559 1772 5628 pariter
1798 5570 1850 5612 et
1892 5571 1992 5626 ego
2034 5569 2111 5610 re-

526 5674 646 5728 gem
681 5673 934 5729 magnum
974 5657 1184 5722 videns,
1231 5665 1288 5710 et
1323 5655 1620 5724 primorum
1665 5662 1843 5720 togam
1885 5660 1940 5704 ct
1994 5667 2108 5704 ma-

525 5755 814 5824 gistratum
839 5752 1128 5822 quemdam
1174 5751 1470 5804 maximum
1508 5747 1858 5820 appellatum,
1891 5756 1945 5800 ct
1973 5762 2094 5816 qum

529 5854 658 5902 sunt
688 5847 973 5918 magnifica
1003 5845 1142 5918 apud
1169 5861 1281 5913 vos,
1317 5844 1432 5904 sive
1448 5858 1562 5900 rem
1593 5843 1723 5919 veJis
1758 5841 1964 5907 dicere,
1991 5839 2105 5898 sive

537 5948 555 5981 ³
581 5942 716 6001 lstb.
747 5955 786 6010 ι,
813 5940 869 5996 2.

2191 3519 2430 3584 ἐλπίδος,
2492 3519 2674 3573 πυκνὰ
2711 3519 2770 3572 δὲ
2804 3518 3013 3590 λέγων·
3041 3515 3190 3592 Ἀρά
3240 3539 3369 3576 ποτε
3430 3522 3638 3593 ὄψομαι
3685 3523 3780 3576 καὶ

2195 3611 2478 3682 προσείπω
2536 3611 2771 3680 χρόνιον,
2820 3612 2916 3665 καὶ
2947 3613 3208 3686 γενοίμην
3233 3613 3385 3678 αὖθις
3414 3615 3627 3680 ἐκεῖνος
3646 3632 3662 3647 ο
3706 3615 3781 3679 ὡς

2193 3705 2251 3758 δέ
2282 3703 2472 3775 χρόνος
2519 3698 2588 3776 ἦν
2644 3705 2774 3775 παρ’
2832 3705 3074 3772 ἐλπίδας,
3127 3707 3249 3761 οὐδὲ
3297 3708 3506 3778 γράψαι
3569 3708 3778 3778 ἠξίουν,

2196 3795 2486 3867 ἐρέθισμα,
2515 3796 2924 3868 φησὶνξέρωτος
2956 3797 3115 3850 τοῦτο
3127 3798 3318 3863 ποιῶν,
3338 3799 3488 3863 ὅπως
3514 3800 3582 3854 ἂν
3614 3817 3780 3854 καταο

2199 3889 2518 3960 φρονεῖσθαι
2581 3890 2774 3956 δοκῶν,
2803 3890 2887 3943 ἔτι
2925 3891 3125 3962 μᾶλλον
3153 3893 3399 3960 ἐπείγοιο
3425 3892 3560 3962 πρὸς
3604 3894 3779 3963 ἡμᾶς,

2198 3983 2454 4037 ὀνειδίσαι
2505 3983 2676 4037 θέλων
2703 3983 2764 4038 τὸ
2803 3983 2878 4054 μὴ
2913 3983 3084 4052 φίλων
3127 3983 3464 4055 μεμνῆσθαι.
3521 3983 3632 4037 Καί
3691 4001 3780 4053 μοι

2197 4078 2374 4142 δοκεῖς
2417 4077 2760 4148 Στρατοκλῆς
2808 4078 2942 4148 ἡμῖν
2969 4080 2997 4133 ὁ
3028 4078 3216 4150 ῥήτωρ
3243 4076 3538 4145 γενέσθαι·
3572 4076 3780 4140 ἐκεῖνος

2198 4169 2309 4241 γὰρ
2326 4169 2663 4240 ἡττωμένοις
2679 4171 2790 4234 τοῖς
2805 4169 3113 4240 Ἀθηναίοις
3137 4169 3233 4223 καὶ
3248 4169 3346 4240 τὴν
3364 4168 3536 4239 τύχην
3551 4168 3780 4235 ἀγνοοῦ-

2201 4279 2276 4330 σι,
2313 4263 2472 4335 νίκην
2495 4263 2852 4333 ἀπήγγειλεν.
2890 4263 3066 4328 Εὐθὺς
3092 4258 3186 4317 οὖν
3218 4265 3250 4334 ὴ
3284 4261 3436 4326 πόλις
3496 4259 3658 4332 ὀρθὴ,
3690 4259 3783 4313 καὶ

2200 4353 2418 4420 παίζειν
2465 4355 2668 4418 ἀνεῖτο,
2706 4355 2799 4407 καὶ
2828 4353 3216 4424 δυστυχοῦντες
3265 4352 3642 4423 εὐφραίνοντο.
3699 4350 3784 4413 Ὠς

2200 4446 2257 4500 δέ
2293 4445 2526 4516 τάληθὲς
2545 4444 2810 4515 ἠγγέλθη,
2836 4443 3008 4497 καὶτὸ
3035 4445 3212 4499 δοκεῖν
3238 4441 3306 4516 ἦν
3336 4445 3542 4507 οὐκέτι,
3570 4443 3639 4497 Τί
3677 4442 3783 4512 γὰρ

2203 4537 2369 4608 φησὶν
2395 4537 2423 4589 ὁ
2447 4535 2817 4606 Στρατοκλῆς,
2841 4534 3081 4606 ἠδίκουν,
3102 4536 3150 4589 εί
3179 4535 3323 4588 δυοῖν
3344 4536 3579 4607 ἡμέραιν
3598 4534 3782 4604 ἡδίους

2207 4630 2470 4699 γεγόνατε
2521 4629 2586 4683 δι’
2618 4627 2752 4699 ἐμέ;
2807 4631 2902 4684 καὶ
2959 4627 3152 4702 κέρδος
3202 4625 3269 4700 ἦν
3303 4628 3362 4682 τὺ
3400 4629 3607 4683 δοκεῖν⁶
3668 4627 3780 4681 ἀλλ’

2204 4723 2392 4793 ἐπειδὴ
2423 4721 2630 4794 μητρὸς
2674 4724 2908 4794 πρᾶγμα
2940 4722 3040 4777 καὶ
3070 4721 3324 4793 ἀσχολίας
3378 4721 3681 4792 ὑπέρτερον
3711 4719 3785 4784 τῷ

2206 4815 2457 4888 Πινδάρῳ
2481 4815 2498 4846 ⁸
2537 4815 2707 4883 δοκεῖ,
2745 4817 2843 4870 ῐδοι
2871 4835 2931 4870 σε
2958 4817 3153 4872 θᾶττον
3191 4818 3224 4887 ἡ
3266 4815 3467 4886 πατρὶς
3516 4817 3614 4869 καὶ
3671 4814 3786 4886 μετ’

2206 4907 2424 4980 ἐκείνην
2448 4907 2627 4979 ἡμεῖς.

2608 4997 2732 5054 AB’.
2768 4999 3050 5071 emunt)
3078 4999 3364 5071 ΔΔΕΛΦῼ.

2278 5091 2411 5146 Ἰδού
2445 5111 2530 5148 σοι
2585 5093 2748 5147 πάλιν
2792 5093 3050 5165 ἐπιστολὴ
3106 5095 3238 5164 παρ’
3280 5090 3468 5163 ἡμῶν·
3506 5091 3605 5144 καὶ
3628 5090 3790 5143 πάλιν

2209 5185 2268 5242 εὖ
2296 5182 2392 5241 οἷδ’
2421 5188 2450 5241 ὃ
2476 5206 2530 5241 τι
2563 5188 2799 5259 σιγήσας
2821 5229 2836 5253 ,
2900 5188 2996 5240 καὶ
3029 5186 3082 5240 εἴ
3117 5203 3209 5257 μοι
3258 5186 3408 5254 δοίης
3459 5184 3792 5254 συγγνώμην

2209 5283 2494 5356 ἀχθομένῳ
2511 5283 2717 5352 λέγειν,
2753 5281 3158 5353 μεταϐέϐληταί
3187 5297 3270 5335 σοι
3299 5279 3440 5351 πρὸς
3467 5277 3791 5343 ἀλαζονείαν

2209 5380 2238 5433 ὁ
2265 5378 2487 5450 τρόπος,
2547 5379 2641 5432 καὶ
2673 5377 2734 5431 οὐ
2766 5377 2944 5440 θέλεις
3008 5376 3195 5446 μένειν
3219 5368 3332 5438 οἷος
3358 5369 3504 5445 ἦσθα
3529 5371 3628 5427 καὶ
3659 5372 3790 5443 πρός

2211 5489 2390 5542 τεροψ
2423 5471 2608 5526 ἁλλέὗ
2630 5488 2694 5540 γε
2724 5472 2806 5526 ὅτι
2840 5470 2916 5540 μὴ
2945 5469 3043 5541 τὴν
3070 5469 3166 5523 τοῦ
3185 5466 3466 5537 Βοσπόρου
3493 5464 3792 5518 διέπλευσα

2213 5563 2503 5629 θάλατταν,
2561 5564 2657 5618 καὶ
2696 5563 2962 5633 βασιλέως
3004 5563 3160 5615 πόλιν
3209 5562 3449 5631 ἀφῖγμαι
3475 5574 3489 5588 ο
3527 5557 3661 5621 ἴσως
3686 5557 3792 5627 γὰρ

2212 5655 2277 5710 ἂν
2324 5656 2484 5726 κάγὼ
2537 5655 2760 5725 βασιλέα
2799 5656 2892 5709 τὸν
2933 5657 3106 5724 μέγαν
3128 5654 3293 5725 ὁρῶν,
3323 5653 3418 5707 καὶ
3442 5650 3542 5722 τὴν
3573 5649 3791 5703 ὑπάτων

2214 5749 2406 5820 στολὴν
2458 5749 2553 5802 καὶ
2611 5749 2785 5819 ἀρχὴν
2835 5748 2898 5817 δή
2934 5764 3057 5800 τινα
3119 5746 3385 5816 μεγίστην
3426 5743 3788 5812 καλουμένην,

2217 5843 2311 5897 καὶ
2343 5844 2408 5900 τὰ
2441 5845 2612 5914 σεμνὰ
2641 5843 2704 5916 δὴ
2733 5843 2904 5898 ταῦτα
2959 5840 3088 5914 παρ’
3139 5840 3314 5914 ὑμῶν,
3351 5838 3464 5894 εἴτε
3493 5835 3788 5909 πράγματα
