4046 6386
250 337 391 404 27ξῦ

1684 350 2089 418 ΕΡΙδΤΟιίἘ.

3368 352 3509 416 2746
3554 386 3558 390 ~

253 451 437 524 βούλει
483 449 663 520 λέγειν
708 451 818 506 εἴτε
845 453 1106 524 ὀνόματα,
1161 457 1345 529 ὲπῆρα
1375 457 1475 530 τὴν
1514 459 1708 532 ὀφρὺν,
1736 463 1832 513 καὶ

1936 473 2156 525 nomen,
2203 461 2490 530 supercilia
2543 461 2766 517 allevari
2807 471 2861 522 et
2902 476 3154 534 magnum
3205 465 3332 534 quid
3370 467 3502 523 all'e-

251 543 504 600 νσανικὸν
558 544 843 617 ἐφρόνουν,
892 547 1030 618 πρὸς
1059 547 1162 620 τὴν
1209 549 1320 604 τῶν
1362 551 1830 624 ὁρωμένωνὲπαιε

254 635 486 708 ρόμενος
519 637 711 710 τύχην,
742 639 838 694 καί
875 657 964 711 μοι
990 640 1058 694 τὰ
1080 641 1248 696 πάλαι
1269 642 1401 712 φίλα
1429 644 1593 716 λῆρος
1626 644 1829 699 ἐδόκει·

251 727 390 781 ὅπου
421 728 530 798 γάρ
559 728 654 782 καὶ
680 729 894 792 τούτοις
935 729 1130 798 ἑάλως,
1155 731 1256 785 οὐκ
1274 732 1340 787 ἀν
1368 734 1578 805 ετποιμι
1607 733 1832 806 ῥᾳδίως,

253 817 331 881 ὼς
356 818 612 889 διέφυγον
637 819 705 874 ἂν
733 819 795 874 τὸ
822 821 897 892 μὴ
941 823 1002 875 οὐ
1042 823 1213 877 ταῦτα
1271 825 1489 888 παθεῖν,
1524 826 1574 878 εί
1600 824 1676 896 μὴ
1739 824 1835 880 καί

253 899 348 974 τις
399 910 662 984 λογισμὸς
723 913 1072 985 ὑπεισῆλθεν,
1095 916 1172 980 ὡς
1200 916 1262 971 ού
1306 918 1524 986 ταυτὸν,
1558 912 1603 973 ὧ
1632 917 1828 990 λῷστε,

253 1003 450 1078 γνώμη
481 1009 575 1060 καὶ
599 1005 737 1078 τύχη
757 1024 772 1040 ·
798 1007 915 1063 ἀλλ’
938 1010 972 1080 ἡ
997 1010 1116 1080 μὲν,
1139 1009 1214 1074 ὡς
1237 1009 1304 1064 ἂν
1321 1011 1461 1084 αὐτῇ
1490 1012 1642 1084 δοκῇ,
1668 1013 1834 1085 cpt-Epe-

254 1113 368 1162 ται,
401 1099 496 1152 καὶ
537 1100 866 1170 μεταπίπτει
896 1103 1155 1169 πολλάκις
1182 1103 1278 1160 καὶ
1299 1105 1436 1177 γελᾷ
1457 1105 1524 1161 τὰ
1551 1107 1794 1180 ἡμέτερα
1815 1123 1830 1140 ·

254 1187 358 1256 τῆς
399 1189 456 1243 δὲ
486 1189 676 1262 κύριον
721 1194 990 1264 προσήκει
1031 1195 1122 1248 τὸν
1158 1195 1560 1274 σωφρονοῦντα,
1606 1197 1700 1250 καὶ
1731 1196 1836 1268 μή·

257 1295 319 1337 τε
349 1281 624 1356 φερομένῃ
681 1285 1106 1356 συναναστῆναι,
1176 1286 1316 1359 μήτε
1371 1286 1650 1362 πιπτούσῃ
1678 1289 1833 1360 ξσυμ-

259 1375 716 1446 μεταϐάλλεσθαι.

643 1472 766 1526 AI".
798 1471 1103 1546 ΖΑΧΑΡΙᾼ
1155 1471 1444 1546 ΑΔΕΛΦῼ.

327 1559 427 1626 τίς
443 1561 514 1616 ἂν
539 1564 802 1635 γενοίμην
824 1567 1064 1646 ἐραστὴν
1093 1566 1186 1621 καὶ
1215 1566 1443 1636 ἀδελφὸν
1469 1563 1835 1640 κατηγοροῦν-

255 1670 326 1708 τα
347 1653 552 1719 λαϐὼν,
575 1657 668 1711 καὶ
692 1658 859 1731 μηδὲν
885 1659 1030 1731 ἔχειν
1061 1661 1308 1728 οἰόμενον
1327 1661 1356 1715 δ
1373 1677 1427 1714 τι
1453 1660 1548 1715 καὶ
1567 1659 1794 1731 λέξομεν
1815 1676 1830 1726 ;

256 1744 313 1800 τί
363 1746 473 1819 γὰρ
525 1747 588 1820 δὴ
624 1749 768 1821 φής;
831 1751 1090 1823 Ῥήτορες
1145 1754 1308 1826 ἡμεῖς
1369 1753 1464 1808 καὶ
1512 1753 1833 1824 θυγατέρων

259 1838 499 1910 πατέρες
533 1840 746 1896 πολλῶν
769 1857 790 1874 ·
821 1843 916 1907 τὰς
938 1843 1048 1917 γὰρ
1082 1845 1374 1911 ἐπιστολὰς
1430 1844 1603 1909 οὕτως
1635 1844 1833 1917 ὀνομά-

259 1925 375 1993 ζειν
423 1930 621 1987 ἐδόκει.
684 1933 828 1988 Ἀλλ’
875 1934 944 2006 ἢν
1000 1937 1108 2007 φὴς
1156 1937 1325 1991 πάλαι
1379 1936 1570 2003 ταῦτα,
1599 1936 1694 1990 νῦν
1721 1936 1831 2006 γὰρ

256 2023 444 2078 οὐκέτι
471 2041 487 2060 ο
521 2025 636 2080 ἀλλ’
675 2027 928 2100 ὕϐρισταί
956 2045 1101 2092 τινες
1127 2029 1308 2100 ὑμεῖς,
1360 2027 1454 2083 καὶ
1482 2028 1685 2100 Θεσμὸν
1713 2031 1832 2084 ἀτι-

258 2115 523 2187 μάζοντες
559 2117 780 2188 ἔρωτος.
832 2119 975 2175 Ἀλλ’
1005 2122 1054 2175 εί
1084 2121 1184 2192 μὲν
1209 2117 1277 2194 ἦν
1294 2139 1380 2188 τις
1397 2122 1702 2194 ποιητικὸς.
1737 2122 1831 2176 τὸν

267 2208 583 2264 Ἀπόλλωνα
609 2211 782 2282 δήπου
814 2211 1039 2277 καὶτὰς
1087 2213 1292 2286 μούσας
1333 2213 1593 2269 ἐκάλουν*
1645 2213 1831 2287 Δῴητὲ

258 2317 373 2370 μοι,
400 2300 784 2370 λέγων,εξπεῖν
811 2304 904 2358 καὶ
932 2305 1149 2376 παῖδας,
1178 2306 1267 2360 καὶ
1294 2305 1368 2377 μὴ
1386 2305 1570 2360 ἄδικον
1594 2305 1832 2376 φανῆναι

251 2391 323 2445 τὰ
349 2394 593 2447 παιδικά.
635 2396 772 2449 Νυνὶ
797 2397 854 2450 δὲ
888 2397 1202 2470 μιμήσομαι
1247 2397 1379 2466 γοῦν
1424 2415 1478 2450 τι
1523 2398 1827 2468 ποιητικὸν,

253 2485 352 2540 καὶ
374 2486 466 2540 ἐπὶ
512 2488 686 2557 μέγαν
726 2489 889 2560 ὅρκον
926 2489 1193 2562 ὀμοῦμαι,
1230 2490 1345 2546 θεοὶ
1370 2491 1418 2544 δ’
1451 2491 1830 2566 ὲπιμάρτυρες

254 2574 450 2640 ἔστων,
484 2577 560 2649 μὴ
591 2577 764 2642 οὕτως
816 2580 960 2652 ἔχειν
990 2581 1056 2637 τά
1091 2581 1212 2636 καθ’
1267 2583 1417 2658 ἡμᾶς
1464 2582 1539 2646 ὥς
1579 2600 1684 2639 που
1736 2582 1833 2636 καὶ

254 2665 496 2735 λέγεται·
519 2669 647 2724 ἀλλά
669 2669 779 2742 γὰρ
802 2672 893 2725 ἐπὶ
920 2672 1104 2743 φιλίας
1128 2673 1284 2745 ἡμῶν
1315 2671 1480 2738 αἰδὼς
1513 2673 1608 2728 καὶ
1639 2675 1830 2751 μνήμη

256 2760 532 2829 φιλτάτων
552 2778 567 2794 ο
589 2762 644 2816 τί
669 2758 763 2818 οὗν
792 2765 919 2836 φὴς,
949 2767 982 2835 ἠ
1016 2765 1176 2837 σιγή;
1205 2765 1416 2819 δέδοικα
1436 2767 1509 2838 μή
1538 2784 1622 2831 τις
1648 2767 1832 2829 ἄδικος

253 2853 395 2923 τύχη
423 2855 541 2916 ταῖς
559 2854 720 2926 ὲμαίς
752 2856 1078 2932 ἐπικωμάζῃ
1106 2859 1313 2926 γοναῖς,
1350 2859 1443 2910 καὶ
1474 2839 1610 2930 πρὸς
1641 2858 1699 2910 σὲ
1734 2857 1836 2930 τὰς

257 2943 401 3015 ὲμάς
437 2946 730 3018 ἐπείγομαι
751 2988 767 3015 ,
811 2948 976 3019 ἀλλην
1005 2949 1195 3008 ἄλλοτε
1220 2950 1408 3020 φέρειν
1429 2965 1443 2980 ·
1486 2949 1579 3005 καί
1617 2967 1718 3010 που
1745 2949 1833 3016 ξέ-

1935 550 2174 619 ctabam,
2211 566 2500 623 assurgens
2546 555 2612 609 ad
2642 568 2830 608 eorum
2869 568 3009 623 quos
3053 555 3297 610 videbam
3333 555 3500 611 fortu-

1934 659 2082 709 nam,
2113 653 2166 708 et
2191 659 2310 713 qua:
2345 643 2474 700 mihi
2515 643 2644 706 olim
2679 655 2834 705 erant
2868 647 3035 702 chara
3063 664 3217 718 nugte
3245 650 3504 705 videban-

1935 744 2062 790 tur:
2097 736 2293 806 quippe
2327 734 2493 805 igitur
2549 735 2632 790 his
2659 747 2850 806 captus
2884 738 3072 804 lucris,
3121 756 3224 794 non
3265 740 3503 796 dicerem

1933 824 2095 883 I‘acile
2143 829 2414 900 quomodo
2464 826 2578 882 haec
2625 843 2728 882 non
2778 830 3020 901 perferre
3074 831 3406 898 vitavisset»,
3457 812 3527 884 si.

1933 920 2198 990 quoddam
2253 919 2617 987 ratiocinium,
2681 923 2890 979 scilicet
2953 939 3057 986 non
3105 939 3225 980 esse
3280 924 3506 990 idem,o

1933 1013 2156 1079 optime,
2187 1011 2498 1082 opinionem
2529 1022 2582 1067 et
2618 1012 2912 1080 fortunam,
2952 1031 3055 1074 non
3087 1032 3170 1073 me
3205 1016 3460 1073 subiisset
3487 1032 3503 1071 :

1934 1104 2029 1160 sed
2055 1104 2178 1169 ista,
2211 1112 2270 1164 ut
2304 1103 2403 1159 sibi
2439 1105 2510 1160 sit
2551 1106 2763 1171 similis,
2797 1107 2987 1172 fertur,
3019 1119 3074 1168 et
3097 1108 3242 1164 cadit
3279 1123 3419 1180 smpe
3451 1118 3508 1164 et

1939 1206 2119 1252 nostra
2155 1198 2345 1262 irridet
2371 1215 2386 1253 :
2415 1197 2560 1254 illius
2582 1207 2760 1260 autem
2797 1199 3083 1254 Dominum
3108 1215 3228 1260 esse
3253 1199 3506 1256 convenit

1931 1290 2231 1362 sapientem
2266 1304 2364 1354 nec
2393 1305 2516 1354 cum
2557 1289 2828 1345 exaltatur
2874 1306 3222 1366 consurgere,
3252 1306 3352 1350 nec
3381 1306 3503 1347 cum

1933 1381 2080 1438 cadit
2107 1396 2377 1438 corruere.

2390 1472 2636 1530 XXXIII.
2657 1473 3048 1530 ZACHARl/E.

2005 1567 2204 1644 Accepi
2245 1566 2478 1623 amicum
2533 1578 2588 1622 et
2644 1567 2866 1623 fratrem
2915 1569 3037 1634 quis
3079 1568 3371 1627 evasissem
3410 1583 3502 1622 ex-

1936 1660 2282 1731 probrantem
2323 1668 2379 1715 et
2411 1659 2738 1729 cogitantem
2778 1660 2909 1714 nihil
2950 1661 3152 1716 habere
3201 1659 3328 1730 quid
3355 1661 3507 1714 dica-

1939 1767 2059 1808 mus
2091 1771 2106 1807 :
2138 1751 2274 1819 Quid
2328 1766 2460 1806 vero
2500 1752 2669 1807 dicis?
2715 1752 2982 1808 Ithetores
3013 1768 3110 1809 nos
3145 1769 3330 1814 sumus
3361 1763 3414 1809 et
3447 1752 3504 1807 ll-

1936 1844 2129 1900 li'arum
2179 1855 2360 1914 patres
2398 1844 2688 1900 multarum
2722 1861 2737 1899 :
2791 1844 2998 1900 litteras
3046 1847 3191 1900 enim
3225 1846 3298 1902 ita
3329 1846 3502 1901 nomi-

1937 1952 2068 1991 nare
2120 1937 2448 1992 videbatur:
2494 1936 2589 1992 sed
2648 1936 2692 1991 si
2740 1937 2853 1992 haec
2911 1936 3118 1994 dixeris
3168 1937 3319 2002 olim,
3361 1951 3507 1992 nunc

1934 2037 2082 2083 certe
2114 2043 2219 2082 non
2249 2028 2517 2100 amplius;
2546 2029 2640 2089 sed
2671 2029 2801 2084 estis
2833 2029 3050 2098 quidam
3083 2045 3146 2084 ex
3195 2029 3346 2084 vobis
3375 2044 3506 2083 con-

1933 2120 2246 2185 viciatores,
2298 2129 2354 2178 et
2393 2134 2597 2181 morem
2643 2132 2880 2176 veterem
2950 2121 3150 2176 amoris
3198 2121 3504 2190 negligitis:

1934 2213 2028 2268 sed
2061 2211 2106 2266 si
2155 2213 2278 2278 quis
2331 2221 2478 2267 esset
2545 2212 2812 2283 poeticus,
2869 2212 3205 2281 Appoltiuem
3261 2223 3408 2268 certe
3453 2223 3510 2266 et

1937 2317 2118 2358 musas
2145 2304 2451 2360 invocarem
2483 2321 2497 2358 :
2542 2307 2665 2359 date
2695 2306 2852 2372 mihi,
2889 2305 3075 2361 dicens
3106 2321 3200 2360 vos
3227 2321 3424 2360 vocare
3452 2313 3510 2359 et

1933 2392 2154 2458 liberos,
2190 2405 2245 2449 et
2280 2410 2385 2447 non
2418 2394 2689 2449 immerito
2723 2395 2888 2449 rideri
2930 2394 3185 2456 delicias:
3238 2411 3380 2450 nunc
3410 2411 3508 2449 au-

1936 2493 2043 2538 tem
2082 2483 2284 2554 aliquid
2310 2482 2555 2556 elliugant
2588 2484 2880 2554 poeticum,
2911 2495 2965 2538 et
2991 2499 3265 2554 inagnum,
3303 2495 3358 2540 et
3392 2499 3510 2539 ma-

1935 2593 2097 2646 gnum
2127 2577 2497 2647 jurameutum
2551 2577 2695 2643 dico,
2755 2577 2938 2648 diique
2988 2586 3152 2638 testes
3205 2579 3334 2642 sint,
3366 2579 3507 2648 quod

1938 2685 2044 2724 non
2080 2669 2152 2724 ita
2177 2670 2250 2724 sit
2273 2659 2414 2740 apud
2455 2684 2553 2726 nos
2581 2681 2639 2724 ut
2669 2669 2864 2725 alicubi
2915 2668 3211 2724 allirmatur
3241 2688 3255 2732 :_
3290 2671 3342 2722 iu
3375 2671 3508 2724 ami-

1936 2761 2064 2815 citia
2099 2771 2284 2816 nostra
2310 2776 2622 2817 reveremur
2653 2773 2702 2818 et
2730 2763 3074 2816 meminimus
3109 2763 3506 2817 amicissimos:

1939 2851 2067 2923 quid
2104 2853 2290 2923 igitur,
2329 2853 2485 2920 dicis,
2532 2854 2634 2909 hoc
2675 2853 2998 2908 silentium?
3030 2855 3190 2908 timeo
3220 2871 3288 2908 ne
3322 2853 3506 2924 iniqua

1941 2945 2155 2998 fortuna
2208 2945 2259 2998 in
2299 2961 2446 3000 meos
2476 2945 2690 3012 genitos
2737 2944 3063 3000 invehatur:
3102 2956 3149 2999 et
3181 2947 3246 2998 ad
3277 2955 3327 3000 te
3361 2961 3512 2998 meas

258 3056 366 3092 νων
427 3039 634 3104 ταύτας
695 3041 1001 3112 ἠνέγκαντο
1051 3045 1254 3113 χεῖρες,
1304 3041 1644 3110 ἀγνοούντων
1687 3043 1832 3108 τίνες

1940 3040 2094 3093 tuitto
2129 3038 2267 3092 lilias
2305 3045 2364 3090 ut
2405 3038 2498 3092 tibi
2550 3037 2714 3092 aliam
2769 3041 2927 3092 modo
2981 3040 3206 3098 ferant:
3263 3047 3318 3098 et
3372 3036 3513 3094 forte

258 3126 421 3186 αὗται
469 3134 562 3186 καὶ
611 3135 807 3187 πόθεν·
877 3134 1012 3189 ἀλλὰ
1065 3134 1176 3214 γὰρ
1219 3133 1436 3206 ἀτυχὼν
1489 3136 1584 3190 ἐπὶ
1607 3134 1833 3204 ταύταις

1937 3146 2130 3186 manus
2169 3131 2470 3186 alienorum
2507 3131 2637 3185 istas
2687 3131 2926 3186 tulerunt
2971 3131 3063 3200 qui
3109 3145 3229 3200 quae
3269 3139 3324 3192 et
3367 3129 3512 3190 unde

259 3221 357 3272 καὶ
404 3220 674 3292 ἀγνώμων
727 3221 947 3277 ἐδόκουν
1001 3226 1094 3276 καὶ
1135 3221 1418 3302 κρίνομαι·
1462 3223 1563 3287 τὰς
1611 3223 1712 3298 μὲν
1739 3219 1833 3280 οὖν

1936 3233 2119 3280 essent
2147 3224 2467 3294 ignorabant
2500 3240 2514 3278 :
2547 3224 2639 3282 seal
2671 3224 2811 3277 enim
2855 3223 3037 3276 infelix
3095 3223 3160 3278 de
3198 3221 3282 3276 bis
3327 3229 3383 3276 et
3411 3221 3510 3275 im-

259 3313 429 3376 ἄλλας
485 3313 568 3376 τίς
601 3313 666 3366 ἀν
699 3332 784 3378 τις
825 3315 1022 3386 ἀνιῷτο
1045 3314 1217 3384 λέγων
1242 3331 1256 3344 ’
1286 3315 1422 3370 ἀλλά
1451 3314 1578 3389 χθές
1606 3333 1710 3373 που
1741 3317 1833 3376 καὶ

1937 3317 2172 3387 prudens
2215 3315 2439 3369 videbar
2481 3325 2535 3370 et
2566 3314 2781 3384 judicor
2823 3333 2835 3368 :
2881 3314 3017 3367 alias
3081 3314 3300 3383 quidem
3351 3312 3515 3384 igitur

263 3403 456 3482 πρώην
486 3405 686 3478 ἐστάλη
710 3423 795 3469 τις
823 3405 898 3469 ὡς
931 3408 1009 3468 σὲ,
1039 3407 1170 3476 τοὺς
1195 3408 1362 3478 ἐμοὺς
1388 3407 1605 3477 ἀγῶνας
1617 3408 1837 3482 διηγου-

265 3497 444 3568 μένη·
489 3496 584 3550 καὶ⁵
617 3497 731 3563 νῦν,
789 3497 864 3563 ὡς
902 3498 1067 3565 ἔοικε,
1120 3498 1251 3571 ξένη
1289 3517 1374 3564 τις
1424 3500 1695 3556 πλανᾶται
1739 3499 1838 3557 καὶ

261 3589 470 3660 ἔρημος
496 3608 508 3619 ο
535 3590 650 3644 ἀλλ’
679 3591 806 3664 ἥκοι
853 3591 982 3645 ποτὲ
1013 3594 1202 3664 χεῖρας
1229 3590 1304 3656 ὡς
1334 3592 1454 3658 σὰς,
1484 3592 1580 3647 καὶ⁸
1606 3593 1836 3665 εὐφραι-

261 3681 460 3752 νοίμην
507 3681 775 3746 ἀκούσας·
822 3681 892 3737 τὰ
922 3683 978 3738 δὲ
1032 3685 1100 3738 σά
1139 3683 1289 3754 δῶρα
1317 3682 1498 3737 λαϐὼν
1542 3683 1719 3756 ἣσθην
1743 3684 1838 3740 ἐπὶ

260 3773 496 3838 τούτοις,
521 3775 617 3849 οὐχ
641 3770 803 3848 ἦττον
825 3777 857 3847 ἡ
892 3776 1183 3842 Ὀδυσσεὺς
1205 3776 1305 3849 μὲν
1328 3775 1607 3830 Ἀλκινόου
1627 3777 1837 3846 φιλοτι-

266 3865 397 3937 μίαν
424 3864 596 3938 ὁρῶν·
634 3868 752 3920 ἐκεῖ
778 3867 876 3938 μὲν
901 3867 1010 3939 γὰρ
1035 3869 1095 3922 τὸ
1114 3868 1303 3926 λαϐεῖν
1331 3863 1445 3944 εἶχε
1478 3867 1671 3942 μόνην,
1707 3867 1838 3940 παρ’

262 3961 400 4031 ἡμῖν
445 3959 504 4013 δὲ
552 3959 754 4030 ἄμφω·
807 3960 890 4024 δτι
937 3961 1002 4015 σὺ
1060 3959 1161 4032 μιν
1215 3960 1392 4030 δίδως,
1464 3958 1578 4030 ἐγὼ
1611 3959 1668 4014 δὲ
1701 3959 1840 4032 λαμ·

263 4052 436 4108 ϐάνω.
1065 4037 1070 4042 ’

801 4141 919 4198 AA'.
982 4139 1326 4214 ΕΠΙΦΑΝΙῼ.

339 4238 462 4293 Ἔτι
481 4237 670 4309 σιγᾷςς
704 4236 784 4290 ἔτι
808 4235 919 4290 τῶν
948 4237 1380 4308 ἀπερῤιμμὲνων
1400 4236 1559 4308 ἡμεῖς
1584 4252 1599 4302 ;
1630 4235 1753 4290 οὐδέ
1782 4253 1842 4290 σε

1935 3409 2058 3478 quis
2105 3407 2469 3463 oﬂ'enderetur
2507 3408 2729 3479 legi-us?
2772 3408 2866 3463 sed
2907 3406 3020 3462 lteri
3053 3417 3106 3460 ct
3144 3403 3302 3460 antea
3347 3406 3514 3461 missa

1937 3501 2037 3556 l'uit
2063 3517 2168 3555 una
2195 3517 2314 3570 qua:
2353 3513 2401 3556 te
2435 3517 2550 3554 mea
2576 3502 2876 3558 certamina
2913 3500 3172 3554 duceret:
3205 3507 3260 3552 et
3284 3513 3427 3552 nunc
3457 3507 3515 3549 ut

1935 3607 2183 3664 apparet,
2226 3595 2510 3670 peregrina
2548 3604 2697 3650 errat
2739 3604 2793 3658 et
2822 3593 3078 3648 deserta:
3124 3591 3216 3647 sed
3250 3590 3380 3645 olim
3425 3588 3511 3643 in-

1941 3688 2083 3741 cidat
2109 3685 2162 3740 in
2194 3703 2406 3754 manus,
2441 3696 2495 3743 et
2525 3686 2695 3743 libens
2737 3687 2951 3740 audiant
2980 3705 2993 3741 :
3032 3695 3121 3740 tua
3164 3695 3344 3738 autem
3374 3683 3510 3736 dona

1941 3775 2123 3846 accepi
2150 3785 2204 3830 et
2229 3775 2296 3830 de
2323 3777 2407 3832 his
2436 3775 2650 3832 laetatus
2681 3791 2804 3832 sum
2849 3791 2951 3831 nou
2994 3775 3172 3834 minus
3201 3791 3266 3828 ac
3297 3771 3516 3842 Ulysscs

1939 3868 2151 3924 Alcinoi
2207 3869 2640 3927 benevolentiam
2689 3871 2917 3931 videns:
2971 3869 3058 3924 hic
3099 3868 3317 3937 quidem
3369 3867 3516 3924 enim

1942 3962 2084 4018 illam
2137 3963 2309 4019 solam
2356 3963 2606 4034 accipere
2640 3971 2776 4028 erat,
2821 3962 2962 4032 apud
3011 3976 3110 4018 nos
3157 3970 3337 4016 autem
3368 3960 3475 4016 duo
3499 3977 3521 4022 :_

1893 4086 1898 4091 -
1942 4054 2140 4126 quippe
2168 4056 2386 4135 quidem
2419 4065 2474 4111 tu
2500 4057 2617 4121 das,
2645 4072 2744 4127 ego
2770 4064 2951 4112 autem
2978 4055 3212 4124 accipio.

2391 4146 2633 4203 XXXIV.
2665 4145 3058 4203 EPIPIIANIO.

2013 4242 2205 4298 Adhuc
2247 4240 2411 4298 siles?
2452 4241 2628 4299 adhuc
2663 4240 2806 4294 inter
2871 4238 3159 4307 despectos
3204 4252 3302 4293 nos
3350 4237 3518 4292 babe-

267 4331 520 4388 παλαιῶν
569 4331 791 4403 ἐρώτων
844 4328 1168 4400 ὑπεισῆλθεν
1225 4327 1640 4401 ούδέν;νηλεὴς
1680 4327 1833 4398 αύγέ

1950 4334 2116 4388 mur?
2164 4330 2309 4388 Nihil
2345 4345 2476 4403 ergo
2524 4330 2731 4400 antiqui
2775 4331 2979 4385 amoris
3023 4329 3190 4385 subiit
3241 4328 3521 4384 animum?
3579 4363 3581 4365 ι

262 4443 322 4482 τι
348 4427 444 4482 καὶ
469 4425 751 4496 ἀμείλιχος
811 4422 1047 4478 ἀπθάλαῦἑ
1085 4437 1178 4493 μοι
1209 4419 1308 4493 τὴν
1343 4422 1585 4496 μνήμην,
1612 4421 1688 4485 ὡς
1717 4422 1833 4475 οὐκ.

1945 4423 2190 4489 Crudelis
2227 4431 2284 4476 tu
2318 4429 2373 4478 et
2421 4418 2779 4490 implacabilis
2828 4434 2912 4473 me
2965 4418 3033 4471 ad
3083 4416 3400 4473 memoriam
3436 4429 3524 4470 re-

263 4519 350 4573 ἐτι
412 4517 691 4580 τοιαύταις
731 4518 862 4588 ἡμῖν
887 4515 1105 4587 ἀπῆρας
1133 4515 1344 4570 ἐλπίσιν
1370 4530 1384 4544 ·
1438 4514 1553 4568 ἀλλ’
1585 4514 1833 4587 ἐδάκρυες

1947 4533 2077 4574 voca
2109 4516 2253 4587 quod
2293 4529 2568 4584 nunquam
2621 4511 2855 4582 amplius
2913 4510 3042 4566 mihi
3089 4509 3320 4566 similem
3366 4523 3518 4577 spem

265 4612 371 4686 μὲν
405 4613 600 4684 Οῑμοιί
637 4611 730 4669 καὶ
764 4610 919 4678 μόλις
950 4609 1210 4681 ἀπείχου·
1243 4607 1478 4681 γράψειν
1509 4607 1833 4679 διομολόγεις

1943 4609 2210 4680 eripueris
2241 4626 2256 4663 :
2293 4607 2387 4669 sed
2439 4606 2628 4666 ﬂebas,
2683 4603 2868 4666 credo,
2920 4613 2973 4657 et
3027 4604 3114 4656 vix
3166 4599 3520 4656 abstittebns:

267 4708 472 4781 μικροῦ
498 4707 607 4760 δεῖν
635 4707 730 4761 καὶ
752 4705 882 4776 πρὶν
902 4702 1160 4774 ὲπιῦἦναι
1190 4700 1292 4772 τῆς
1319 4699 1454 4772 γῆς·
1477 4701 1595 4754 νυνὶ
1615 4699 1673 4753 δὲ
1701 4701 1833 4771 οἴχει

1936 4701 2277 4770 ‘scripturum
2313 4696 2661 4753 conﬁteberis
2697 4710 2889 4764 parum
2926 4697 3099 4760 abest,
3143 4704 3195 4748 et
3229 4704 3522 4762 antequam

264 4819 358 4855 ται
395 4801 494 4872 μὲν
523 4802 742 4862 ἐκεῖνα,
791 4799 1003 4870 σιωπᾷς
1037 4799 1199 4871 μόνον
1221 4813 1235 4825 ·
1259 4796 1416 4869 ἡμῶν
1454 4795 1527 4864 δὲ,
1550 4795 1705 4864 λόγος
1754 4794 1833 4848 ού-

1947 4791 2002 4847 in
2034 4799 2236 4846 terram
2288 4789 2700 4844 descenderes:
2751 4799 2893 4839 nunc
2942 4795 3122 4838 autem
3174 4783 3355 4839 abiere
3411 4783 3529 4838 lure

265 4895 376 4956 δεῖς
395 4908 412 4925 °
441 4895 491 4947 εἰ
522 4893 579 4950 δὲ
622 4893 920 4963 σιωπήσεις
950 4890 1051 4956 ἔτι,
1078 4888 1449 4961 ἀναϐοήσομαί
1471 4905 1524 4942 τι
1561 4887 1833 4959 τραγικὸν1

1946 4883 2150 4947 omnia,
2187 4880 2318 4936 siles
2367 4895 2496 4935 vero
2539 4887 2746 4932 tantum
2792 4893 2808 4930 :
2863 4885 3048 4932 noster
3096 4887 3282 4930 autem
3343 4889 3530 4929 sermo

279 4985 390 5054 Ἰὼ,
421 4985 546 5048 Ζεῦ,
574 4985 769 5054 λέγων,
793 4983 888 5037 καὶ
914 4982 1069 5052 φιλία
1101 4981 1193 5036 καὶ
1221 4980 1373 5050 λόγοι
1393 4995 1409 5010 ο
1453 4977 1710 5050 ἠδίκησθε
1742 4977 1833 5048 μὲν

1949 4973 2128 5030 nullus
2159 4992 2173 5034 :
2207 4974 2250 5032 si
2285 4988 2413 5027 vero
2444 4972 2662 5028 silueris
2687 4970 2878 5031 adhuc.
2919 4967 3230 5025 exclamabo
3263 4967 3462 5035 tragice
3491 4981 3526 5021 ο

267 5081 447 5153 ὑμεῖς·
471 5080 739 5151 ἠδίκημαι
755 5077 812 5131 δὲ
841 5074 971 5148 ἐγώ·
991 5074 1020 5129 ό
1047 5074 1104 5130 δὲ
1123 5072 1323 5129 ἀδικῶν
1342 5067 1411 5146 ἦν
1433 5072 1522 5131 ὅτε
1543 5071 1696 5144 φίλον
1717 5069 1833 5126 ὲκά·

1947 5066 2178 5136 Jupiter,
2210 5066 2396 5121 dicens
2437 5073 2491 5120 et
2518 5063 2755 5120 amicitia
2788 5073 2843 5118 et
2874 5062 3034 5118 verba
3065 5079 3080 5118 :
3112 5060 3269 5115 vobis
3305 5058 3532 5129 quidem

266 5151 369 5227 is.
404 5171 499 5226 νῦν
521 5171 628 5243 γὰρ
648 5168 854 5225 οὐκέτι.

1948 5159 2144 5230 injuria
2187 5157 2285 5212 fuit
2315 5158 2508 5213 illata:
2556 5157 2686 5211 mihi
2731 5168 2910 5219 autem
2966 5153 3067 5224 ipsi
3100 5167 3114 5206 :
3153 5151 3404 5222 iniuriam
3429 5167 3528 5206 au-

1952 5263 2055 5308 tem
2087 5252 2326 5306 inferens
2365 5259 2486 5304 erat
2523 5263 2646 5304 cum
2688 5263 2774 5310 me
2801 5248 3036 5303 amicum
3079 5245 3304 5300 vocabat
3335 5261 3350 5298 :
3387 5256 3530 5296 nunc

1949 5344 2095 5402 enim
2127 5359 2232 5400 non
2267 5341 2522 5416 amplius.

2482 5429 2704 5488 XXXV.
2739 5427 3001 5486 ΣΟΑΝΝΙ.

2025 5527 2085 5583 Si
2145 5525 2444 5582 amicitiam
2509 5526 2787 5592 deceptam
2835 5525 3175 5577 demonstret
3228 5518 3528 5582 silentium,

848 5437 972 5492 AE'.
1013 5433 1298 5507 ΙΩΔΝΝῌ.

341 5537 404 5596 Et
435 5535 538 5609 την
565 5532 749 5604 φιλίαν
775 5529 1118 5603 ἐψευσμένην
1145 5526 1386 5582 δείκνυσι
1429 5525 1491 5580 τὸ
1538 5526 1717 5599 σιγᾷν,
1753 5527 1850 5582 ἀν-

269 5633 418 5701 άγκη
452 5628 615 5701 μέχρι
648 5625 822 5694 λόγων
848 5622 1020 5695 αὐτὴν
1049 5622 1136 5676 ἀεὶ
1165 5618 1524 5673 συνεστάναι·
1560 5619 1616 5672 εί
1639 5637 1703 5688 γε
1729 5618 1833 5673 τού

1953 5635 2176 5677 necesse
2207 5629 2291 5675 est
2326 5633 2496 5690 usque
2519 5618 2583 5672 ad
2610 5618 2770 5671 verba
2803 5615 2973 5685 ipsam
3004 5628 3220 5683 semper
3246 5621 3528 5667 constare:

271 5741 382 5778 των
409 5721 660 5777 ἀπόντων
689 5717 989 5787 ἐλέγχεται,
1007 5711 1202 5768 ούκοῦν
1230 5710 1471 5766 λείπεται
1491 5710 1584 5766 καὶ
1609 5711 1699 5766 τὸν
1724 5710 1822 5764 δυσ

1959 5714 2228 5784 siquidem
2280 5712 2399 5780 istis
2450 5718 2506 5766 ct
2556 5711 2872 5766 absentibus
2925 5707 3190 5764 exsistere
3244 5703 3528 5774 probatur,

280 5816 414 5890 μενῆ
458 5815 612 5886 φίλον
657 5809 929 5883 ἡγεῖσθαι,
989 5807 1148 5881 μόνον
1217 5806 1302 5861 ἀεὶ
1364 5804 1672 5875 φθέγγοιτο.
1692 5803 1833 5860 Ἀλλέ

1967 5807 2131 5880 igitur
2161 5814 2331 5862 restat
2369 5814 2423 5861 ct
2457 5802 2782 5861 malevolum
2819 5803 3060 5857 amicum
3087 5798 3402 5856 existimare
3432 5794 3526 5865 qui
