4046 6386
511 397 654 464 2747

1803 404 2155 466 PROCOPII
2193 406 2439 470 GAZ/EI

3622 402 3767 478 2748

505 512 680 567 solum
728 524 941 581 semper
966 509 1322 580 loqueretur:
1367 511 1460 568 sed
1502 529 1600 569 nos
1634 530 1737 569 non
1776 532 1961 572 smnus
1997 525 2077 571 ta-

2210 515 2259 586 ιὴ
2289 519 2520 574 τοιοῦτοι
2555 521 2738 592 κριταὶ
2764 521 2946 592 φιλίας
2971 524 3133 595 ἡμεῖς
3158 541 3171 555 ⁶
3207 525 3261 579 τί
3291 526 3402 598 γὰρ
3441 525 3644 581 κωλύει
3673 529 3768 582 καὶ

507 605 584 658 les
626 602 878 656 amicitia:
915 601 1127 669 jndices
1164 621 1179 657 :
1209 604 1340 674 quid
1369 605 1511 660 enim
1550 607 1772 676 impedit
1820 625 1888 664 ne
1915 608 2082 665 silens

507 695 766 749 memoria
814 697 1018 748 amicos
1049 695 1270 748 videat?
1303 694 1456 763 Quod
1506 713 1647 752 mtnc
1681 700 1835 754 nobis
1864 701 2003 756 inest
2027 710 2084 757 et.

508 803 783 855 nunquam
811 788 1084 841 cessabit:
1117 788 1485 852 expendamus
1511 801 1691 845 autem
1726 793 1902 861 potius
1934 795 2081 864 quod

511 893 616 930 non
645 877 826 930 datum
850 887 935 930 est
965 878 1145 931 omnia
1191 878 1369 934 facere
1413 892 1468 934 ut
1494 883 1725 952 quisque
1751 883 1864 937 vnlt
1897 902 1912 937 :
1949 883 2083 939 foris

509 969 653 1020 enim
697 967 1089 1022 sollicitudines
1130 971 1252 1024 vitm
1309 981 1362 1024 et
1391 971 1554 1026 l‘utnri
1603 973 1931 1028 incertitndo
1977 974 2083 1028 ali-

510 1059 724 1127 quando
752 1060 946 1114 rationi
990 1063 1283 1130 praevalent
1315 1082 1329 1119 :
1365 1081 1484 1132 qua:
1512 1066 1729 1135 quidem
1757 1077 1960 1134 agunt;
1992 1067 2081 1122 illa

513 1160 690 1202 autem
745 1150 1008 1205 deliberat
1041 1161 1092 1205 et
1124 1155 1521 1222 persuadetur:
1570 1156 1649 1210 sic
1689 1155 1842 1220 mihi,
1885 1156 2085 1228 quippe

513 1237 723 1290 discere
768 1240 1098 1306 supervenit,
1154 1243 1450 1296 rertamina
1497 1245 1751 1298 continua
1778 1251 1834 1300 et
1861 1257 2086 1317 propter

515 1325 628 1380 h:ec
683 1328 1076 1386 sollicitudines
1111 1348 1140 1385 a
1172 1335 1438 1403 principio
1485 1351 1570 1392 me
1619 1337 1950 1404 invaserunt,
1984 1353 2084 1394 nec

517 1432 603 1472 me
657 1433 824 1488 usque
869 1421 936 1475 ad
973 1422 1104 1477 illud
1147 1435 1358 1494 tempus
1400 1425 1702 1498 reliquere:
1747 1444 1867 1499 quae
1902 1429 2084 1500 potius

515 1511 796 1579 Oportebat
839 1516 1120 1571 attendere
1155 1533 1314 1585 quam
1360 1520 1622 1586 suspicari
1675 1537 1742 1575 an
1789 1531 1846 1576 et
1893 1522 2087 1578 amici-

520 1603 605 1655 tia:
640 1605 1089 1663 consuleremus:
1136 1619 1188 1662 et
1223 1625 1364 1666 nunc
1409 1611 1517 1678 jam
1569 1613 1919 1668 cessavimus.
1976 1613 2082 1671 Sed

518 1708 550 1744 o
583 1691 811 1764 Jupiter,
842 1708 897 1750 et
925 1715 1139 1755 amores
1180 1711 1235 1755 et
1256 1718 1445 1758 omnes
1476 1705 1566 1774 qni
1603 1707 1858 1762 amicitiae
1891 1708 2084 1780 invigi-

2191 610 2477 665 σιωπῶντα
2506 614 2572 684 τῇ
2610 614 2798 686 μνήμῃ
2829 616 2956 680 τοὺς
3002 616 3191 685 φίλους
3233 618 3395 690 όρᾷν;
3443 619 3588 690 ὅπερ
3633 621 3772 687 ἡμῖν

2189 700 2284 754 καὶ
2326 701 2420 754 νῦν
2451 703 2566 755 ἐστι
2598 704 2693 756 κα)⁸
2736 703 2935 759 οὔποτε
2967 705 3253 761 παύσεται.
3301 707 3669 776 Λογισώμεθα
3713 709 3771 761 δὲ

2192 792 2391 862 μᾶλλον
2434 792 2510 857 ὡς
2552 794 2614 848 ού
2659 795 2869 851 δέδοται
2915 798 3094 852 πάντα
3142 799 3403 868 πράττειν
3436 799 3512 862 ὡς
3537 799 3771 862 Exacto;

2190 884 2470 953 βούλεται’
2509 885 2708 952 ἔξωθεν
2737 888 2793 942 δὲ
2826 889 3110 958 φροντίδες
3136 889 3230 942 τοῦ
3263 890 3380 960 βίου
3424 890 3520 943 καὶ
3561 889 3625 942 τὸ
3671 880 3770 942 τοῦ

2192 979 2476 1051 μέλλοντος
2524 980 2720 1051 ἄδηλον
2764 981 3156 1052 ἐπικρατοῦσιν
3199 981 3311 1035 ἐσθ’
3343 983 3431 1035 ὅτε
3479 981 3576 1034 τοῦ
3618 980 3774 1048 λογι-

2190 1071 2330 1140 σμοῦ
2349 1087 2365 1102 ’
2397 1071 2489 1124 καὶ
2509 1070 2578 1124 τὰ
2610 1073 2708 1148 μὲν
2735 1073 2892 1141 ἄγει,
2920 1076 2948 1127 ὁ
2977 1074 3032 1128 δὲ
3080 1074 3323 1144 βουλεύει
3361 1076 3456 1128 καὶ
3494 1073 3774 1127 πείθεται.

2189 1161 2371 1232 Κάμοὶ
2399 1162 2595 1228 τοίνυν,
2629 1164 2815 1233 ἐπειδὴ
2840 1163 2936 1217 τοῦ
2969 1164 3241 1219 διδάσκειν
3284 1165 3488 1236 ἐπέϐην
3508 1206 3524 1229 ,
3554 1163 3774 1232 ἀγῶνες

2188 1271 2248 1308 τε
2281 1257 2544 1326 συνεχεῖς,
2583 1256 2675 1310 καὶ
2700 1257 2755 1310 al
2784 1257 2912 1328 περὶ
2938 1257 3144 1311 τούτων
3173 1258 3451 1327 φροντίδες
3493 1256 3554 1321 ἐξ
3595 1256 3772 1327 ἀρχῆς

2190 1346 2479 1413 ἐπέθεντο,
2513 1353 2609 1402 καὶ
2641 1347 2801 1419 μέχρι
2841 1347 2936 1403 νῦν
2965 1351 3067 1402 οὐκ
3095 1348 3393 1403 ἀπέλιπονο
3426 1348 3604 1402 ταῦτα
3638 1346 3776 1418 μᾶλα-

2188 1438 2279 1493 λον
2307 1439 2478 1510 ἐχρῆν
2505 1439 2873 1511 ἐνθυμεῖσθαι,
2908 1440 2941 1512 ἢ
2979 1442 3072 1495 ἐπὶ
3100 1443 3314 1512 μικροῖς
3343 1440 3676 1495 ὑποπτεύειν
3698 1439 3775 1503 ὡς

2188 1527 2332 1603 ἦμεν
2356 1530 2550 1600 ἀγαθοί
2587 1548 2646 1584 τε
2681 1531 2818 1602 πρὸς
2843 1531 3025 1600 φιλίαν
3045 1547 3061 1564 ο
3095 1533 3189 1587 καὶ
3216 1531 3312 1585 νῦν
3346 1532 3445 1603 ἢδη
3478 1529 3774 1600 πεπαύμε-

2191 1622 2281 1677 θα.
2302 1622 2461 1688 Ἀλλ’,
2482 1615 2526 1675 ὦ
2545 1619 2672 1686 Ζεῦ,
2692 1622 2787 1676 καὶ
2803 1622 3024 1694 ἔρωτες,
3048 1622 3141 1678 καὶ
3163 1623 3278 1677 ὅσοι
3300 1623 3481 1693 (pilis;
3507 1621 3771 1687 ἐπόπται,

2192 1717 2430 1770 πείθοιτε
2459 1715 2585 1780 τοὺς
2612 1715 2782 1787 ἐμοὺς
2811 1717 3151 1788 κατηγόρους
3170 1732 3185 1746 ο
3209 1715 3404 1770 οὔποτε
3433 1716 3572 1786 πρὸς
3599 1715 3776 1788 λήθην

523 1785 669 1848 tatis.
724 1790 1044 1857 persuadete
1094 1807 1240 1848 meos
1270 1808 1665 1852 accusatores:
1715 1815 1990 1870 nunquam
2018 1801 2084 1857 ad

2210 1811 2374 1866 ιύτῶν
2402 1785 2702 1881 ἀφικόμην,
2729 1809 2864 1866 ἀλλά
2903 1785 3117 1880 σύνειμι
3139 1809 3219 1880 τῷ
3246 1809 3515 1881 λογισμῷ,
3538 1785 3773 1863 καὶνλέ-

519 1878 844 1934 oblivionem
883 1882 1119 1951 ipsormn
1154 1887 1396 1954 perveni,
1427 1889 1520 1942 sed
1551 1905 1671 1943 cunt
1719 1891 1930 1948 ratione
1956 1909 2089 1948 con-

2210 1920 2312 1973 rew
2335 1920 2386 1955 τι
2420 1871 2586 1967 δοκῶ,
2609 1871 2705 1956 καί
2729 1902 2995 1972 λεγόντων
3032 1871 3290 1956 ἀκούειν’
3319 1871 3420 1956 καί
3559 1902 3611 1955 εἰ
3650 1899 3771 1954 τού-

520 1985 730 2038 versor,
763 1985 819 2027 et
883 1977 1063 2030 dicere
1110 1977 1331 2048 aliquid,
1377 1990 1432 2035 ct
1485 1981 1725 2039 dicentes
1775 1986 1964 2041 audire
2014 1987 2095 2042 vi-

523 2063 654 2116 dear
681 2079 700 2117 :
735 2074 788 2116 et
819 2065 891 2117 ita
919 2067 960 2118 si
994 2083 1087 2122 eos
1111 2070 1449 2135 ignoravero,
1479 2074 1787 2131 obliviscar.

527 2151 762 2210 XXXVI.
793 2156 1158 2213 ZACIIAIUIE
1209 2161 1294 2216 ET
1325 2161 1641 2222 PIIILIPI‘O
1673 2167 2091 2231 FRATRIBUS.

595 2248 809 2314 Quanto
843 2251 1113 2306 desiderio
1165 2255 1545 2320 laboraverim,
1570 2246 1850 2328 ‘qnotnodo
1879 2283 2093 2330 possent

529 2341 691 2394 verbo
738 2345 1063 2412 exprimere,
1103 2345 1205 2401 nisi
1250 2347 1390 2402 forte
1437 2352 1633 2404 similia
1672 2355 1819 2422 passi
1851 2355 2097 2412 fueritis?

527 2431 628 2494 Qui
665 2433 807 2486 enim
838 2450 1028 2501 passus
1067 2449 1150 2493 est
1183 2440 1247 2494 ad
1280 2440 1634 2510 iudicandum
1667 2449 1836 2518 magis
1867 2460 1950 2505 est
1983 2453 2098 2505 ido—

530 2538 710 2577 neus:
763 2525 923 2581 talem
969 2541 1149 2584 autem
1195 2548 1315 2587 esse
1358 2550 1674 2603 persuasum
1719 2541 1913 2605 habeo,
1939 2555 1992 2598 et
2021 2544 2068 2600 le

530 2631 648 2682 gem
699 2632 918 2672 servare
955 2621 1209 2678 amicitia:
1248 2625 1406 2680 simul
1438 2639 1494 2684 et
1523 2641 1729 2688 natura:
1761 2648 1827 2688 ex
1861 2635 2102 2705 his'qna:

531 2709 770 2764 scribitis
801 2723 855 2766 et
897 2717 1136 2772 suadetis
1163 2721 1216 2774 in
1252 2723 1445 2776 vestris
1492 2725 1728 2782 litteris:
1763 2727 1893 2782 mihi
1920 2743 2100 2784 autem

533 2801 697 2868 igitur
743 2806 942 2870 pariter
994 2811 1256 2865 transfixo
1312 2815 1516 2878 dolore,
1573 2825 1629 2871 et
1675 2817 1876 2888 aliquid
1928 2823 2105 2878 simile

533 2908 675 2960 sarpe
703 2895 882 2951 dicere
931 2901 1149 2957 accidit.
1201 2901 1415 2960 Utinam
1474 2923 1649 2963 essent
1682 2908 1914 2966 Perseus
1948 2925 2001 2968 et
2029 2917 2107 2968 vi-

531 2984 690 3040 derer
745 3002 1010 3056 pennatus
1051 3009 1176 3050 aera
1210 2999 1481 3066 seinelens,
1513 3009 1567 3055 et
1609 3017 1772 3072 super
1819 3021 1969 3060 mare
1997 3007 2107 3060 ela-

536 3089 642 3142 tus,
672 3089 729 3134 ut
768 3097 1090 3154 quocunque
1137 3091 1296 3144 modo
1340 3093 1510 3158 Iieret,
1543 3097 1682 3163 apud
1715 3112 1809 3153 vos
1843 3115 2019 3154 essem
2053 3108 2108 3155 et

2193 2013 2320 2060 τους
2354 1993 2554 2065 ἀγνοῶ,
2583 1997 2678 2049 καὶ
2703 1992 2946 2066 ἐμαυτοῦ
2977 1992 3332 2064 ἐπιλήσομαι.

2312 2171 2450 2242 Aq'.
2495 2171 2793 2245 ΖΔΧΛΡῘᾼ
2829 2172 2952 2225 ΚΑΙ
2985 2171 3265 2242 onmno
3303 2168 3652 2224 AAEMtOlE.

2269 2267 2417 2334 Ὄσῳ
2466 2263 2544 2335 τῷ
2596 2264 2725 2335 περὶ
2777 2264 2924 2333 ἡμᾶς
2971 2262 3317 2333 κεκράτημαι
3365 2257 3540 2332 πόθῳ,
3565 2259 3684 2324 πῶς
3709 2278 3775 2316 αν

2196 2359 2464 2426 δυναίμην
2498 2355 2852 2426 παραστῆσαι
2876 2353 2954 2425 τῷ
2977 2353 3140 2424 λόγῳ,
3169 2354 3307 2423 πλὴν
3345 2355 3392 2406 εἰ
3425 2353 3500 2423 μή
3528 2370 3634 2405 που
3669 2369 3773 2406 πα-

2203 2448 2475 2522 ραπλήσια
2513 2449 2808 2517 τυγχάνετε
2848 2446 3216 2512 πεπονθότες;
3260 2446 3318 2498 ὐ
3351 2445 3459 2517 γὰρ
3489 2443 3772 2508 πεπονθὼς

2198 2541 2266 2592 τὰ
2297 2539 2425 2609 περὶ
2447 2537 2540 2591 τοῦ
2571 2539 2778 2608 κρίνειν
2806 2537 3130 2591 ἐπίσταται·
3177 2537 3486 2607 πέπεισμαι
3510 2536 3566 2590 δέ
3598 2535 3771 2590 τοιοῦο

2200 2650 2291 2695 τος
2331 2628 2489 2692 εἶναι,
2524 2632 2616 2684 καὶ
2643 2630 2807 2702 νόμον
2844 2627 3130 2693 διασώζειν
3161 2629 3342 2696 φιλίας
3370 2627 3486 2698 ἅμα
3529 2629 3624 2682 καὶ⁵
3670 2627 3773 2698 φύ-

2205 2741 2342 2785 σεως
2390 2722 2449 2788 ἐξ
2493 2715 2569 2776 ὧν
2615 2721 2711 2774 καὶ
2765 2719 3004 2791 γράφετε
3053 2722 3147 2774 καὶ
3198 2719 3612 2789 παραμυθεῖσθε
3665 2722 3774 2784 τοῖς

2203 2815 2525 2886 γράμμασιν
2545 2829 2560 2844 '
2599 2815 2722 2882 ἐμοὶ
2749 2812 2792 2864 δ’
2824 2805 2917 2864 οῦν
2944 2812 3093 2881 ὅμως
3123 2812 3458 2882 ἠπορημένῳ
3487 2812 3565 2880 τῷ
3595 2811 3776 2877 πάθει,

2205 2905 2299 2958 καὶ
2328 2903 2567 2957 τοιοῦτόν
2591 2920 2644 2956 τι
2675 2901 2930 2967 πολλάκις
2953 2903 3186 2972 ἐπῆλθεν
3219 2905 3412 2956 εἰπεῖν·
3451 2903 3572 2957 Εἴθε
3600 2904 3778 2974 γενοίο

2210 3008 2317 3061 μην
2350 2991 2594 3061 Περσεὺς
2640 2992 2735 3044 καὶ
2783 2990 3008 3061 φανείην
3040 2993 3347 3063 ὑπόπτερος
3375 2993 3463 3045 τὸν
3511 2993 3650 3064 ἀέρα
3687 2995 3779 3048 τέ-

2211 3101 2378 3154 μνων,
2402 3086 2495 3136 καὶ
2519 3083 2624 3138 ὑπὸ
2643 3084 2741 3154 τῆς
2763 3083 3038 3155 θαλάσσης
3063 3088 3379 3156 φερόμενος,
3405 3088 3550 3150 ὅπως
3576 3088 3643 3142 ἂν
3667 3089 3782 3159 ἅμα

533 3185 719 3226 amore
767 3172 1022 3233 fruerer:
1065 3191 1260 3249 praeter
1310 3195 1557 3240 naturam
1618 3189 1854 3256 quidem,
1886 3194 1979 3246 sed
2025 3201 2107 3248 est

2210 3194 2268 3230 τε
2300 3176 2452 3248 δοκῇ,
2487 3177 2580 3230 καὶ
2602 3175 2842 3247 γίνωμαι
2876 3180 3006 3248 παρ’
3031 3180 3159 3248 ὑμῖν
3209 3180 3304 3232 καὶ
3351 3180 3666 3252 ἀποναίμην
3689 3182 3784 3236 τοῦ

533 3263 866 3330 propositum
902 3282 1088 3323 eormn
1121 3271 1211 3337 qui
1248 3289 1352 3326 nun
1378 3275 1518 3328 ultra
1540 3275 1853 3334 desiderant
1884 3283 2103 3337 errandi

2211 3267 2446 3340 ἔρωτος⁸
2484 3268 2634 3338 παρὰ
2664 3268 2826 3336 φύσιν
2856 3269 2972 3340 μὲν,
3004 3267 3120 3322 ἀλλ’
3153 3269 3214 3322 οὐ
3260 3269 3447 3342 πόρῤω
3474 3270 3785 3326 ποθούντων

536 3353 768 3408 faciliter
814 3369 867 3411 et
911 3363 1210 3416 seminandi
1263 3381 1384 3432 qua:
1433 3366 1546 3422 ﬁeri
1599 3372 1844 3424 naturale
1897 3384 1974 3427 est
2009 3391 2027 3432 :
2057 3375 2104 3430 si

540 3459 663 3500 t'ero
686 3449 877 3504 iterum
918 3456 1046 3507 mitti
1080 3455 1304 3512 fabulari
1351 3459 1526 3527 detur,
1553 3461 1664 3530 jam
1689 3474 1745 3518 et
1775 3465 1938 3521 Abari
1965 3483 2108 3538 saepe

539 3540 705 3594 invidi
742 3542 994 3615 Scythico
1019 3549 1235 3616 quidem
1264 3562 1318 3604 et
1347 3550 1610 3619 Barbare,
1640 3555 1775 3611 alias
1805 3568 1984 3614 autem
2018 3576 2108 3613 sa-

539 3629 704 3698 pienti
741 3642 797 3688 et
835 3635 878 3688 si
928 3636 1090 3692 libeat
1133 3639 1312 3696 felici:
1365 3644 1564 3714 quippe
1603 3648 1854 3717 sagittam
1902 3652 2108 3720 cogita-

539 3721 685 3776 tione
722 3723 1040 3782 velociorem
1083 3730 1287 3788 habens
1308 3736 1448 3802 apud
1478 3751 1614 3805 quos
1645 3739 1857 3795 volebat
1884 3756 1945 3797 se
1975 3759 2110 3797 con-

542 3812 685 3867 ferre
731 3826 983 3884 peteret,
1020 3829 1070 3874 et
1120 3821 1222 3877 via:
1256 3824 1590 3896 longitudine
1637 3831 1780 3886 nulla
1819 3835 2111 3889 contrista-

540 3904 700 3961 batnr
729 3909 962 3966 Abaris:
995 3913 1086 3967 sed
1118 3916 1247 3984 quid
1283 3931 1381 3985 ego
1406 3933 1528 3988 quae
1573 3931 1701 3974 sunt
1735 3922 1889 3992 longe
1919 3935 2115 3994 praeter

544 4005 793 4055 naturam
836 4005 1060 4072 quaero?
1089 4006 1272 4061 Solum
1301 4009 1456 4064 nobis
1483 4010 1861 4082 relinquuntur
1883 4017 1948 4069 ad
1981 4031 2109 4072 con-

541 4090 861 4146 solutionem
898 4094 1132 4151 litteram
1183 4097 1418 4156 Perseus
1459 4112 1641 4156 autem
1681 4113 1731 4158 et
1766 4105 1961 4161 Abaris
1989 4124 2117 4178 poe-

546 4183 614 4238 tis
641 4189 1011 4242 concedantur
1043 4202 1096 4244 et
1128 4190 1344 4248 fabulis.

982 4281 1244 4339 XXXVII.
1290 4286 1678 4345 EPIPIIANIO.

619 4367 678 4424 Si
710 4371 837 4427 dum
886 4373 1158 4445 loquimur
1199 4387 1361 4446 taces,
1410 4383 1608 4437 scribis
1650 4399 1778 4440 vero
1809 4385 1934 4440 dum
1974 4396 2118 4441 tace-

550 4478 693 4530 mus,
727 4467 892 4521 timeo
919 4469 1186 4533 scribens,
1220 4486 1285 4524 ne
1325 4483 1578 4541 Oporteat
1607 4477 1828 4530 omnino
1854 4486 1946 4530 aut
1973 4477 2119 4547 loqui

2211 3361 2246 3430 ἡ
2277 3359 2469 3431 γνώμη
2515 3361 2820 3416 πλανᾶσθαί
2862 3379 2924 3414 τε
2967 3363 3167 3434 ῥᾳδίως
3215 3364 3309 3416 καὶ
3357 3364 3718 3434 ὀνειροπολεῖν
3751 3367 3790 3420 ἃ

2212 3452 2425 3522 πέφυκε
2473 3453 2757 3522 γίνεσθαιο
2803 3455 2852 3507 εί
2897 3453 2955 3507 δέ
3003 3471 3106 3525 μου
3157 3455 3317 3510 πάλιν
3365 3457 3788 3527 μυθολογοῦντος

2213 3545 2446 3617 ἀνάσχῃ,
2472 3546 2570 3617 ἤδη
2607 3546 2813 3601 καὶτὸν
2836 3547 3070 3618 Ἀσαριν
3089 3546 3346 3612 πολλάκις
3373 3548 3644 3618 ἐζήλωσα,
3661 3551 3791 3605 Σκύ-

2216 3640 2316 3710 θην
2345 3639 2452 3710 ¹μὲν
2500 3637 2631 3692 ὄντα
2679 3639 2776 3694 καὶ
2813 3639 3117 3712 Βάρϐαρον,
3150 3639 3312 3710 σοφὸν
3347 3641 3402 3693 δὲ
3428 3641 3626 3708 ἄλλως,
3654 3645 3704 3696 εί
3735 3644 3792 3697 δὲ

2217 3733 2413 3798 θέλεις,
2449 3724 2741 3802 εὐδαίμονα
2761 3748 2776 3762 ⁸
2808 3733 2888 3786 ὅτι
2913 3732 3006 3786 τὸν
3040 3733 3217 3785 ὀϊστὸν
3252 3731 3386 3802 ἔχων
3414 3733 3794 3803 ὑπηρετοῦντα

2216 3828 2282 3896 τῇ
2330 3824 2546 3898 γνώμῃ,
2577 3825 2706 3895 παρ’
2730 3823 2824 3888 οὒς
2851 3824 3039 3896 ἢθελεν
3067 3826 3263 3896 ἤγετο·
3307 3823 3401 3878 καὶ
3443 3824 3564 3879 ὁδοῦ
3617 3825 3793 3896 μῆκος

2218 3917 2370 3974 οὐδὲν
2403 3914 2708 3987 παρελύπει
2737 3913 2826 3968 τὸν
2850 3913 3078 3986 Ἀὕαριν
3097 3929 3112 3940 ·
3141 3911 3277 3965 ἀλλᾶ
3295 3913 3350 3965 τί
3389 3929 3480 3982 μοι
3511 3912 3583 3966 τὰ

2221 4009 2374 4080 παρὰ
2409 4010 2569 4078 φύσιν
2614 4007 2838 4077 ζητεῖν;
2873 4005 3050 4060 Μόνον
3086 4007 3219 4076 ἡμῖν
3246 4005 3494 4058 λείπεται
3524 4004 3661 4074 πρὸς
3693 4022 3796 4060 πα-

2223 4101 2498 4175 ραμυθίαν
2553 4098 2623 4152 τὰ
2671 4097 3003 4168 γράμματα⁸
3037 4096 3284 4167 Περσεὺς
3329 4095 3386 4149 δὲ
3433 4097 3531 4150 καὶ
3565 4096 3797 4167 Ἀϐαρις

2221 4193 2470 4263 ποιηταῖς
2495 4189 2729 4245 δεδόσθω
2753 4189 2846 4243 καὶ
2876 4187 3084 4260 μύθοις.

2760 4283 2880 4337 AZ'.
2908 4283 3250 4354 ΕΠΙΦΔΝΙῼ.

2296 4378 2357 4432 El
2390 4375 2694 4430 λαλούντων
2740 4376 2897 4445 ἡμῶν
2942 4375 3174 4444 σιωπᾷς,
3205 4373 3438 4445 γράφεις
3468 4371 3524 4426 δέ
3553 4370 3796 4425 σιωπῶν-

2225 4487 2352 4534 των,
2377 4468 2587 4521 δέδοικα
2630 4467 2885 4538 γράφων,
2918 4466 2972 4518 εἴ
3014 4483 3076 4533 γε
3127 4465 3220 4537 δέῃ
3271 4466 3485 4528 πάντως
3535 4465 3568 4536 ἢ
3621 4464 3800 4517 λαλεῖν

551 4569 674 4608 cum
704 4558 892 4621 mutis,
931 4570 1027 4612 aut
1056 4569 1299 4615 tacentes
1333 4564 1560 4619 audire:
1592 4577 1646 4621 et
1671 4568 1888 4635 quidem
1915 4569 2107 4625 littera:

2228 4560 2486 4631 ἀφώνοις,
2528 4560 2560 4630 ἢ
2597 4558 2916 4621 σιωπῶντας
2961 4559 3216 4612 ἀκούειν⁹
3257 4556 3431 4609 καίτοι
3467 4573 3531 4626 γε
3582 4557 3646 4610 τδ
3677 4558 3799 4609 ἐπι-

557 4646 796 4712 mittere,
827 4659 882 4701 ut
926 4653 1179 4707 convenit
1229 4653 1506 4724 imaginati
1559 4667 1686 4710 sunt
1729 4657 2010 4722 homines,
2067 4671 2145 4722 ιιι⁸

557 4737 869 4795 absentibus
901 4741 1188 4812 imaginem
1225 4756 1511 4801 servarent
1553 4749 1922 4816 prteseutium,
1952 4758 2006 4804 et
2041 4750 2128 4803 di-

558 4837 748 4884 t-ereut
783 4831 834 4885 in
863 4833 1054 4887 litteris
1081 4836 1303 4903 perinde
1333 4852 1395 4892 ac
1429 4836 1471 4892 si
1511 4848 2002 4892 coitversareutur:
2031 4854 2130 4906 ego

556 4932 738 4978 autem
766 4933 913 4978 tuam
949 4927 1233 4994 epistolam
1280 4944 1697 5000 recognoscens,
1725 4946 1835 5001 pra:
1858 4931 2132 5001 voluptate

559 5014 702 5082 ﬂevi,
735 5026 790 5070 et
823 5028 876 5072 te
903 5030 1226 5086 prasentem
1273 5031 1332 5074 ut
1376 5036 1741 5078 consueveras
1779 5023 2002 5078 videbar
2040 5039 2133 5076 an-

559 5109 715 5175 dire;
763 5120 817 5164 et
859 5112 1014 5166 dulce
1057 5113 1350 5182 suspirium
1411 5114 1632 5170 trahens
1690 5114 1974 5171 dicebam:
2010 5114 2134 5170 llaec

559 5208 644 5254 est
707 5204 1042 5258 amicissima
1099 5220 1246 5258 vox:
1289 5205 1385 5259 sed
1434 5206 1683 5261 obtestor
1742 5221 1837 5276 per
1894 5223 2134 5262 amorem

564 5293 737 5360 ipsum
787 5305 840 5348 et
877 5310 1062 5349 vocem
1092 5297 1250 5350 istam
1285 5297 1330 5351 si
1362 5297 1504 5354 illam
1533 5299 1728 5353 alicubi
1763 5299 1939 5354 adhuc
1971 5315 2137 5354 nove-

566 5389 640 5442 ris
674 5396 729 5441 et
760 5389 1075 5444 memineris
1105 5405 1172 5444 ne
1200 5390 1330 5445 mihi
1369 5405 1399 5445 ιι
1435 5391 1631 5446 litteris
1661 5405 1943 5447 removeas
1965 5432 1981 5458 ,
2041 5408 2138 5447 ne-

563 5495 671 5548 que
718 5482 858 5536 hanc
880 5482 1052 5537 solam
1109 5484 1533 5540 consolationem
1569 5484 1836 5554 eripueris
1871 5503 1884 5539 :
1920 5499 1986 5539 ne
2041 5495 2141 5540 nn-

567 5587 727 5639 t,uam
765 5573 902 5628 forte
933 5575 1201 5630 invideam
1244 5577 1308 5631 iis
1334 5576 1424 5646 qui
1453 5590 1630 5645 neque
1651 5589 1837 5629 amare
1860 5585 2162 5642 ceperunt,

569 5663 874 5735 quibusque
911 5684 1017 5722 non
1058 5669 1256 5721 acridit
1292 5668 1492 5724 similia
1529 5666 1802 5738 perpessis
1839 5664 2139 5742 intremere.

575 5753 860 5811 XXXVIII.
896 5755 1267 5812 ZACl-IARl/E
1290 5757 1375 5810 ΕΤ
1397 5754 1710 5812 ΡΙΙΙΙΛΙῬΟ
1725 5755 2140 5811 FRATRIBUS.

648 5850 825 5905 Unum
874 5855 1160 5921 quemdam
1205 5864 1365 5908 antea
1419 5853 1574 5909 vobis
1615 5852 1989 5910 conuucndavi
2051 5867 2145 5923 per

2229 4652 2489 4715 στέλλειν,
2526 4650 2600 4714 ὡς
2632 4653 2802 4723 εἰκ>ις,
2834 4650 3250 4720 ἐμηχανήσαντο
3298 4648 3570 4719 ἄνθρωποι
3595 4689 3611 4711 ,
3656 4648 3800 4713 ὅπως

2227 4748 2338 4807 τοῖς
2361 4743 2592 4798 ἀποῦσιν
2621 4744 2846 4813 μίμημα
2876 4742 3096 4806 σώζοιεν
3127 4739 3408 4811 παρόντων
3428 4756 3444 4772 ο
3472 4739 3568 4793 καλ⁵
3596 4738 3804 4808 λέγοιεν

2230 4836 2288 4888 ἐν
2334 4837 2444 4897 τοῖς
2477 4835 2821 4906 γράμμασιν,
2854 4832 3041 4902 ῶσπερ
3070 4832 3135 4886 ἂν
3168 4832 3217 4884 εί
3249 4832 3343 4884 καὶ
3382 4831 3633 4895 συνόντες
3679 4825 3802 4887 ὦσι.

2242 4927 2384 4995 Ἐγὼ
2415 4926 2472 4980 δέ
2505 4942 2597 4979 σου
2625 4926 2724 4997 τὴν
2749 4924 3036 4996 ἐπιστολὴν
3068 4924 3353 4991 ἀναγνοὺς,
3381 4921 3472 4993 ὑφ’
3492 4922 3688 4993 ἡδονῆς
3710 4921 3806 4976 καὶ

2233 5019 2525 5089 ἐδάκρυσα,
2558 5018 2653 5072 καὶ
2698 5017 2790 5070 σοῦ
2823 5018 3088 5088 παρόντος
3129 5015 3316 5086 ῶσπερ
3349 5014 3559 5077 είώθεις
3593 5014 3808 5066 ἐδόκουν

2233 5112 2451 5168 ἀκούειν
2470 5129 2482 5142 ·
2520 5113 2613 5166 καὶ
2662 5112 2757 5182 ἡδύ
2788 5130 2836 5164 τι
2856 5113 3091 5174 πνεύσας
3123 5111 3280 5163 τοῦτο
3310 5104 3484 5171 εἷπον,
3525 5109 3742 5178 Ἐκείνη
3773 5110 3810 5178 ἡ

2235 5208 2463 5276 φιλτάτη
2496 5207 2670 5276 φωνή.
2689 5204 2829 5256 Ἀλλ’
2850 5199 2896 5256 ὣ
2921 5204 3054 5275 πρὸς
3089 5204 3289 5269 ἔρωτος
3309 5199 3472 5255 αὐτοῦ
3501 5203 3596 5254 καὶ
3627 5201 3809 5270 φωνῆς

2235 5297 2472 5370 ἐκείνης,
2509 5298 2562 5351 εἴ
2590 5313 2690 5350 που
2736 5296 2942 5366 ταύτην
2971 5294 3051 5347 ἔτι
3081 5289 3241 5347 οἶσθα
3271 5293 3366 5346 καὶ
3397 5291 3698 5362 μέμνησαι,
3733 5291 3808 5361 μή

2241 5410 2332 5464 μοι
2360 5389 2808 5460 τοῖςγράμμασιν
2829 5385 3000 5455 ἀποδή
3010 5402 3119 5453 μει,
3141 5383 3275 5454 μηδὲ
3297 5381 3393 5452 τὴν
3420 5382 3588 5451 μόνην
3608 5380 3812 5450 ἀφέλῃς

2238 5479 2618 5552 παραμυθίανσ
2653 5477 2727 5548 μή
2760 5493 2891 5528 ποτε
2923 5477 3064 5545 τάχα
3110 5471 3340 5544 ζηλὼσω
3379 5471 3511 5535 τοὺς
3547 5470 3682 5542 μηδέ
3712 5469 3813 5542 τὴν

2239 5573 2414 5642 ἀρχὴν
2447 5571 2708 5641 ἐρῶντας,
2745 5567 2839 5632 οὓς
2871 5567 3006 5639 μηδέ
3041 5563 3332 5637 συμϐαίνει
3357 5562 3582 5616 τοιαῦτα
3612 5561 3814 5616 παθόν-

2239 5681 2337 5728 τας
2373 5661 2682 5733 όδύρεσθαι.
3277 5681 3279 5683 ί

2361 5753 2492 5807 All'.
2532 5750 2832 5821 ΖΔΧΑΡΙᾼ
2869 5751 2990 5803 ΚΑΙ
3027 5750 3310 5821 ΦΙΛΙΠΠῼ
3347 5746 3698 5802 ΛΔΕΔΦΟΙΣ.

2313 5847 2418 5902 Τὸν
2444 5846 2592 5901 δεῖνα
2619 5845 2830 5916 φθάσας
2872 5845 2999 5915 ὑμῖν
3045 5843 3350 5913 συνέστησα
3373 5839 3468 5896 διὰ
3489 5839 3590 5911 τῆς
3615 5835 3812 5909 προτέ-
