4014 6562
202 506 399 574 2m
1697 503 2105 566 EPISTOLIE.
3375 493 3523 560 2750

187 640 338 694 ρας
370 619 697 689 ἐπιστολῆς·
730 618 833 672 οὐκ
862 618 943 683 εἰς
986 616 1213 691 ἀκριϐὲς
1242 616 1449 671 ἐκεῖνον
1478 616 1635 681 ειδὼς
1658 657 1672 681 ,
1705 617 1825 672 ἀλλ’

1940 619 2172 688 primam
2216 615 2500 687 epistolam
2536 627 2553 669 :
2590 628 2696 671 non
2744 610 2908 668 istum
2956 619 3214 668 accurate
3264 626 3520 672 noscens.

184 716 237 767 ὲ
256 716 291 779 ξ
337 708 419 767 ὧν
449 712 746 767 ἐπλάττετο
765 750 780 775 ,
811 707 1004 763 τοῦτον
1034 707 1342 780 ἡγούμενος
1392 706 1530 779 ὅπερ
1576 708 1679 761 οὑκ
1722 703 1825 778 ἦν·

1936 712 2029 766 scd
2061 710 2226 765 exiis
2270 724 2392 777 qua:
2420 707 2735 771 simulabat,
2785 704 2932 759 illum
2977 713 3177 775 putans
3209 718 3332 760 esse
3376 702 3520 773 quod

186 806 501 860 ἐλάνθανε
543 804 672 874 γὰρ,
704 802 1057 873 προσχήματι
1092 801 1191 871 μὲν
1240 798 1423 863 καλῶς
1469 799 1825 871 κεχρημένρς.

1937 820 2044 859 ιιοιι
2078 814 2194 859 erat
2232 824 2247 858 :
2279 800 2486 858 latebat
2537 802 2707 865 enim,
2738 798 2919 868 specie
2952 798 3171 868 quidem
3223 796 3356 851 falsa
3391 798 3526 851 bene

184 896 307 951 ὣν
339 898 404 952 δὲ
440 897 685 959 τοιοῦτος
734 888 849 949 οἷον
904 892 1160 960 ὑπέδειξε
1201 891 1393 946 τοῦτον
1422 892 1457 963 ή
1489 890 1825 963 πεῖρα.⁹Απδ

1936 911 2087 959 usus,
2121 895 2243 951 talis
2281 906 2462 951 autem
2499 894 2719 965 qualem
2757 891 2910 946 illum
2939 888 3215 960 perhibuit
3239 888 3524 958 experien-

192 990 344 1060 γὰρ
373 988 476 1059 τῆς
504 988 755 1053 Γαζαίων
775 985 1122 1057 ὁρμώμενος,
1148 984 1243 1038 καὶ
1273 983 1482 1054 μέλλων
1507 983 1825 1051 ἀνάγεσθαι,

1939 990 2033 1044 tia.
2084 989 2232 1045 Gaza
2283 990 2427 1044 enim
2472 1003 2748 1058 egressus,
2806 986 2950 1039 unde
2998 982 3350 1052 expellendus
3378 990 3522 1046 erat,

198 1081 472 1135 κατέλυε
505 1080 602 1151 μὲν
633 1079 786 1150 παρά
815 1096 925 1133 τινι
954 1076 1064 1130 τῶν
1091 1076 1437 1148 ἐπιτηδείων,
1470 1074 1661 1147 ὥσπερ
1687 1076 1825 1141 εἰκός

1936 1082 2076 1148 apud
2133 1081 2421 1149 quemdam
2474 1094 2539 1133 ex
2590 1077 2781 1132 amicis
2842 1076 3147 1129 diversatus
3193 1082 3298 1138 est,
3351 1086 3525 1141 usque

204 1174 380 1240 ἐστι,
405 1173 568 1244 μέχρι
590 1171 756 1235 πλοῦς
770 1172 1020 1242 γένηται’
1048 1168 1360 1233 πιστευθεὶς
1377 1168 1433 1222 δὲ
1454 1169 1604 1241 νόμῳ
1626 1167 1825 1239 φιλίας,

1935 1173 2061 1226 dum
2092 1182 2150 1225 ιιι
2178 1186 2391 1241 aequum
2435 1179 2539 1237 est,
2580 1171 2734 1225 lieret
2788 1167 3110 1238 navigatio:
3153 1166 3395 1223 conlisus
3420 1181 3521 1220 au-

206 1268 329 1319 καὶ
359 1264 496 1336 πρὸς
528 1264 750 1328 πολλαῖς
778 1264 995 1336 ἑτέραις
1037 1262 1136 1317 καὶ
1182 1261 1389 1334 ταύτην
1433 1261 1596 1333 χάριν
1627 1260 1825 1330 λαϐὼν,

1935 1275 2042 1323 tem
2076 1267 2192 1337 lege
2218 1267 2474 1323 amicitiae
2502 1276 2558 1322 et
2593 1275 2785 1337 pra-ter
2823 1265 3019 1320 multas
3053 1265 3192 1320 alias
3212 1263 3315 1319 hac
3347 1262 3524 1334 gratia

204 1355 332 1410 ’τοῦ
364 1355 767 1428 ὑποδεξαμένου
812 1353 1043 1426 διώρυξε
1086 1354 1187 1425 τὴν
1218 1353 1397 1408 οίκίαν
1418 1369 1433 1385 ⁶
1466 1353 1566 1407 καὶ
1610 1347 1685 1408 ὢν
1717 1349 1825 1423 εἶχε

1935 1370 2184 1429 accepta,
2219 1358 2340 1428 eius
2359 1358 2451 1428 qui
2489 1374 2615 1414 eum
2643 1367 2922 1428 receperat
2953 1357 3252 1428 perforavit
3277 1357 3521 1423 domum,

209 1451 538 1523 χρημάτων
583 1448 773 1505 τοῦτον
821 1447 1139 1519 ἐγύμνωσε·
1168 1445 1264 1501 καὶ
1295 1446 1385 1502 ἴνα
1427 1446 1567 1519 λάθῃ
1614 1447 1685 1501 τὰ
1729 1446 1825 1516 τῆς

1935 1460 1989 1506 et
2013 1450 2222 1507 divitiis
2256 1466 2392 1520 quas
2437 1450 2672 1505 habebat
2722 1449 2870 1504 illum
2924 1451 3175 1521 spoliavit
3208 1469 3222 1507 :
3256 1460 3312 1505 et
3353 1464 3421 1505 ne
3464 1449 3521 1505 in

215 1545 494 1615 ὑποψίας,
530 1543 680 1607 κλεὶς
712 1542 813 1613 μὲν
837 1537 907 1614 ἦν
937 1541 1087 1613 αὐτῷ
1114 1541 1252 1612 πρὸς
1280 1540 1381 1613 τήν
1415 1539 1711 1612 ἐπιϐουλὴν
1737 1540 1825 1593 εύ-

1935 1544 2303 1611 suspieionem
2358 1543 2664 1607 incideret,
2716 1550 2837 1597 erat
2886 1542 2987 1614 ipsi
3045 1543 3220 1599 clavis
3254 1544 3321 1597 ad
3367 1542 3523 1599 dolos

209 1638 480 1708 τρεπής·
508 1635 681 1708 ταύτῃ
715 1635 773 1688 δὲ
801 1634 1096 1701 διανοίξας,
1141 1634 1237 1688 καὶ
1269 1632 1415 1705 ἅπερ
1449 1626 1577 1703 εῦρε
1621 1631 1827 1699 λαϐὼν,

214 1730 402 1784 πάλιν
431 1728 508 1800 τῷ
536 1727 775 1798 κιϐωτίῳ
808 1726 871 1780 τὸ
901 1726 1134 1781 παλαιὸν
1158 1724 1399 1796 ἐπέθηκε
1425 1722 1617 1794 σχῆμα
1636 1738 1650 1751 ·
1678 1722 1754 1786 ὡς
1773 1721 1832 1776 δέ

225 1821 393 1890 μόλις
427 1819 595 1884 αὐτὸς
628 1818 877 1889 ἀνήχθη,
910 1817 1006 1870 καὶ⁵
1052 1814 1192 1886 πρὸς
1219 1814 1291 1868 τά
1321 1812 1584 1867 δοκοῦντα
1615 1811 1831 1865 κεῖσθαι

1936 1634 2196 1689 instructa
2234 1652 2248 1690 :
2286 1650 2411 1689 cum
2464 1634 2606 1688 illius
2653 1650 2756 1703 ope
2803 1634 3055 1704 aperiens
3083 1674 3101 1701 ,
3151 1650 3271 1705 qua:
3320 1634 3525 1691 invenit

1935 1724 2197 1795 cepisset,
2228 1739 2419 1780 rursus
2454 1724 2696 1778 arculam
2726 1725 2780 1778 in
2821 1725 3051 1794 pristino
3084 1736 3229 1781 statu
3254 1725 3521 1795 reposuit.

1934 1816 2035 1870 Vix
2072 1827 2255 1871 autem
2280 1816 2396 1887 ipse
2430 1814 2549 1870 vela
2582 1815 2735 1882 fecit,
2759 1825 2814 1871 et
2843 1818 2912 1872 ad
2943 1833 3005 1872 ea
3049 1833 3169 1887 qua:
3194 1817 3525 1887 videbantur

216 1914 394 1983 χρεία
443 1912 550 1966 τῶν
600 1912 899 1982 κτημάτων
928 1908 1135 1974 ἐκάλει,
1167 1903 1299 1979 ἦλθε
1349 1906 1411 1960 τὸ
1457 1906 1644 1978 δρᾶμα
1694 1902 1825 1977 πρὸς

1935 1909 2113 1981 iacere
2149 1926 2277 1965 usus
2322 1925 2486 1979 Opltm
2541 1909 2751 1978 impulit
2788 1919 2949 1981 atque
3007 1910 3208 1966 factum
3266 1910 3415 1965 venit
3454 1910 3523 1963 ad

220 2008 479 2076 ἔλεγχον,
511 2007 606 2059 καὶ
636 2007 747 2068 τοῖς
773 2003 1097 2074 τεκμηρίοις
1129 2000 1431 2070 ἀντιλέγειν
1457 2000 1556 2053 οὐκ
1582 1994 1684 2070 ἦν’
1717 2014 1832 2052 τοι·

219 2098 410 2152 ούτων
455 2097 550 2151 καὶ
600 2095 882 2159 Μενέλαος
925 2095 1035 2148 τῶν
1084 2094 1277 2161 ξενίων
1318 2090 1655 2163 ἀπήλαυοεν,
1704 2090 1831 2144 ἀντ’

221 2190 472 2261 ἀμοιϐῆς
532 2206 679 2253 τινος
732 2188 832 2260 τὴν
893 2187 1117 2258 Ἑλένην
1166 2185 1552 2257 ἀφῃρημένοςο
1604 2181 1831 2236 τοιαῦτα

220 2282 467 2352 γράφειν
515 2280 757 2352 ἐπήρθη,
786 2280 873 2333 ἵνα
902 2278 977 2350 μὴ
1006 2278 1074 2332 δι’
1104 2277 1260 2348 ὑμῶν
1290 2274 1604 2338 πιστευθεὶς
1623 2316 1637 2340 ,
1664 2273 1829 2343 ἔτερα

218 2371 456 2426 τοιαῦτα
491 2370 581 2423 τὸν
609 2368 978 2422 πιστεύσαντα
1009 2367 1186 2440 δράσῃ
1210 2385 1223 2399 ·
1275 2365 1371 2420 καὶ
1408 2364 1684 2437 μέμψεται
1729 2363 1828 2435 μὲν

223 2464 380 2534 ὑμᾶς
410 2464 440 2517 ὁ
469 2460 683 2526 παθὼν,
710 2460 809 2533 ἐμὲ
845 2461 902 2515 δέ
932 2462 1153 2524 πάντως
1185 2461 1366 2531 ὑμεῖς.

736 2643 862 2698 Λθυ.
905 2640 1349 2709 ΑΘΠΝΟΔΩΡῼ.1

300 2740 608 2811 Δεξάμενος
650 2737 711 2792 τὸ
764 2736 986 2807 βιϐλίον,
1022 2735 1150 2803 ὑμῖν
1184 2734 1282 2804 μὲν
1316 2731 1478 2803 χάριν
1510 2729 1826 2801 ὡμολόγουν

223 2835 481 2899 εἰκότως,
512 2830 736 2904 ἐμαυτῷ
776 2831 834 2884 δὲ
885 2827 1193 2899 συνηδόμην
1245 2827 1293 2879 εἰ
1353 2824 1629 2887 τοιούτους
1679 2824 1826 2894 ὑμᾶς

223 2931 393 2991 ὄντας
422 2927 556 2997 πρδς
583 2924 766 2994 φιλίαν
794 2923 1067 2991 εὐτύχησα
1086 2935 1102 2951 ο
1138 2919 1231 2972 καὶ
1263 2918 1353 2991 μή
1371 2934 1439 2985 με
1468 2916 1709 2987 βαλλέτω
1741 2914 1824 2970 λί-

224 3018 312 3089 θῳ
348 3018 542 3089 τραχεῖ
568 3018 597 3070 ὁ
621 3014 837 3084 φθόνος,
862 3013 937 3076 ὡς
976 3010 1052 3080 τῷ
1092 3009 1343 3080 Πινδάρῳ
1366 3009 1514 3062 δοκεῖ
1535 3025 1550 3041 ’
1574 3009 1827 3080 ηὐχόμην

220 3115 285 3167 δε
322 3114 419 3167 καί
445 3116 511 3183 τῇ
543 3112 702 3184 τύχῃ,
734 3109 996 3164 δύνασθαί
1036 3108 1103 3178 μέ
1155 3125 1285 3161 ποτε
1336 3107 1655 3176 πρέπουσαν
1698 3104 1826 3174 ύμῖν

222 3206 627 3262 ἀνταποδοῦναι
649 3206 746 3274 τὴν
772 3206 933 3274 χάριν
955 3220 967 3235 ο
1005 3206 1037 3273 ή
1063 3203 1120 3255 δέ
1148 3200 1356 3272 ταχέως
1377 3200 1563 3255 δίδωσι
1582 3198 1675 3251 τὸν
1699 3214 1829 3251 και-

228 3302 348 3370 ρὶν,
384 3297 494 3353 οἷον
527 3298 592 3353 σύ
622 3316 679 3352 τε
710 3297 952 3362 ἐϐούλου,
982 3295 1138 3364 κάγὼ
1169 3294 1335 3349 πάλαι
1366 3292 1568 3364 ζητῶν,
1602 3290 1698 3343 νῦν
1727 3290 1825 3359 μό-
1853 3318 1895 3375 c

224 3392 317 3455 λις
351 3393 678 3461 ἐτύγχανον
713 3389 802 3442 τὸν
835 3388 943 3458 γὰρ
968 3387 1163 3458 ἔχοντα
1194 3384 1293 3456 τὴν
1324 3382 1555 3438 καθόλου
1585 3381 1823 3436 πέπεικα

225 3481 392 3536 τοῦτό
421 3499 504 3535 σοι
536 3480 701 3552 μέρος
731 3479 1051 3544 ἀποδόσθαι,
1083 3471 1146 3532 οῦ
1177 3478 1269 3531 καὶ
1297 3474 1588 3546 τυγχάνεις
1626 3473 1821 3543 δεόμε-

238 3593 321 3639 ιος
346 3592 361 3606 ο
399 3576 450 3627 εἱ
483 3573 584 3644 μὲν
610 3568 703 3626 οὖν
735 3572 896 3642 ἔλθῃς
922 3570 995 3635 ὡς
1023 3572 1169 3640 ἡμᾶς
1188 3610 1203 3633 ,
1242 3568 1436 3622 θᾶττον
1472 3567 1535 3621 ἂν
1561 3565 1733 3636 λάϐῃς
1765 3564 1826 3618 τὸ

232 3666 424 3734 κτῆμα
458 3664 607 3737 παρά
640 3663 740 3734 τῆς
769 3662 956 3732 τιμῆς,
990 3660 1061 3714 τὰ
1097 3660 1198 3730 μὲν
1244 3658 1462 3721 πείσας,
1493 3657 1564 3710 τὰ
1600 3656 1658 3710 δὲ
1706 3672 1827 3708 πει-

232 3757 406 3819 σθεὶς,
435 3755 514 3819 ὡς
539 3758 567 3809 ὁ
591 3754 693 3825 τῆς
733 3752 1003 3824 ἐμπορίας
1038 3751 1289 3822 βούλεται
1320 3749 1484 3819 νόμος
1506 3764 1521 3779 ο
1558 3747 1609 3801 εί
1633 3746 1691 3800 δὲ
1727 3746 1824 3815 μὴ,

231 3848 398 3910 αὑτδς
427 3846 548 3917 age;
578 3846 714 3918 πρὸς
759 3845 818 3899 οὲ
854 3843 1052 3918 καιροῦ
1081 3843 1396 3908 καλοῦντος,
1421 3840 1496 3907 ὡς
1542 3841 1676 3911 ἡμῖν
1723 3839 1825 3891 ἐπι

229 3939 554 4012 ηγγείλατο.

800 4122 891 4176 M'.
942 4118 1257 4190 romam.

322 4214 380 4269 '0
406 4212 713 4284 θαυμάσιος
755 4210 1009 4278 ’Λλφαῖος
1033 4207 1337 4279 ἀπήγγειλέ
1370 4224 1484 4278 μοι,
1504 4204 1747 4261 τοιοῦτόν
1766 4222 1826 4260 σε

235 4309 367 4378 περὶ
400 4306 563 4359 αὑτὸν
588 4302 937 4373 γεγενῆσθαι,
960 4296 1071 4354 οἷον
1096 4301 1259 4365 αὐτὸς
1291 4299 1390 4370 μὲν
1415 4298 1691 4354 ἐϐούλετοο
1714 4298 1826 4367 ἐγὼ

233 4402 294 4456 δὲ
323 4398 514 4454 τοῦτον
546 4398 786 4461 ἀκούσας
814 4397 990 4467 ἥσθην
1028 4396 1129 4467 μὲν
1176 4395 1195 4467 (
1220 4396 1337 4459 πῶς
1366 4393 1476 4465 γὰρ
1524 4394 1624 4448 οὐκ
1667 4393 1825 4464 ἔμελ-

236 4495 328 4546 λον
349 4491 409 4562 ;)’
442 4492 502 4545 ού
537 4490 629 4562 pip
660 4490 761 4561 ήδη
798 4506 888 4560 μοι
918 4489 1014 4544 καὶ
1031 4488 1344 4558 θαυμαστὸν
1377 4488 1553 4541 ἐδόκει
1590 4486 1652 4538 τὸ
1678 4486 1820 4556 πρᾶ-

235 4597 388 4652 γμα·
428 4583 476 4636 εί
525 4582 583 4634 δὲ
632 4579 847 4651 βούλει,
891 4580 987 4634 καὶ
1030 4578 1321 4651 προλαϐὼν
1363 4577 1667 4649 διηγούμην
1713 4571 1823 4639 οἷος

1932 2000 2322 2070 cognitionem,
2380 2000 2511 2069 quin
2568 2001 2902 2070 conjectnris
2948 2002 3323 2058 contradicere
3352 2000 3524 2071 possi-

1931 2093 2038 2147 bile
2074 2102 2221 2147 esset
2247 2109 2261 2148 :
2293 2092 2416 2146 talia
2447 2101 2503 2148 et
2529 2093 2597 2147 ab
2636 2093 2847 2163 hOSpite
2874 2110 3092 2148 munera
3127 2096 3367 2164 percepit
3395 2095 3517 2150 Me-

1932 2186 2119 2239 nelaus
2148 2226 2164 2247 ,
2201 2200 2323 2238 eum
2377 2199 2475 2254 pro
2531 2186 2765 2255 quadam
2799 2186 3099 2242 olIiciorum
3150 2187 3522 2242 vicissitudine

1933 2288 2088 2348 rapta
2126 2278 2226 2331 fuit
2259 2275 2463 2332 llelena
2497 2295 2511 2331 :
2554 2278 2755 2334 similia
2818 2279 3059 2334 scribere
3090 2280 3356 2333 adductus
3398 2295 3519 2335 sum

1932 2383 2002 2423 ne
2051 2370 2192 2424 inter
2246 2384 2343 2424 vos
2390 2370 2631 2425 conﬁsus
2682 2370 2735 2424 in
2787 2371 3149 2425 conﬁdentem
3186 2370 3290 2424 alia
3322 2368 3522 2425 similia

1932 2472 2222 2531 praestaret
2251 2479 2265 2516 :
2298 2472 2352 2518 et
2374 2463 2595 2533 quidem
2649 2463 2716 2519 de
2744 2463 3174 2535 vobisqueretur
3209 2479 3421 2532 passus,
3456 2463 3522 2519 de

1930 2568 2017 2608 me
2038 2562 2220 2609 autem
2253 2570 2349 2610 vos
2382 2556 2627 2611 omnino.

2329 2646 2577 2702 XXXIX.
2619 2644 3123 2703 ATHENODORO.

2001 2739 2208 2796 Libello
2241 2752 2489 2810 accepto,
2516 2743 2671 2797 vobis
2710 2742 2927 2812 quidem
2990 2742 3198 2809 gratias
3244 2739 3520 2811 persolve-

1929 2831 2049 2887 bam
2083 2834 2275 2887 merito
2312 2853 2326 2889 :
2360 2835 2415 2888 in
2466 2850 2553 2889 me
2593 2841 2777 2888 autem
2825 2834 3128 2904 gaudebant
3187 2835 3334 2904 quod
3383 2832 3516 2887 mihi

1928 2924 2217 2994 contigerit
2247 2941 2342 2979 vos
2373 2942 2495 2981 cum
2531 2926 2663 2979 tales
2700 2926 2823 2980 sitis
2866 2925 2920 2979 in
2968 2926 3209 2979 amicitia
3259 2924 3461 2979 habere
3491 2940 3507 2978 :

1930 3028 1995 3066 ne
2020 3029 2103 3067 me
2133 3012 2296 3066 feriat
2325 3027 2520 3081 aspero
2548 3011 2724 3081 lapide
2755 3012 2974 3075 invidia,
3011 3019 3069 3065 ut
3104 3010 3338 3065 Pindaro
3367 3011 3518 3067 vide-

1931 3113 2015 3157 tur
2041 3122 2053 3159 :
2080 3105 2347 3173 precabar
2365 3114 2544 3159 autem
2568 3110 2617 3158 et
2644 3103 2915 3159 fortunam
2940 3113 2993 3157 ut
3018 3103 3145 3158 olim
3174 3102 3304 3157 mihi
3324 3103 3519 3159 liceret

1929 3210 2112 3265 aquas
2158 3196 2312 3251 vobis
2370 3199 2671 3267 rependere
2715 3196 2922 3266 gratias
2955 3213 2969 3251 :
3001 3211 3122 3266 quze
3161 3196 3377 3267 quidem
3427 3212 3519 3250 sn-

1931 3286 2040 3340 bito
2075 3287 2303 3358 prtebuit
2330 3289 2672 3344 occasionem
2708 3299 2765 3343 ut
2800 3289 3037 3355 volebas,
3074 3299 3131 3345 et
3182 3306 3280 3359 ego
3306 3290 3515 3360 jamdiu

1934 3396 2188 3449 quaerens
2223 3384 2311 3435 vix
2341 3382 2556 3437 obviam
2588 3383 2749 3438 habui
2785 3401 2800 3439 :
2834 3384 2983 3438 illum
3029 3393 3209 3439 autem
3258 3384 3349 3454 qui
3389 3398 3513 3438 eam

1930 3472 2093 3525 habet
2119 3473 2431 3525 summatim
2464 3473 2787 3527 adhortatus
2810 3490 2931 3527 sum
2984 3484 3041 3528 ut
3085 3473 3224 3528 hanc
3255 3474 3349 3529 tibi
3386 3487 3515 3542 par-

1929 3572 2034 3616 tem
2066 3563 2326 3628 traderet,
2351 3579 2458 3634 qua
2485 3574 2536 3619 et
2564 3566 2701 3619 forte
2746 3566 2954 3634 indiges
2984 3584 2998 3621 :
3033 3565 3077 3621 si
3113 3566 3277 3635 igitur
3298 3564 3517 3635 quidem

1928 3655 2145 3710 veneris
2179 3655 2245 3708 ad
2276 3672 2396 3721 nos,
2430 3657 2589 3711 citius
2628 3658 3030 3726 possessionem
3058 3673 3123 3712 ex
3156 3666 3310 3726 parte.
3340 3656 3515 3711 hono-

1929 3747 2005 3801 ris
2055 3748 2311 3818 recipies,
2344 3748 2451 3802 alia
2478 3750 2698 3818 quidem
2728 3749 3086 3818 persuadens.
3109 3748 3288 3817 quoad
3318 3758 3517 3803 caetera

1927 3853 2242 3907 persuasus,
2278 3849 2335 3893 ιιι
2366 3839 2476 3893 vult
2513 3840 2594 3894 lex
2626 3840 3031 3910 negotiationis,
3063 3841 3105 3894 si
3131 3855 3262 3904 non,
3282 3840 3396 3911 ipse
3427 3854 3520 3894 ve-

1927 3931 2040 3986 niet
2087 3931 2154 3985 ad
2191 3940 2241 3986 te
2276 3940 2518 4002 tempore
2564 3932 2825 3989 invitatus
2848 3973 2865 4002 ,
2903 3943 2962 3988 ut
2999 3931 3159 3989 nobis
3205 3932 3516 3988 nuntiatum

1928 4032 2035 4080 CSl.

2488 4117 2606 4174 XL.
2651 4117 2962 4177 SOSIANO.

1996 4212 2345 4270 Admirabilis
2399 4213 2653 4284 Alphzeus
2703 4213 3046 4268 annuntiavit
3100 4211 3231 4267 mihi
3283 4219 3337 4267 te
3385 4226 3510 4267 eum

1927 4319 2058 4376 erga
2096 4306 2269 4375 ipsum
2304 4306 2473 4362 fuisse
2498 4322 2657 4376 quem
2700 4307 2817 4375 ipse
2855 4306 3077 4375 quidem
3115 4305 3376 4361 volebat:
3417 4319 3516 4374 ego

1927 4404 2108 4453 autem
2137 4398 2265 4452 illud
2282 4398 2555 4469 accipiens
2584 4399 2792 4453 laetatus
2817 4413 2938 4453 sum
2970 4397 3209 4467 quidem.
3236 4397 3518 4464 Quomodo

1928 4492 2201 4546 enimnon
2235 4490 2447 4545 laetatus
2483 4492 2701 4547 essem?
2736 4506 2841 4546 non
2879 4501 3059 4546 tamen
3096 4490 3211 4561 jam
3261 4490 3395 4544 mihi
3459 4497 3516 4544 ct

1930 4584 2195 4650 Stupenda
2229 4598 2315 4639 res
2345 4585 2671 4641 videbatur:
2710 4585 2756 4640 si
2793 4596 2972 4640 autem
3009 4585 3200 4650 mavis,
3226 4591 3280 4639 et
3313 4598 3519 4653 praive-

238 4670 578 4741 ύπογράφων
626 4670 757 4740 περὶ
803 4668 995 4723 τοῦτον
1048 4669 1274 4737 ἐγένου·
1309 4668 1384 4732 ὡς
1428 4670 1636 4721 ἐκεῖνον
1686 4667 1824 4719 ἀπο-

1935 4677 2087 4731 niens
2116 4677 2344 4746 exposui
2380 4678 2700 4733 describens
2756 4678 2935 4747 qualis
2970 4693 3099 4749 erga
3134 4678 3296 4735 istum
3330 4676 3514 4746 fuisti;

240 4767 437 4839 ροῦντα
458 4764 645 4818 λοιπὸν
674 4765 701 4817 ὃ
724 4781 776 4817 τι
806 4763 900 4816 καὶ
931 4762 1083 4831 λέγει
1112 4762 1227 4832 ἅμα
1246 4762 1339 4815 καὶ
1370 4759 1569 4830 γέλωτι
1606 4759 1818 4831 σιωιιᾷ⁸

236 4858 333 4913 καὶ
361 4857 654 4924 εὐδαίμονά
687 4871 754 4926 με
782 4854 879 4924 τῆς
905 4853 1088 4922 φιλίας
1119 4851 1342 4920 ἐγκαλεῖ
1366 4867 1378 4879 ·
1408 4850 1522 4903 ἀλλ’
1546 4851 1697 4920 ὅμως
1722 4848 1822 4921 τήν

238 4954 361 5022 ἴσην
390 4949 627 5019 σπουδὴν
665 4948 984 5018 εἰσενέγκῃς
1006 4946 1135 5017 περὶ
1160 4938 1234 4998 ὧν
1260 4943 1415 5013 ὑμῶν
1434 4942 1666 5013 ἐδεήθην
1689 4959 1825 5013 παρ-

237 5045 333 5110 ὼν,
363 5045 513 5107 ὅπως
537 5042 699 5106 αὐτὸς
738 5041 838 5112 μὲν
874 5057 965 5111 μοι
998 5040 1158 5110 χάριν
1191 5036 1414 5107 εἰδείην,
1441 5035 1743 5108 ἀμφότεροι
1767 5034 1823 5088 δὲ

238 5139 401 5192 πάλιν
434 5137 584 5207 ύμῖν.

768 5225 906 5282 MA'.
961 5225 1289 5296 ΝΗΦΑΛῙῼ.

309 5326 403 5387 Εἰς
441 5326 565 5380 ὅσον
605 5322 729 5394 ἥκει
755 5322 854 5390 τῆς
883 5319 1120 5391 ἀπορίας
1147 5319 1175 5369 ό
1210 5317 1505 5385 Στέφανος,
1543 5316 1652 5369 οὐδ’
1678 5316 1823 5385 ὑμᾶς

237 5413 392 5487 οἶμαι
425 5415 712 5469 λανθάνειν
732 5431 747 5445 ·
781 5414 875 5466 καὶ
905 5414 986 5466 ὅτι
1020 5411 1143 5481 μηδ’
1175 5412 1233 5465 ἐν
1258 5412 1379 5471 ταῖς
1410 5409 1569 5479 χερσὶ
1599 5408 1822 5462 δύναται

239 5508 510 5563 ποιεῖσθαι
543 5508 643 5575 τὴν
683 5505 908 5571 ἐλπίδας
942 5504 1037 5558 τοῦ
1083 5503 1200 5574 βίου
1234 5501 1434 5573 μικροῦ
1465 5502 1575 5555 δεῖν
1608 5503 1701 5555 καὶ
1729 5501 1823 5557 τὸν

239 5598 517 5671 ὀφθαλμὸν
547 5598 653 5651 ὑπὸ
693 5597 793 5667 τῆς
836 5597 1007 5668 τύχης
1054 5596 1440 5670 ἀφῃρημένοςο
1486 5594 1612 5652 ὅθεν
1663 5594 1823 5666 θερα-

240 5689 401 5745 πείαν
427 5688 548 5739 τινὰ
582 5689 717 5758 πρὸς
743 5689 844 5758 τὴν
872 5688 1076 5741 ἔνδειαν
1114 5687 1473 5758 σοφιζόμενος
1515 5688 1595 5749 είς
1640 5685 1824 5740 διακό-

241 5799 348 5835 νων
388 5778 711 5848 ἐνήλλακται
763 5779 979 5850 σχῆμα’
1009 5777 1313 5832 κινδυνεύει
1361 5777 1417 5830 δὲ
1457 5778 1822 5849 μηδὲνάύτὸν

242 5873 433 5941 ὀνῆσαι
457 5872 519 5925 τὸ
552 5872 813 5942 σόφισμα,
843 5873 982 5945 πλὴν
1011 5874 1058 5925 εἰ
1089 5871 1164 5943 μὴ
1197 5871 1295 5939 τῆς
1326 5872 1646 5941 ἐπικουρίας
1683 5872 1820 5944 τύχῃ

240 5960 333 6031 τῆς
362 5962 513 6033 παρά
540 5962 658 6029 σοῦ,
689 5963 755 6034 ἢν
782 5964 874 6019 καὶ
906 5964 1041 6018 πᾶσι
1070 5960 1392 6034 προκεῖσθαι
1419 5962 1677 6032 πείθομαι
1705 5966 1819 6029 τοῖς

1932 4770 2020 4825 ille
2071 4770 2218 4826 enim
2269 4770 2552 4826 dubitabat
2604 4779 2857 4827 carterum
2895 4788 2964 4825 an
3008 4772 3213 4825 diceret
3257 4771 3416 4825 simul
3462 4779 3517 4825 et

1930 4861 2042 4915 risu
2068 4860 2250 4916 sileret
2284 4880 2297 4916 :
2331 4871 2384 4917 et
2412 4860 2744 4916 fortunatum
2785 4877 2870 4917 me
2901 4861 3142 4916 amicitia
3177 4863 3380 4933 arguit,
3416 4863 3514 4918 sed

1930 4956 2137 5023 pariter
2171 4954 2311 5009 idem
2343 4954 2583 5009 studium
2626 4954 2822 5009 afferas
2847 4957 3025 5025 quoad
3054 4972 3117 5011 ea
3144 4972 3263 5026 qua:
3292 4972 3321 5009 a
3363 4956 3516 5011 vobis

1936 5048 2126 5117 rogavi
2157 5063 2421 5115 przesens,
2450 5059 2507 5100 ιιι
2545 5050 2658 5116 ipse
2692 5048 2907 5117 quidem
2940 5048 3070 5103 mihi
3103 5058 3283 5118 grates
3309 5047 3516 5116 persol-

1931 5154 2051 5193 vant
2080 5148 2133 5194 et
2161 5140 2322 5194 ambo
2359 5156 2577 5195 rursum
2608 5140 2780 5194 vobis.

2443 5229 2582 5285 XLl.
2620 5229 2989 5287 NEPllALlO.

2003 5321 2061 5376 ln
2097 5333 2329 5395 quantas
2363 5325 2645 5395 angustias
2678 5326 2958 5380 devenerit
3010 5322 3322 5391 Stephanus
3345 5362 3364 5391 ,
3405 5337 3511 5379 non

1929 5431 2024 5470 vos
2054 5415 2308 5487 ignorare
2335 5417 2532 5487 opinor
2563 5436 2577 5472 :
2616 5427 2670 5471 et
2721 5419 2863 5486 quod
2900 5425 3131 5485 nequeat
3163 5418 3213 5471 in
3268 5432 3511 5487 praesens

1928 5523 2076 5577 spem
2106 5508 2385 5576 perlicere,
2417 5508 2615 5578 quippe
2641 5508 2770 5573 vita,
2810 5523 3003 5575 parum
3055 5512 3230 5571 abest,
3265 5519 3319 5563 et
3348 5507 3509 5562 oculo

1928 5614 2056 5653 casu
2121 5600 2363 5669 privatus
2426 5599 2642 5657 fuerit:
2694 5600 2835 5655 unde
2889 5601 3250 5655 ministerium
3305 5599 3508 5668 aliquid

1928 5700 2149 5761 pr0pter
2180 5692 2554 5748 necessitatem
2600 5692 2824 5748 edoctus
2851 5693 2903 5747 in
2935 5707 3217 5748 servorum
3243 5691 3510 5746 conditio-

1930 5796 2051 5835 nem
2083 5797 2379 5838 conversus
2412 5792 2495 5838 est
2525 5802 2537 5837 :
2572 5783 2714 5839 forte
2745 5794 2925 5839 autem
2958 5784 3091 5839 nihil
3119 5782 3361 5854 proderit
3393 5782 3510 5837 haec

1931 5874 2103 5938 ratio,
2138 5875 2241 5929 nisi
2270 5890 2299 5928 a
2343 5884 2392 5930 te
2419 5875 2718 5933 obtinuerit
2756 5876 3018 5932 auxilium
3057 5876 3198 5946 quod
3257 5874 3510 5931 onmihns

1929 5966 2176 6024 obtinere
2196 5968 2498 6026 volentibus
2525 5970 2718 6028 adesse
2746 5984 3065 6030 persuasum
3108 5969 3323 6025 habeo:
3354 5966 3508 6023 vobis
