4046 6386
189 261 358 326 2753
1663 250 2074 311 EPISTOLE.
3355 255 3497 320 2754

187 378 407 450 πρώτη
455 377 595 450 πρὸς
641 375 789 446 ἡμᾶς
838 374 1067 443 ἀφῖκται
1113 371 1372 443 δευτέρω
1424 370 1516 425 σδν
1557 369 1600 424 δ’
1625 370 1691 425 ἂν
1727 369 1791 422 εἴη

1920 379 2136 438 semper
2193 366 2245 422 in
2319 368 2423 422 hoe
2478 367 2616 422 vinei
2651 385 2666 422 :
2699 368 2875 438 recepi
2941 376 3061 425 tuas
3105 369 3314 428 litteras
3377 382 3498 428 tan-

190 474 460 540 σκοπεῖν,
485 471 562 534 ὡς
589 469 638 523 εί
661 467 836 522 δοκῶν
869 465 1175 521 ἀδικεῖσθαι
1207 462 1461 518 τοσοῦτον
1488 463 1791 534 κατηγορῶ,

1910 461 2032 515 dem
2096 469 2151 516 et
2195 459 2459 515 diliicile:
2513 470 2567 516 et
2618 461 2806 530 prima!
2863 477 2995 532 quas
3038 462 3234 519 misisti
3279 466 3347 521 ad
3394 481 3498 521 nos

185 565 281 630 τίς
315 565 386 620 ἂν
415 562 678 635 γενοίμην
709 562 878 624 ὄντως
906 557 1132 624 παθών;

1907 553 2162 610 εθοιιηᾶαι
2218 555 2874 610 veneruutzeonsideres
2932 555 3120 626 igitur,
3179 556 3224 612 si
3278 566 3490 612 tantqu

1910 658 2234 700 accusarem
2273 645 2471 717 injuria
2504 645 2642 703 allici
2680 647 2931 714 credens,
2959 648 3135 720 qualis
3167 662 3343 707 essem
3371 665 3494 706 rea-

1907 735 2035 794 liter
2067 751 2283 808 passus.

746 830 878 884 ama
921 825 1258 898 ΣΤΕΦΑΝῼ.

2403 830 2590 888 XLIV.
2623 830 3011 888 STEPIIANO.

264 927 350 980 Σὺ
385 924 484 996 μὲν
520 923 599 976 ἔτι
643 921 832 992 σιγᾷς·
887 919 981 973 καὶ
1021 917 1196 972 ταῦτα
1240 916 1340 988 τὴν
1367 917 1586 986 Δάφνην
1613 916 1791 974 οἰκῶν,

1979 923 2057 978 Tu
2091 923 2307 994 quidem
2347 925 2524 979 adhuc
2553 924 2705 990 siles,
2739 933 2792 979 tu
2816 925 2908 996 qui
2958 925 3200 996 Daphnte
3252 923 3492 990 habitas.

187 1013 257 1066 τὸ
310 1012 478 1064 λάλον
525 1009 673 1080 ὕδωρ
716 1009 894 1063 ἐκεῖνο
939 1008 1036 1062 καὶ
1086 1008 1386 1078 μαντικόν·
1415 1006 1526 1076 ἐγὼ
1552 1008 1608 1062 δὲ
1640 1007 1791 1060 πάλιι

1913 1032 2085 1088 prope
2106 1032 2300 1087 aquam
2345 1015 2492 1072 illam
2521 1017 2804 1089 loquacem
2840 1026 2897 1072 et
2943 1017 3341 1090 prophetieam.
3374 1017 3491 1092 Ego

189 1105 535 1178 περισκοπῶ
565 1104 661 1168 τὰς
695 1102 952 1166 ὁλκάδας,
991 1102 1268 1175 μετέωρος
1295 1101 1385 1158 ἀεὶ
1417 1101 1556 1173 πρὸς
1582 1103 1643 1155 τὸ
1673 1101 1791 1173 μέλ-

1919 1118 2100 1163 autem
2132 1122 2322 1162 rursus
2336 1107 2718 1177 cireuuiSpicio
2748 1123 2934 1173 naves,
2985 1117 3225 1163 attentus
3247 1110 3314 1164 ad
3347 1109 3493 1164 futu-

185 1198 288 1252 λον
323 1199 614 1269 γινόμενος
636 1211 650 1226 ⁸
679 1197 734 1250 αἱ
761 1196 818 1249 δέ
851 1213 953 1249 που
984 1195 1310 1266 καταίρουσι
1336 1196 1431 1248 καὶ
1457 1193 1683 1265 δευτέρα
1709 1193 1791 1246 καῖ

1905 1215 2025 1254 rum
2059 1199 2259 1254 factus.
2293 1198 2425 1266 Quae
2456 1200 2676 1268 quidem
2736 1199 3087 1268 appelluntur
3137 1208 3193 1254 et
3245 1203 3488 1257 secunda

186 1291 384 1362 τρίτη,
419 1290 515 1344 καὶ
546 1289 616 1343 τὰ
643 1287 768 1343 καθ’
793 1289 940 1358 ἡμᾶς
969 1287 1337 1358 διελέγχουσιν
1361 1287 1436 1352 ὡς
1469 1288 1630 1358 μόνον
1658 1282 1791 1360 ἦσαν

1901 1301 1957 1347 et
1987 1291 2166 1356 tertia,
2227 1299 2284 1346 et
2343 1289 2479 1344 nihil
2530 1289 2679 1346 aliud
2722 1291 3030 1346 ostendunt
3083 1301 3244 1361 quam
3301 1291 3491 1347 irritas

186 1383 461 1448 ἐλπίδεςο
498 1383 599 1452 τὴν
642 1380 700 1435 δὲ
745 1380 846 1450 τῆς
890 1380 1048 1450 σιγῆς
1084 1379 1265 1433 αἰτίαν
1299 1380 1509 1444 σκοπῶ,
1538 1380 1632 1434 καὶ
1659 1397 1791 1434 παν-

1899 1381 2070 1440 fuisse
2115 1398 2238 1454 spes
2273 1393 2508 1441 nostras.
2567 1382 2668 1438 Tui
2728 1383 2930 1438 silentii
2983 1395 3204 1440 causam
3259 1384 3490 1441 investi-

187 1473 437 1545 ταχόθεν
477 1473 806 1543 ἠπόρημαιο
854 1470 902 1524 εί
949 1471 1049 1542 μὲν
1077 1471 1185 1540 γάρ
1223 1489 1276 1525 τι
1303 1470 1583 1542 λελύπηκα
1617 1471 1791 1526 καίτοι

1900 1493 2059 1549 gans,
2123 1477 2367 1548 undique
2415 1475 2613 1532 dubius
2649 1475 2874 1532 ﬂuetuo.
2928 1473 2986 1531 Si
3035 1477 3182 1532 enim
3217 1486 3268 1531 te
3306 1475 3492 1549 aliqua

187 1567 456 1638 λυπήσας
489 1565 690 1637 μηδὲν,
721 1565 898 1618 ταῦτα
933 1563 1036 1634 μὲν
1064 1563 1296 1634 οῑχέσθω
1325 1563 1423 1617 καὶ
1454 1565 1674 1636 φέροιεν
1698 1561 1798 1619 αὖ·

191 1675 291 1730 ραι
314 1674 330 1688 ·
389 1658 565 1729 μείζω
588 1657 634 1710 δ’
661 1651 756 1710 οὖν
785 1655 934 1726 ὅμως
961 1656 1072 1710 τῶν
1099 1655 1461 1727 ἐγκλημάτων
1491 1655 1796 1729 ὑφίσταμαι

1902 1571 2063 1626 modo
2096 1570 2416 1626 contristavi
2451 1569 2722 1640 (quamvis
2755 1569 2979 1625 minime
3002 1571 3487 1642 eontristaverim),

1902 1664 2005 1719 hoc
2049 1664 2301 1720 abeundo
2327 1663 2578 1720 auferant
2607 1678 2752 1719 aurze
2791 1679 2807 1716 :
2839 1665 3102 1734 majorem
3135 1677 3266 1736 ergo
3283 1661 3488 1720 nihilo‘

185 1752 376 1825 δίκην,
405 1753 454 1806 εί
486 1750 562 1823 μὴ
593 1749 882 1814 λαλοῦντος
928 1749 1271 1820 ἁκούσομαι’
1315 1752 1364 1804 εί
1414 1747 1472 1804 δὲ
1517 1751 1791 1823 τηνάλλως

1901 1754 2079 1811 minus
2135 1754 2456 1811 criminibus
2507 1755 2644 1809 meis
2696 1753 2865 1810 subeo
2919 1767 3160 1826 poenam,
3229 1757 3273 1810 si
3306 1765 3484 1811 teuon

189 1846 405 1920 ὰκκίζῃ
457 1845 532 1918 μὴ
575 1845 833 1900 δύνασθαι
859 1845 1036 1914 λέγων
1066 1847 1147 1910 εἰς
1174 1845 1371 1911 κάλλος
1402 1847 1576 1900 εἰπεῖν
1596 1888 1613 1913 ,
1641 1847 1798 1902 δικα-

191 1942 323 1993 σταὶ
349 1941 558 1993 τούτων
585 1940 767 2010 ἡμεῖς,
795 1939 890 1993 καὶ
920 1939 1019 2010 τὴν
1046 1939 1227 1993 αἰτίαν
1255 1939 1591 2011 μεμφόμεθα
1611 1955 1627 1973 '
1665 1939 1796 1996 ἀλλ’

188 2032 296 2104 ἥδη
325 2050 430 2086 που
455 2031 596 2104 τάχα
620 2031 680 2086 τὸ
697 2032 930 2102 πρᾶγμα
954 2031 1317 2104 μαντεύομαι,
1347 2033 1484 2104 μηδὲ
1507 2033 1609 2104 τὴν
1658 2034 1795 2104 ὑμε-

187 2125 368 2198 τέραν
414 2124 633 2194 Δάφνην
684 2122 854 2178 πιών’
907 2123 1171 2196 ἐρυθριᾷν
1205 2126 1398 2197 φήσεις
1429 2126 1504 2189 ὡς
1537 2127 1794 2198 παραϐὰς

184 2217 293 2286 τὴν
335 2215 657 2286 ὑπόσχεσιν,
689 2215 784 2269 καὶ
826 2213 926 2279 τὰς
966 2214 1243 2286 συνθήκας
1272 2215 1564 2287 ὑπεριδὼν,
1596 2219 1691 2271 καὶ
1734 2217 1795 2272 τὸ

189 2307 408 2379 βιϐλίον
435 2307 558 2379 ἕχον
589 2324 693 2361 που
725 2306 907 2379 τρίτον
936 2307 968 2379 ἢ
998 2307 1260 2380 τέταρτον
1287 2307 1407 2372 ἔτος
1438 2309 1630 2376 τουτὶ,
1659 2311 1688 2364 ὁ
1718 2311 1792 2380 μὴ

186 2400 246 2453 δὲ
269 2399 461 2471 τρίτον
495 2403 642 2471 μῆνα
661 2399 913 2468 καθέξειν
948 2399 1424 2472 ἐπαγγειλάμενος
1445 2416 1460 2431 °
1490 2401 1665 2456 ταῦτα
1687 2401 1796 2455 τοί-

1901 1849 2116 1903 audiam
2151 1848 2486 1920 loquentem.
2539 1846 2597 1903 Si
2641 1847 2780 1904 forte
2825 1850 2980 1919 quasi
3023 1849 3305 1906 delicatior
3337 1852 3487 1906 dicas

1901 1949 1955 1996 te
1991 1956 2097 1996 non
2135 1942 2382 2010 potuisse
2413 1941 2479 1996 ad
2510 1955 2742 2010 unguem
2781 1939 2968 2010 loqui;
3006 1957 3127 2007 nos,
3159 1943 3234 1998 tui
3267 1942 3486 2012 judiees

1903 2032 2053 2097 facti,
2095 2034 2239 2089 hanc
2270 2047 2490 2089 causam
2522 2035 2913 2105 vituperamus.
2967 2034 3076 2090 Sed
3101 2035 3212 2103 jam
3242 2050 3342 2108 ego
3369 2049 3484 2090 rem

1905 2125 2135 2180 forsitan
2198 2141 2453 2196 auguror,
2516 2127 2767 2193 quamvis
2828 2127 3066 2197 Daphne:
3111 2125 3315 2182 fontem
3376 2142 3483 2182 non

1896 2217 2151 2274 biberint.
2215 2217 2439 2272 Dieeste
2472 2217 2674 2287 pudere
2704 2217 2849 2287 quod
2897 2231 3025 2286 ego,
3091 2218 3251 2272 [idem
3299 2228 3486 2273 trans-

1911 2321 2130 2378 gressus
2158 2315 2215 2362 et
2243 2306 2420 2378 pactis
2466 2322 2571 2362 non
2600 2315 2774 2371 stans,
2827 2321 2859 2360 a
2895 2307 3108 2363 duobus
3160 2309 3242 2363 vel
3307 2309 3487 2366 tribus

1907 2400 2068 2456 annis
2113 2400 2255 2455 hunc
2293 2401 2464 2470 ipsum
2500 2399 2782 2454 habuerim
2826 2399 3061 2464 librum,
3127 2411 3290 2470 quem
3345 2417 3485 2456 nun-

189 2511 290 2549 νυν
327 2495 379 2548 εί
409 2493 512 2564 μὲν
531 2492 846 2565 ’ἀχθόμενος
880 2494 1046 2564 ἐρεῖς,
1077 2492 1236 2566 δόξης
1271 2494 1349 2565 μὴ
1378 2492 1550 2547 πλείω
1599 2494 1791 2566 χρόνον

1896 2495 2159 2547 tiaveram
2204 2506 2271 2547 ne
2318 2501 2430 2546 tres
2462 2493 2683 2562 quidem
2719 2503 2940 2547 menses
2971 2493 3103 2547 mitti
3137 2494 3482 2550 retinendum

191 2590 524 2662 κρατήσεις,
559 2587 654 2642 καὶ
679 2587 780 2658 τὴν
813 2587 1026 2660 σιωπὴν
1061 2587 1469 2658 ἀποδεξάμενος
1493 2588 1556 2642 τὸ
1585 2588 1791 2660 σύμϐο-

1896 2599 2039 2642 esse.
2075 2583 2136 2639 Id
2168 2584 2214 2638 si
2242 2593 2395 2639 ratus
2426 2585 2655 2651 dixeris,
2690 2597 2799 2638 non
2834 2585 3038 2641 diutius
3071 2593 3190 2640 mea
3217 2587 3484 2657 gaudebis

192 2683 284 2734 λον
334 2681 442 2751 τῆς
487 2679 692 2744 αἰδοῦς,
723 2679 883 2750 δόξης
917 2679 993 2752 μὴ
1023 2680 1196 2735 πλείω
1227 2681 1422 2754 χρόνον
1450 2682 1749 2753 κρατήσεις
1775 2698 1788 2712 ·

1901 2677 2354 2743 existimatione;
2394 2677 2438 2733 si
2462 2679 2741 2732 silentium
2790 2690 2888 2748 pro
2930 2678 3154 2747 pudoris
3194 2679 3354 2746 signo
3382 2679 3485 2733 ba-

190 2781 260 2848 τῇ
293 2777 516 2848 ἀνάγκη
535 2775 597 2829 τὸ
623 2775 858 2848 πρᾶγμα
876 2772 1163 2847 λογίζομαι
1182 2791 1197 2808 θ
1224 2775 1404 2829 καίτοι
1429 2775 1637 2846 βιϐλίον
1662 2776 1791 2846 ὑμῖν

1896 2770 2100 2833 bueris,
2145 2781 2252 2824 non
2307 2769 2511 2824 diutius
2571 2772 2708 2825 bona
2751 2770 2953 2826 frueris
3003 2773 3287 2841 Opinione.
3348 2768 3484 2829 Fato

190 2870 470 2936 δεδωκὼς,
495 2861 556 2923 οὗ
580 2869 678 2940 τὴν
704 2868 870 2940 τιμὴν
899 2869 1110 2923 οὐδέπω
1133 2868 1229 2923 καὶ
1251 2868 1347 2924 νῦν
1368 2869 1756 2940 καταϐέϐληκα
1775 2885 1789 2902 ο

1899 2875 2015 2916 rem
2050 2861 2234 2916 tribuo
2274 2877 2292 2918 :
2333 2871 2388 2916 tu
2418 2862 2641 2932 quidem
2679 2861 2878 2918 librum
2935 2863 3090 2918 nobis
3119 2864 3337 2928 dedisti,
3387 2877 3482 2920 eus

190 2961 310 3016 ἀλλ’
364 2961 563 3031 ἄδηλον
594 2963 704 3015 εἴτε
757 2960 854 3014 τοῦ
901 2951 1314 3032 πιπράσκοντός
1346 2963 1513 3027 ἐστιν,
1552 2961 1663 3015 εἴτε
1696 2960 1791 3015 τοῦ

1896 2956 1979 3024 ius
2040 2956 2280 3026 pretium
2333 2954 2575 3010 nondum
2636 2955 2808 3023 solvi;
2875 2956 2970 3011 sed
3024 2956 3294 3011 incertum
3359 2968 3483 3012 erat

190 3057 491 3120 δεδωκότος
540 3054 707 3127 ὁμοῦ·
759 3055 875 3110 ἀλλ’
901 3056 1052 3126 ὅμως
1097 3054 1254 3108 οὐδὲν
1305 3053 1560 3127 ἐμποδὼν
1605 3058 1672 3127 τῇ
1724 3058 1788 3127 σῇ

1899 3059 2080 3103 utrum
2119 3047 2448 3102 venderetur
2473 3063 2540 3100 an
2566 3061 2631 3101 ex
2668 3062 2817 3102 mera
2853 3048 3078 3104 daretur
3129 3048 3480 3106 liberalitate.

190 3148 357 3219 χρείᾳ.
393 3147 698 3218 πεποίημαι
717 3163 732 3178 ο
759 3148 822 3200 οὐ
852 3146 913 3200 τὸ
941 3145 1035 3200 τοῦ
1066 3147 1349 3218 κτήματος
1381 3146 1577 3217 ἄδηλον
1597 3163 1611 3179 ·
1639 3147 1698 3200 οὐ
1731 3148 1790 3200 τὸ

1896 3141 2237 3211 Οιειοῐοιιιιίιι
2273 3141 2476 3194 nullum
2511 3141 2813 3196 commodis
2847 3141 2956 3196 tuis
2993 3141 3147 3197 attuli
3179 3145 3480 3198 detrimen-

189 3241 304 3296 δεῖν
337 3238 403 3306 ἐξ
424 3239 590 3294 αὑτοῦ
625 3254 677 3293 τι
712 3238 930 3310 μαθεῖν’
961 3239 1098 3292 ἀλλὰ
1128 3239 1306 3294 πάντα
1333 3238 1577 3310 παριδὼν
1602 3281 1616 3306 ,
1652 3241 1791 3308 μετὰ

1897 3243 2036 3301 tum,
2068 3247 2170 3288 nec
2207 3242 2480 3304 quatenus
2512 3234 2720 3288 incerta
2753 3243 2839 3290 est
2879 3234 2998 3289 libri
3055 3236 3344 3304 possessio,
3381 3247 3483 3291 nec

193 3331 410 3386 πολλῶν
425 3331 491 3386 ᾶν
524 3347 606 3386 σοι
633 3331 932 3403 παρέσχον,
962 3332 1012 3385 εί
1042 3333 1136 3386 καὶ
1161 3331 1321 3386 τοῦτο
1347 3335 1522 3386 ποιεῖν
1555 3333 1793 3403 συνεχώ-

195 3441 341 3493 ρησα
363 3440 378 3454 °
426 3425 577 3496 ὅμως
607 3424 762 3479 οὐδὲν
785 3424 960 3478 δεινὸν
1001 3427 1051 3478 εἰ
1101 3425 1265 3497 μέχρι
1295 3423 1390 3479 τοῦ
1421 3423 1518 3479 νῦν
1542 3425 1702 3496 ὁρίζῃ
1731 3424 1791 3477 τὸ

194 3517 431 3590 βράδος⁶
482 3517 532 3570 εἰ
583 3515 642 3570 δὲ
691 3515 1026 3589 προσθήσεις
1068 3518 1184 3585 ἔτι,
1217 3518 1473 3573 τοσοῦτον
1497 3519 1792 3572 ἀπολαύσω

191 3608 287 3662 τοῦ
321 3606 653 3680 πράγματος
701 3609 784 3662 ὅτι
829 3607 896 3681 δὴ
926 3611 1138 3675 πάντας
1166 3611 1429 3672 ἀπίστους
1469 3612 1748 3683 ἡγήσομαι
1773 3625 1790 3641 ·

193 3701 246 3752 τί
281 3699 397 3772 γὰρ
431 3700 498 3753 ἂν
527 3698 835 3771 ἑλπίσαιμι,
858 3700 1012 3772 παρὰ
1043 3699 1138 3754 σοῦ
1161 3701 1389 3757 τοιαῦτα
1418 3702 1638 3769 παθών;
1666 3701 1794 3756 ἀλλ’

194 3792 293 3863 οὐχ
325 3793 356 3846 δ
407 3807 472 3861 γε
508 3788 819 3862 σοφώτατος
854 3791 1106 3864 Ἰωάννης
1135 3792 1401 3860 τοιοῦτος,
1436 3792 1497 3858 δς
1523 3793 1583 3847 ἓν
1611 3791 1792 3848 λαϐὼν

122 3932 128 3937 .
195 3886 327 3958 παρ’
362 3883 525 3956 ἐμοῦ,
563 3882 684 3957 μετ’
707 3883 770 3938 οὐ
816 3883 989 3938 πολὺν
1017 3886 1213 3958 χρόνον
1257 3886 1513 3959 δεύτερον
1543 3904 1792 3959 προσαπ-

193 3979 476 4034 έστειλεν·
510 3976 685 4042 οὕτως
717 3978 1018 4050 εὐγνώμων
1065 3979 1246 4034 δοκεῖν
1291 3979 1453 4051 ἤθελε
1506 3979 1706 4052 μᾶλλον
1753 3980 1787 4052 ἢ

196 4069 500 4140 κεκτῆσθαι
531 4068 753 4140 βιϐλίον’
785 4072 882 4124 καὶ
911 4070 987 4143 μή
1019 4088 1110 4142 μοι
1143 4071 1290 4142 λέγε,
1315 4071 1390 4137 ὡς
1419 4073 1534 4127 Οὐκ
1560 4075 1790 4146 ἀπορεῖν

195 4163 399 4217 ἐθέλων
434 4162 726 4233 κατέσχον·
760 4163 922 4217 τοῦτο
947 4165 1047 4234 μὲν
1078 4163 1187 4237 γὰρ
1209 4165 1466 4235 τυγχάνω
1494 4165 1792 4236 πεπεισμέο

197 4274 307 4322 νος,
341 4256 441 4311 καὶ
482 4256 574 4309 ἐπὶ
626 4256 799 4327 μέγαν
843 4256 1008 4327 ὅρκον
1057 4255 1336 4336 ὀμοῦμαι·
1385 4256 1502 4311 ἀλλ’
1531 4257 1631 4311 οὐκ
1682 4257 1791 4312 ἔδει

200 4350 528 4423 παρατεῖναι
557 4349 636 4421 τῷ
668 4348 856 4421 βράδει
875 4364 890 4380 ο
921 4350 1056 4404 ὅπου
1086 4367 1150 4421 γε
1180 4350 1276 4405 καὶ
1314 4347 1432 4406 ἴσον
1461 4350 1687 4406 δύναται
1712 4349 1791 4423 τῷ

1895 3335 2172 3396 quatenus
2235 3336 2450 3396 oportet
2513 3325 2716 3398 aliquid
2771 3341 2838 3381 ex
2901 3328 3092 3382 eodem
3158 3339 3207 3382 te
3245 3329 3478 3384 eiecere.

1895 3420 2600 3485 Vertunlatnen,omnibus
2649 3418 2734 3473 his
2767 3417 2912 3473 nulla
2962 3422 3266 3476 attentione
3316 3422 3478 3488 data,

1894 3523 2016 3564 eum
2073 3510 2261 3565 multis
2305 3525 2420 3565 rem
2463 3511 2555 3566 tibi
2603 3511 2978 3580 praestitissem
3005 3551 3021 3579 ,
3086 3513 3132 3566 si
3169 3512 3272 3568 hoc
3300 3513 3482 3568 facere

1896 3603 2296 3659 concessisses.
2363 3601 2736 3659 Nihilominus
2771 3605 2998 3659 nilnime
3052 3607 3249 3660 mirum
3299 3615 3383 3661 est
3435 3605 3480 3660 si

1895 3703 2104 3750 moram
2181 3693 2387 3762 ﬁnias;
2458 3696 2603 3765 quod
2663 3697 2707 3752 si
2769 3711 2800 3750 e
2847 3707 3039 3753 contra
3108 3699 3482 3770 produxeris,

1893 3790 1950 3846 id
1986 3787 2238 3844 utilitatis
2270 3802 2358 3844 res
2387 3787 2502 3858 ;ista
2547 3789 2679 3843 mihi
2717 3788 2936 3856 all’eret,
2992 3785 3136 3861 quod
3178 3805 3370 3848 eniues
3393 3805 3484 3849 re-

1892 3882 2094 3954 putabo
2119 3879 2342 3937 fallaces
2374 3899 2388 3936 :
2422 3885 2696 3953 quomodo
2734 3882 2880 3937 enim
2917 3884 3214 3950 eontidam,
3278 3885 3406 3940 talia
3447 3903 3476 3940 ιι

1895 3984 1948 4029 te
2002 3971 2338 4044 perpessus?
2385 3968 2505 4026 Non
2562 3971 2688 4026 talis
2738 3972 3180 4042 sapientissimus
3217 3973 3480 4039 Joannes,

1892 4067 2010 4139 qui,
2035 4077 2144 4121 uno
2168 4065 2308 4120 libro
2338 4079 2370 4119 ιι
2413 4077 2501 4119 me
2533 4073 2785 4135 accepto,
2808 4064 3041 4120 alterum
3067 4081 3173 4121 non
3210 4067 3284 4122 ita
3309 4068 3482 4122 malm

1891 4169 2016 4232 post
2057 4159 2190 4215 mihi
2210 4158 2402 4214 misit:
2445 4158 2576 4214 ades
2621 4157 2812 4213 maluit
2859 4159 3038 4215 comis
3094 4159 3270 4214 videri
3313 4177 3478 4231 quam

1892 4255 2093 4310 librum
2124 4253 2427 4323 possidere.
2455 4251 2568 4308 Nec
2593 4252 2746 4307 dicas
2771 4267 2858 4308 me
2882 4254 3175 4311 retinuisse
3217 4259 3478 4325 pretium,

1892 4347 2018 4418 quia
2053 4345 2339 4419 penuriam
2377 4344 2553 4401 vitare
2603 4344 2850 4400 volebam
2885 4361 2901 4400 :
2943 4346 2996 4400 id
3050 4348 3198 4402 enim
3247 4361 3479 4418 person.

199 4444 531 4514 ἀποστερεῖν
571 4442 652 4515 τῷ
706 4443 888 4515 χρόνῳ
931 4445 1025 4498 καὶ
1072 4444 1229 4516 μόλις
1275 4444 1623 4500 ἀποδιδόναιο
1653 4445 1790 4500 ἀλλὰ

1896 4455 2017 4498 sum
2076 4439 2272 4504 habeo,
2329 4447 2381 4494 et
2427 4453 2622 4509 magno
2655 4437 2968 4507 iuramento
2997 4435 3229 4498 allirmo.
3283 4445 3478 4500 Atnon

202 4536 336 4606 πρὸς
380 4535 567 4605 φιλίαν
618 4538 693 4608 μὴ
725 4536 1031 4610 ἁναμείνῃς
1064 4537 1145 4592 ἔτι
1177 4537 1410 4608 δεύτερα
1438 4537 1751 4610 γράμματα
1771 4553 1788 4570 ³

205 4629 339 4702 μηδὲ
385 4629 573 4684 πλοῖον
604 4628 794 4700 ἓτερον
846 4629 973 4700 ἢτὺ
1021 4629 1248 4702 κομίζον
1300 4646 1384 4684 σοι
1428 4632 1529 4702 τὴν
1573 4631 1792 4683 ἐπιστοο

201 4724 318 4794 λήν.

758 4991 890 5046 ME’.
931 4991 1230 5064 ΔΙΟΔΩΡῼ.

278 5084 341 5137 '0
376 5084 558 5156 φέρων
593 5101 676 5139 σοι
706 5085 804 5155 τὴν
834 5085 1122 5156 ἐπιστολὴν
1142 5125 1157 5152 ,
1186 5085 1247 5138 οὐ
1290 5082 1384 5137 νῦν
1413 5084 1630 5156 πρῶτον
1665 5102 1790 5139 πει-

207 5170 504 5242 ραθήσεται
538 5173 638 5244 τῆς
693 5173 910 5237 εὐνοίας
953 5175 1053 5246 τῆς
1090 5177 1226 5246 σῆς,
1257 5173 1372 5229 ἀλλ’
1407 5174 1488 5228 ἐτι
1515 5176 1614 5245 τὴν
1641 5175 1790 5248 πρώ-

181 5279 296 5338 ὲτην
345 5264 726 5336 διηγούμενος,
775 5265 1040 5337 δευτέραν
1082 5265 1314 5337 λήψεται
1360 5268 1592 5338 πεῖρανο
1628 5267 1704 5331 ὡς
1731 5267 1790 5321 ἑὲ

181 5337 365 5460 Ἁὸοκῶ,
389 5357 528 5428 τάχα
558 5357 655 5411 καὶ
681 5357 934 5428 μείζονα·
975 5358 1193 5430 ἐκείνης
1223 5357 1323 5429 μὲν
1343 5337 1787 5431 γὰρίὰπήλαυσε,

139 5505 148 5511 _
190 5447 468 5521 ¹κηδεστὴς
507 5449 790 5504 καλεῖσθαι
826 5450 1034 5522 μέλλων
1061 5451 1326 5524 ἡμέτερος
1347 5468 1361 5483 ⁸
1391 5451 1595 5523 ταύτην
1617 5452 1674 5506 δὲ
1695 5452 1789 5524 λη-

201 5537 382 5609 ψεται,
414 5540 512 5595 καὶ
555 5541 622 5614 δὴ
668 5543 808 5614 πρὸς
854 5543 1015 5615 ἔργον
1049 5542 1217 5600 ἐλθών
1239 5561 1252 5576 ·
1286 5546 1315 5597 ὁ
1347 5543 1403 5597 δέ
1432 5560 1496 5614 γε
1524 5544 1790 5617 μέλλοντα

204 5635 387 5702 τοῦτον
421 5637 660 5710 τιμήσας
681 5676 698 5704 ,
727 5638 811 5702 τίς
837 5639 903 5694 ἂν
929 5639 1015 5710 εἴη
1041 5639 1407 5711 γεγενημένος
1435 5638 1592 5706 ίδών;
1617 5634 1788 5710 Οἶμαι

205 5725 310 5801 γὰρ
337 5727 412 5793 ὡς
444 5730 553 5786 τῶν
598 5734 778 5801 νόμων
812 5731 975 5798 εὐθὺς
1002 5733 1205 5808 ταμεία
1239 5730 1483 5804 κινήσεις
1503 5747 1522 5766 ο
1553 5732 1650 5786 καὶ
1678 5750 1787 5788 πα-

1895 4533 2136 4604 oportuit
2162 4546 2344 4587 moras
2371 4532 2761 4599 internectere,
2784 4543 2909 4586 eain
2940 4533 3082 4588 idem
3109 4534 3382 4603 sigilieet
3411 4539 3480 4594 de

1894 4627 1982 4682 die
2015 4627 2069 4681 in
2097 4627 2243 4681 diem
2278 4626 2494 4696 privare
2518 4635 2681 4693 quam
2705 4639 2853 4694 aegre
2899 4626 3148 4691 reddere,
3185 4625 3383 4684 Verum
3401 4633 3478 4685 ad
3561 4669 3569 4674 η

1893 4718 2191 4776 amicitiam
2253 4735 2322 4775 ne
2361 4727 2653 4790 exspectes
2685 4718 3238 4786 secundas‘litteras,
3301 4730 3480 4794 neque

1893 4811 2097 4884 aliquid
2115 4813 2260 4868 aliud
2293 4821 2458 4884 quam
2487 4814 2633 4884 quod
2665 4812 2895 4883 requirit
2923 4815 3346 4872 transmittenda
3375 4817 3476 4873 tibi

1896 4907 2010 4962 haec
2049 4905 2300 4975 epistola.
3515 4907 3519 4964 ξ

2451 4996 2616 5055 XLV.
2661 4997 2990 5057 DlODOllO.

1965 5095 2068 5164 Qui
2100 5095 2242 5151 hanc
2278 5093 2373 5149 tibi
2410 5094 2516 5150 fert
2548 5096 2859 5164 epistolam,
2903 5109 3010 5151 non
3065 5107 3210 5151 nunc
3239 5096 3474 5167 primum

1903 5197 2050 5244 tuam
2075 5188 2396 5257 experietur
2435 5187 2916 5254 benevolentiam;
2974 5188 3068 5244 sed
3110 5189 3342 5259 primam
3375 5190 3476 5245 ad-

1893 5277 1998 5333 huc
2023 5291 2354 5343 memorans,
2384 5277 2694 5332 secundam
2719 5291 2900 5334 suntet
2929 5279 3349 5349 experientiam,
3382 5295 3470 5348 ac,

1894 5377 1953 5424 ut
1987 5380 2142 5437 puto,
2178 5370 2363 5424 forsan
2402 5369 2594 5426 adhuc
2621 5370 2928 5425 meliorem.
2962 5369 3141 5425 Priori
3166 5372 3310 5426 enim
3342 5371 3476 5426 frui-

1896 5469 1984 5514 tus
2013 5469 2119 5526 est,
2151 5458 2325 5516 allinis
2362 5473 2548 5516 noster
2592 5477 2717 5517 mox
2755 5465 3062 5530 mentulas;
3117 5465 3473 5535 posteriorem

1892 5564 2024 5606 vero
2066 5548 2280 5622 sumet,
2336 5569 2459 5608 cum
2495 5553 2563 5608 ad
2595 5552 2868 5624 negotium
2939 5553 3150 5610 venerit
3183 5572 3198 5609 :
3229 5555 3320 5626 qui
3379 5575 3475 5608 au-

1891 5653 2002 5701 tem
2028 5644 2177 5700 illum
2213 5654 2502 5702 venturum
2563 5646 2863 5712 honorasti,
2911 5648 3186 5717 quomodo
3251 5649 3474 5704 habebis

1887 5737 2000 5809 jam
2035 5737 2251 5797 visum?
2281 5739 2440 5810 Nam,
2467 5750 2524 5798 ut
2555 5755 2734 5812 spero,
2811 5741 2987 5810 legum
3019 5743 3198 5798 statim
3247 5754 3471 5800 ωοοιιοο
