4046 6386
518 218 661 285 2755

1854 208 2208 270 PROCOPII
2244 210 2490 274 GAZ/EI

3668 213 3805 275 2756

519 333 681 386 iuiam
713 336 1054 390 moturuses,
1117 332 1171 379 et
1230 322 1473 394 linguam
1511 333 1734 386 acuens,
1793 315 2102 391 iniquorum

2227 320 2449 391 »αθήξας
2480 319 2578 392 τήν
2603 318 2852 389 γλῶτταν
2882 321 2976 374 καλ⁵
3003 320 3113 373 τῶν
3141 320 3482 377 ἀδικούντων
3508 323 3686 391 λόγων
3711 325 3804 377 ἐπ-

518 436 830 478 scrmonum
873 418 1054 472 fontes
1101 415 1430 485 Splltl’tablS:
1473 411 1537 466 ad
1587 411 1715 480 quid
1766 410 1910 465 enim
1958 407 2102 463 aliud

519 532 679 589 quam
717 523 972 584 al'ggestn
997 508 1157 564 Attici
1183 507 1248 561 ad
1279 505 1596 560 memoriam
1627 501 1806 558 adibis
1835 511 2106 572 spectato-

521 627 636 668 rem
699 607 811 663 IIoc
841 605 933 659 tibi
966 603 1255 658 dicendum
1292 601 1490 661 habeo,
1546 597 1649 652 hoc
1688 598 1845 651 adest
1878 608 2107 666 sperans

521 701 876 764 a'lolescens;
912 709 1088 764 neque
1115 708 1216 765 ego
1249 690 1516 746 mendacii
1562 689 1880 754 convincar,
1931 701 2108 758 neque

525 795 627 849 hoc
651 791 852 846 frustra
883 786 1209 856 speraverit.

586 881 772 938 XLVI.
799 875 1176 934 ZACHARIA‘J
1202 874 1287 930 ET
1304 871 1623 929 PHILIPPO
1649 869 2079 927 FIiATRlBUS.

596 975 801 1030 Vestra:
831 969 1073 1043 epistolae
1104 977 1159 1025 et
1189 978 1433 1023 veStratn
1474 980 1606 1033 ergo
1649 979 1747 1018 nos
1779 962 2108 1018 benevolen-

524 1069 658 1125 tiam
721 1064 1104 1126 ostendebant,
1159 1072 1214 1117 ct
1245 1075 1274 1112 a
1305 1059 1565 1114 comitate
1619 1071 1724 1110 non
1781 1055 2111 1108 recedebant

523 1159 755 1232 sapienti
792 1175 808 1213 :
841 1165 1073 1226 utraque
1100 1167 1232 1208 vero
1269 1151 1710 1221 comparationes
1757 1162 1882 1201 cum
1938 1143 2108 1198 altera

526 1252 787 1311 iuununis
809 1249 1114 1304 videbatur.
1140 1246 1252 1300 Nec
1277 1245 1405 1314 quia
1457 1241 1811 1297 desiderastis
1842 1237 2110 1306 simplici-

527 1357 611 1403 ter
636 1359 735 1400 nos
767 1343 969 1398 habere
1004 1337 1277 1400 voluistis,
1316 1334 1410 1390 sed
1452 1333 1554 1387 nisi
1587 1329 1928 1386 commodum
1965 1328 2113 1381 insu-

528 1458 624 1516 per
644 1448 812 1504 esset,
846 1434 1178 1508 superﬂuum
1214 1429 1417 1484 duxisti
1448 1436 1635 1484 nostro
1660 1427 1871 1489 visum;
1901 1436 1999 1478 nec
2023 1420 2111 1476 fu-

529 1537 636 1593 turi
701 1528 1091 1588 incertitudine
1144 1521 1448 1586 terrefacti,
1491 1520 1557 1574 ad
1615 1518 1806 1573 urbem
1861 1525 2110 1570 nostram

2209 416 2447 484 αφήσεις
2477 415 2664 484 πηγάς
2687 429 2702 443 ⁶
2742 413 2836 469 καὶ
2854 415 3036 486 τίγὰρ
3068 415 3256 486 ἕτερον
3287 415 3320 488 ἢ
3353 415 3603 487 βήματος
3638 418 3808 471 Ἀττι-

2208 506 2308 559 κοῦ
2355 505 2494 576 πρὸς
2542 505 2764 578 μνήμην
2805 505 2960 577 ἥξεις
3007 505 3099 559 τὸν
3146 506 3374 578 θεατήν;
3411 509 3602 563 Ταῦτα
3631 509 3811 577 λέγειν

2209 597 2347 669 ἔχω’
2377 598 2553 653 ταῦτα
2583 598 2853 670 πάρεστιν
2886 599 3122 664 ἐλπίζων
3168 603 3198 656 ὁ
3244 604 3384 667 νέος⁸
3426 603 3524 656 καὶ
3556 602 3677 656 οὔτ’
3701 603 3811 672 ἐγὼ

2208 690 2564 762 ψευδολογίας
2613 690 2920 764 ἁλώσομαι,
2953 690 3081 746 οὐτε
3143 694 3321 765 μάτην
3373 694 3613 759 ἐλπίσας
3662 697 3811 749 ἐκεῖ·

2211 802 2321 840 νος.

2316 881 2470 949 MCI'.
2511 878 2816 953 ΖΑΧΑΡΙᾼ
2853 881 2978 935 ΚΑΙ
3014 881 3301 953 ΦΙΛΙΠΠῼ
3338 880 3701 936 ΑΔΕΛΦΟΙΣ.

2283 976 2365 1029 Τά
2397 975 2640 1046 ὑμέτερα
2672 975 2983 1046 γράμματα
3026 975 3123 1029 καὶ
3161 975 3264 1047 τὴν
3293 978 3374 1039 είς
3416 978 3566 1048 ἡμᾶς
3593 975 3816 1031 εὔνοιαν

2211 1069 2426 1142 ἐδήλου,
2465 1071 2561 1123 καὶ
2589 1068 2817 1140 γνώμης
2849 1069 2950 1123 οὐκ
2981 1070 3299 1141 ἀπήλλακτο
3331 1069 3615 1139 σώφρονος
3635 1087 3650 1100 ·
3684 1072 3817 1124 ἐκά-

2212 1179 2369 1233 τερον
2413 1161 2472 1215 δὲ
2515 1165 2582 1234 τῇ
2614 1161 2802 1233 ἐτέρου
2829 1161 3129 1236 παραθήκῃ
3159 1161 3402 1234 καθαρὸν
3430 1163 3775 1233 ὑπεφαίνετο
3799 1179 3814 1193 ’

2212 1254 2336 1309 οὔτε
2372 1255 2478 1328 γὰρ
2531 1254 2608 1320 ὡς
2657 1255 2952 1320 ποθοῦντες
2995 1256 3183 1320 ἁπλῶς
3221 1256 3367 1327 ἔχειν
3399 1258 3551 1328 ἡμᾶς
3581 1257 3816 1330 ἐδουλήο

2215 1348 2368 1419 θητε,
2407 1347 2523 1401 ἀλλ’
2557 1349 2606 1400 εἰ
2644 1348 2720 1422 μὴ
2757 1348 2940 1404 καὶτὸ
2973 1349 3254 1420 συμφέρον
3283 1353 3504 1422 προσῇ,
3543 1351 3818 1422 περιττὴν

2214 1441 2440 1512 ήγεῖσοε
2465 1441 2564 1514 τὴν
2593 1427 2754 1495 θέανο
2788 1441 2912 1496 οὐτε
2943 1441 3021 1514 τῷ
3051 1442 3146 1496 τοῦ
3182 1444 3468 1512 μέλλοντος
3502 1445 3692 1516 ἀδήλῳ
3719 1462 3818 1498 πεο

2217 1536 2413 1606 ριδεεῖς
2445 1535 2752 1605 γεγονότες,
2777 1536 2877 1606 τὴν
2903 1536 3040 1609 πρὸς
3069 1539 3218 1608 ἡμᾶς
3249 1538 3387 1592 ξέναι
3409 1538 3572 1592 πάλιν
3601 1540 3820 1609 ἀπηγο-

531 1628 712 1685 redire
741 1621 1030 1679 abnuistis.
1081 1615 1190 1672 Sed
1222 1613 1436 1671 consilii
1477 1610 1644 1665 vestri
1697 1610 1889 1665 modus
1939 1604 2111 1660 futilis

2227 1625 2452 1697 ρεύσατε
2473 1645 2486 1658 ·
2522 1604 2639 1679 ἄλλ’
2670 1621 2739 1698 ἦν
2772 1604 2926 1691 κενὸς
2946 1604 2984 1680 *ὁ
3011 1604 3212 1698 τρύπος
3240 1628 3340 1698 τῆς
3372 1604 3820 1700 συμϐουλῆς-καὶ

528 1731 672 1789 erat,
705 1733 770 1774 ac
807 1713 1103 1772 rhetoricae
1131 1722 1438 1780 congruens
1497 1701 1873 1772 imaginatioui
1936 1713 2112 1768 neque

2227 1721 2484 1792 ῥητορικῇ
2508 1720 2736 1791 πρέπων
2758 1720 2938 1792 ἐννοίᾳ
2954 1736 2968 1750 ·
2997 1719 3121 1774 οὔτε
3144 1721 3203 1773 τὸ
3226 1720 3426 1775 καλοῦν
3446 1698 3590 1792 ἔχων
3611 1698 3816 1794 θρασὺ,

530 1832 630 1874 nos
657 1814 922 1870 audacter
951 1809 1201 1872 hortans,
1249 1805 1344 1860 sed
1392 1801 1576 1874 potius
1605 1795 1962 1854 dissuasionis
1988 1807 2111 1847 sus-

529 1923 738 1984 pectus.
800 1905 1026 1966 Verum,
1071 1910 1286 1956 tantum
1322 1895 1476 1951 abest
1501 1902 1560 1947 ut
1593 1906 1693 1961 ego
1739 1888 2026 1959 strepitqu
2060 1894 2116 1942 et

531 2002 748 2076 negotia
778 2013 954 2055 amem
974 1996 1319 2063 alienamque
1353 1989 1627 2044 invideam
1667 1983 2003 2047 felicitatem,
2056 1989 2115 2035 ut

530 2075 744 2163 contra,
789 2092 915 2148 licet
943 2091 1030 2145 hic
1062 2103 1167 2142 non
1201 2085 1266 2141 ad
1303 2093 1486 2139 votum
1520 2080 1747 2142 faciens,
1783 2075 1969 2130 tandiu
2030 2076 2118 2129 ttl-

534 2208 660 2250 men
685 2182 1066 2244 remanserint.
1121 2180 1188 2234 Et
1234 2192 1400 2243 nunc,
1447 2174 1575 2244 quia
1608 2171 1741 2227 tnihi
1796 2167 2116 2224 nuntiantur

531 2284 678 2358 quod
715 2281 874 2337 decet
905 2275 1126 2340 facturi,
1191 2286 1301 2327 non
1362 2277 1732 2340 opportunum
1789 2263 1930 2317 duco
1977 2273 2116 2314 vana

533 2351 858 2448 simpliciter
908 2382 1006 2441 spe
1048 2365 1285 2438 regalem
1337 2361 1528 2418 videre
1595 2359 1810 2424 urbem,
1867 2369 1967 2426 ego
2021 2351 2118 2424 qui

535 2469 986 2543 tranquillitatem
1016 2476 1142 2519 amo
1172 2471 1228 2516 et
1264 2473 1364 2530 pro
1395 2455 1511 2514 sola
1545 2453 1806 2509 felicitate
1836 2450 2033 2513 habeo,
2064 2455 2120 2503 ct

536 2541 808 2636 Byzantio
833 2560 901 2614 ad
933 2555 1134 2612 mentis
1163 2549 1583 2623 applicationem
1615 2543 1864 2607 discessi,
1898 2541 2117 2597 ut‘viam

538 2633 842 2714 invenirem
865 2666 896 2706 a
917 2647 1151 2719 negotiis
1176 2642 1469 2714 aliquando
1493 2637 1728 2695 exeundi
1755 2633 2120 2703 diviniorique

535 2751 646 2804 vita
669 2744 910 2802 fruendi.
942 2739 1237 2799 Prmterea.
1260 2734 1478 2806 negotia
1517 2747 1620 2787 non
1649 2728 1910 2791 amando,
1975 2725 2119 2795 eligo

538 2841 685 2914 quod
718 2839 878 2894 docet
914 2851 929 2890 :
971 2832 1105 2888 nihil
1135 2833 1281 2886 enim
1313 2826 1626 2898 eligendum
1665 2823 1812 2894 quod
1865 2836 1972 2876 non
2018 2834 2117 2888 ap-

536 2913 732 3006 probet
761 2931 941 2997 Deus;
994 2925 1255 2999 quidquid
1299 2930 1480 2977 autem
1515 2935 1620 2974 non
1647 2915 1850 2981 evenit,
1893 2913 1986 2969 Dei
2012 2927 2118 2967 non

537 3029 742 3085 habere
771 3035 959 3079 nutum
1002 3018 1344 3082 ostenditur;
1403 3015 1544 3070 sicut
1597 3012 1641 3068 si
1698 3009 1826 3081 quid
1879 3009 2118 3072 eveniat,

539 3120 697 3185 illud,
753 3116 847 3190 (ab
899 3111 1277 3172 accidentibus
1340 3107 1557 3178 quidem
1620 3102 1947 3177 seiunctum)
2011 3099 2120 3156 Deo

537 3226 764 3286 prorsus
793 3209 996 3281 placuit
1019 3215 1077 3263 ut
1108 3204 1389 3269 eveniret;
1425 3202 1522 3268 ita,
1572 3199 1618 3255 si
1651 3197 1780 3269 quid
1810 3212 1875 3251 ex
1907 3196 1972 3250 iis
2001 3207 2122 3264 qua:

536 3304 671 3362 mihi
700 3301 1042 3365 nuntiantur,
1071 3297 1312 3360 eveniat,
1335 3303 1485 3350 stare
1510 3292 1654 3348 sicut
1692 3291 1847 3345 decet
1877 3294 2116 3359 oportet,

536 3397 634 3454 sed
659 3393 789 3467 quid
816 3389 1188 3449 contradicatn
1217 3387 1428 3442 habeo:
1452 3386 1497 3441 si
1519 3399 1649 3440 vero
1685 3385 1800 3439 hzec
1834 3381 1968 3437 meri
1998 3387 2124 3435 sunt

539 3503 850 3555 sermones,
882 3501 948 3542 ac
975 3485 1158 3540 veniat
1191 3496 1375 3537 rerum
1402 3496 1508 3536 non
1540 3481 1725 3536 contio
1756 3475 1996 3548 gentium
2023 3487 2123 3528 ne-

541 3582 792 3648 cessitas,
824 3579 875 3633 id
899 3575 1160 3640 ostendit,
1185 3573 1278 3629 Dei
1308 3571 1592 3645 placitum,
1627 3569 1782 3642 quasi
1804 3582 1897 3624 vos
1923 3567 2000 3622 ire
2031 3563 2122 3635 ju-

541 3679 715 3736 bens:
752 3672 859 3729 nisi
881 3670 1026 3726 enim
1051 3671 1156 3725 hoc
1187 3676 1354 3735 esset,
1387 3667 1442 3722 in
1481 3666 1679 3737 quibus
1720 3677 1807 3721 me
1850 3666 2126 3733 oporteret

539 3772 886 3843 requiescere
904 3765 929 3821 ’ί
1245 3792 1250 3797 ~

941 3859 1149 3918 XLVII.
1170 3921 1173 3923 ς
1192 3853 1515 3915 DIODORO.

613 3957 880 4016 Putabam
912 3965 966 4012 te
999 3965 1302 4026 martyrum
1329 3953 1468 4020 apud
1500 3964 1601 4003 nos
1649 3944 1847 4002 cmlum
1876 3939 2124 4012 comple-

540 4052 711 4116 visse,
757 4057 814 4105 et
871 4063 1018 4118 aegre
1055 4046 1187 4099 dare
1229 4042 1386 4097 nobis
1437 4039 1650 4094 felicem
1685 4037 1763 4091 tui
1818 4044 2120 4106 aspectum.

543 4144 624 4201 Tu
657 4156 787 4200 vero
845 4140 1179 4212 (quanquam
1236 4134 1384 4188 larva
1435 4133 1487 4187 in
1532 4129 1740 4187 somnis
1768 4127 1882 4182 visa
1930 4125 2126 4181 merito

545 4236 810 4307 trepidas,
871 4241 927 4290 et
952 4230 1252 4301 auspicium
1303 4225 1605 4284 formidans
1633 4221 1833 4304 merito
1850 4220 2000 4280 diem
2031 4233 2128 4288 ap-

544 4330 716 4402 pellas
742 4325 1034 4396 nefastam)
1081 4332 1232 4379 tanto
1262 4321 1482 4376 laboras
1519 4307 1670 4384 odio,
1729 4323 1790 4370 ut
1837 4321 2122 4385 propterea

2218 1815 2316 1870 καὶ
2354 1815 2454 1886 τὴν
2501 1815 2821 1887 ἀποτροπὴν
2867 1815 3245 1888 ὑφορώμενος.
3270 1815 3414 1887 Ἐγὼ
3458 1817 3516 1871 δὲ
3553 1817 3819 1872 τοσοῦτον

2218 1909 2410 1981 ἀπέχω
2443 1909 2538 1964 τοῦ
2585 1911 2800 1980 κόμπου
2848 1911 2944 1964 καὶ
2993 1912 3338 1982 πραγμάτων
3389 1913 3544 1985 ἐρᾷν,
3576 1913 3818 1967 καὶτῶν

2219 2003 2426 2074 ἐτέρων
2468 2002 2818 2074 εὐδαιμονίαν
2867 2001 3086 2071 ζηλοῦν,
3117 2003 3260 2058 ὥστε
3295 2005 3499 2077 καίπερ
3550 2007 3615 2060 οὐ
3671 2007 3818 2060 κατὰ

2219 2096 2345 2150 νοῦν
2384 2095 2599 2166 πράξας
2643 2095 2879 2151 ἐνταῦθα
2905 2135 2921 2161 ,
2956 2095 3211 2151 τοσοῦτον
3256 2098 3408 2168 ὅμως
3457 2098 3817 2170 ἐκαρτέρησα

2220 2188 2414 2260 χρόνον
2435 2204 2447 2216 ·
2483 2189 2576 2242 καὶ
2609 2187 2705 2243 νῦν
2729 2190 3032 2262 ἐπειδήπερ
3062 2191 3496 2260 ἐπαγγέλλονται
3534 2211 3628 2264 μοι
3657 2196 3819 2260 ποιῆ-

2221 2297 2336 2334 σειν
2372 2279 2443 2333 τὰ
2475 2280 2812 2352 μέτρια,ούχ
2839 2281 3069 2353 ἕρμαιον
3098 2281 3339 2353 ἡγοῦμαι
3367 2282 3603 2352 κούφαις
3624 2281 3820 2344 ἁπλῶς

2221 2373 2406 2428 ἐλπίσι
2449 2375 2715 2446 βασιλέως
2752 2376 2909 2430 πόλιν
2945 2375 3096 2441 ίδεῖν,
3125 2377 3218 2431 καὶ
3245 2376 3419 2430 ταῦτα
3448 2376 3546 2446 τῆς
3575 2377 3819 2447 ἡσυχίας

2221 2466 2385 2536 ἐρῶν,
2413 2469 2508 2520 καὶ
2541 2466 2670 2537 μίαν
2715 2469 2922 2536 ταύτην
2969 2467 3316 2538 εὐδαιμονίαν
3357 2469 3689 2538 ἡγούμενος,
3721 2468 3822 2520 καὶ

2220 2559 2316 2614 τοῦ
2354 2559 2651 2625 Βυζαντίου
2682 2559 2818 2630 πρὸς
2850 2559 3060 2614 ἔννοιαν
3089 2559 3226 2622 ὅλως
3249 2559 3420 2614 ἐλθὼν
3436 2561 3585 2624 ὅπως
3602 2561 3822 2627 ἐφόδιον

2223 2651 2566 2725 εῦροιμιατοῦ
2597 2669 2729 2707 ποτε
2751 2653 3099 2725 πραγμάτων
3127 2651 3232 2718 ἔξω
3251 2653 3528 2722 γενέσθαι,
3550 2653 3646 2706 καὶ
3671 2650 3823 2705 θειο-

2223 2747 2389 2820 τέρας
2419 2745 2726 2801 ἀπολαῦσαι
2758 2744 2904 2819 ζωῆς
2927 2762 2940 2776 ⁸
2968 2745 3110 2817 πλὴν
3137 2747 3238 2800 οὐκ
3262 2746 3404 2817 ἐρῶν
3422 2746 3532 2800 τῶν
3555 2748 3823 2818 πραγμάο

2221 2857 2332 2893 των
2354 2839 2576 2910 τίθεμαι
2608 2838 2670 2894 τὸ
2701 2837 2925 2893 δοκοῦνο
2957 2838 3078 2892 οὐδέ
3110 2843 3219 2910 γάρ
3253 2837 3470 2908 αἱρετὸν
3497 2839 3525 2892 ὃ
3559 2838 3638 2910 μὴ
3673 2837 3820 2892 Θεοῦ

2222 2930 2438 3002 δέχεται
2487 2929 2664 3003 νεῦμα
2688 2947 2704 2964 ·
2749 2931 2846 2986 καὶ
2885 2931 2960 3004 μὴ
2996 2931 3280 3003 γινόμενον
3329 2933 3593 2997 ἕκαστον,
3629 2933 3691 2986 τὸ
3737 2933 3822 3002 μὴ

2224 3024 2356 3078 Θεὸν
2380 3023 2526 3096 ἔχειν
2557 3023 2885 3079 ἐπαινοῦντα
2914 3025 3098 3096 δηλοῖ·
3125 3025 3315 3098 ὥσπερ
3347 3025 3448 3079 κάν
3475 3043 3530 3078 τι
3560 3025 3822 3095 γένηται,

2229 3117 2305 3190 μὴ
2331 3117 2494 3173 πάθει
2526 3117 2957 3188 συνεζευγμένον
2983 3115 3104 3190 Θεῷ
3137 3117 3359 3181 πάντως
3382 3116 3558 3170 ἐδόκει
3591 3117 3688 3169 καὶ
3718 3116 3823 3184 γέ-

2223 3225 2350 3278 γονε
2370 3226 2384 3242 ο
2416 3209 2511 3264 καὶ
2536 3207 2662 3263 οὐτε
2689 3225 2744 3262 τι
2777 3208 2854 3280 μὴ
2877 3207 3068 3262 δοκοῦν
3103 3206 3221 3262 ἐστι
3255 3207 3530 3277 γενέσθαι,
3557 3207 3686 3262 οὔτε
3716 3225 3822 3277 γε-

2223 3302 2525 3374 γενημένον
2559 3303 2635 3374 μὴ
2670 3303 2882 3358 δοκεῖν⁶
2910 3303 3052 3357 ὥστε
3083 3300 3138 3356 ετ
3162 3320 3214 3356 τι
3242 3302 3352 3356 τῶν
3385 3301 3825 3372 ἐπηγγελμένων

2224 3392 2488 3466 προϐαίη,
2507 3393 2632 3465 μένε
2642 3391 2802 3460 ιν,’ὼς
2816 3392 2983 3458 ἔοικε,
2996 3391 3097 3458 δεῖ,
3111 3391 3210 3446 καὶ
3231 3390 3534 3459 ἀντιλέγειν
3554 3391 3656 3443 οὐκ
3681 3389 3818 3459 ἔχω’

2224 3489 2274 3541 εί
2307 3487 2365 3542 δέ
2394 3487 2543 3555 λόγοι
2568 3487 2743 3541 ταῦτα
2773 3487 2868 3540 καὶ
2894 3485 3104 3556 οἴχεται
3150 3487 3184 3557 ή
3231 3483 3340 3538 τῶν
3379 3484 3455 3556 μή
3500 3481 3824 3554 γενομένων

2224 3580 2461 3653 ἀνάγκη,
2488 3581 2587 3652 τὴν
2615 3579 2710 3634 τοῦ
2739 3579 2873 3634 Θεοῦ
2898 3579 3140 3633 δείκνυσι
3164 3578 3367 3649 ψῆφον,
3395 3577 3470 3641 ὡς
3497 3577 3644 3648 ὑμᾶς
3678 3575 3822 3631 ἱέναι

2225 3673 2591 3729 κελεύουσαν·
2644 3674 2693 3726 εί
2730 3672 2840 3746 γὰρ
2878 3671 2954 3745 μὴ
2984 3671 3144 3728 τοῦτο
3173 3672 3391 3736 πάντως
3432 3668 3500 3724 ἂν
3544 3670 3821 3743 ὑπῆρξεν,

2225 3768 2311 3840 ἐφ’
2337 3765 2418 3833 οἷς
2444 3785 2515 3842 με
2547 3767 2732 3840 μένειν
2761 3767 2964 3838 ἐχρῆν;

2799 3856 2932 3912 ΜΖ’.
2967 3857 3272 3928 musam).-

2303 3953 2483 4024 ’ῼμην
2521 3969 2580 4006 σε
2599 3947 2700 4024 τὴν
2723 3951 2832 4005 τῶν
2861 3951 3156 4024 μαρτύρων
3179 3968 3294 4023 παρ
3325 3952 3464 4022 ήμῖν
3494 3952 3821 4009 ἐπιτελέσαι

2229 4046 2569 4118 πανήγυριν,
2618 4045 2712 4098 καὶ
2750 4044 2952 4098 διδόναι
3008 4043 3164 4114 μόλις
3219 4047 3356 4114 ἡμῖν
3387 4045 3690 4117 εὐτυχῆσαι
3743 4051 3819 4120 τῇ

2230 4137 2350 4210 θέᾳ.
2379 4137 2452 4192 Σὺ
2480 4137 2538 4191 δέ
2565 4135 2668 4190 κᾶν
2701 4136 2833 4208 δναρ
2864 4136 2980 4208 τδῃς
3001 4136 3092 4189 τὸν
3122 4139 3359 4208 μαιμᾶν,
3391 4137 3465 4200 ὠς
3492 4138 3659 4206 ἔοικε,
3683 4141 3820 4193 δυσ-

2226 4231 2536 4304 χεραίνεις,
2591 4232 2688 4284 καὶ
2749 4230 2844 4284 τὸν
2877 4228 3068 4284 οἰωνὸν
3125 4229 3313 4294 δεδιὼς
3363 4231 3654 4304 ἀποφράδα
3714 4233 3823 4300 τὴν

2229 4325 2444 4398 ἡμέραν
2486 4323 2704 4387 καλεῖς’
2761 4321 2906 4378 οὕτω
2959 4339 3042 4376 σοι
3076 4323 3244 4378 πάλαι
3269 4324 3365 4376 καὶ
3403 4305 3692 4396 πόρρωθεν
3753 4326 3826 4380 τὸ

545 4439 616 4478 uo
647 4421 854 4477 amicos
878 4417 1096 4487 quidem
1122 4413 1308 4469 videre
1341 4411 1507 4477 velis;
1556 4419 1613 4466 et
1637 4406 1884 4464 ostendis
1915 4415 2119 4478 tempus

2234 4419 2392 4490 μῖσος
2414 4416 2758 4484 ἐνέστακται,
2808 4415 2886 4480 ὡς
2929 4415 3018 4470 διὰ
3051 4415 3211 4470 τοῦτο
3267 4415 3404 4486 μηδέ
3444 4418 3574 4480 τούς
3624 4417 3822 4488 φίλους

544 4515 684 4571 iram
709 4511 932 4568 auxisse
956 4508 1137 4580 potius
1169 4520 1333 4578 quam
1393 4504 1750 4560 destruxisse.
1815 4499 1945 4557 Haec
1993 4500 2125 4555 olim

543 4609 642 4666 tibi
678 4620 893 4677 semper
918 4602 1282 4676 pmdicebam
1310 4612 1432 4670 quae
1466 4610 1614 4652 nunc
1651 4594 2014 4651 acciderunt:
2048 4595 2128 4650 vi-

544 4703 681 4755 dens
724 4697 871 4754 enim
917 4704 968 4751 te
1011 4687 1288 4750 ﬁmolestos
1361 4689 1458 4747 tibi
1511 4697 1891 4758 aversantem,
1952 4688 2125 4745 eheu!

542 4806 688 4864 sape
703 4789 899 4862 stepins
924 4785 1240 4844 dictitabam
1261 4785 1380 4841 fore
1407 4792 1488 4849 ut,
1506 4781 1675 4838 semel
1703 4797 1734 4837 a
1764 4782 1920 4838 nobis
1948 4781 2128 4838 divul-

545 4903 670 4954 sus,
698 4885 814 4954 jam
855 4896 964 4938 non
1009 4879 1243 4949 amplius
1265 4894 1371 4934 non
1405 4878 1592 4934 videre
1629 4876 1818 4934 velles.
1865 4875 1981 4931 Non
2015 4877 2130 4948 ipse

545 4979 789 5036 Achilles
831 4973 1023 5032 tandiu
1076 4973 1250 5028 iratus
1284 4981 1368 5028 est
1401 4971 1647 5038 Achivis,
1698 4971 1793 5027 sed
1837 4981 2128 5040 postquam

544 5089 640 5130 eos
660 5069 912 5127 absentia
942 5081 1042 5124 sua
1075 5065 1290 5131 afflixit,
1339 5066 1558 5121 tandem
1605 5064 1802 5120 iterum
1851 5063 2017 5120 cessit
2073 5071 2131 5118 ut

543 5165 832 5238 oportebat
859 5173 916 5218 et
943 5170 1184 5218 mutatus
1219 5167 1324 5214 cst.
1362 5159 1499 5213 Fato
1529 5160 1692 5229 igitur
1721 5159 1927 5228 gratias
1954 5157 2130 5212 habeo

542 5257 687 5329 quod
707 5270 815 5310 non
840 5253 1086 5324 Thetyda
1108 5251 1311 5306 habeas
1342 5258 1596 5315 matrem,
1609 5248 1816 5317 jamdiu
1841 5247 1984 5302 enim
2009 5258 2131 5316 per-

545 5350 745 5407 niciem
774 5356 1020 5404 nostram
1069 5344 1323 5415 petiisses
1347 5351 1402 5396 et
1437 5341 1812 5410 impetrasses.

1051 5435 1285 5492 XLVIII.
1322 5432 1632 5493 IRENEO.

616 5532 880 5590 Zouuaeni
921 5529 1285 5587 familiaribus
1334 5543 1512 5586 meam
1549 5526 1918 5582 conciliabant
1963 5527 2130 5582 bene-

548 5628 869 5696 volentiam,
899 5624 1136 5698 primum
1160 5638 1279 5692 vos,
1309 5631 1366 5680 et
1394 5631 1516 5695 post
1555 5621 1948 5691 experientiam
1972 5619 2132 5690 juve-

550 5738 681 5780 num
706 5731 904 5780 natura
934 5737 950 5776 :
988 5718 1097 5777 tuis
1129 5717 1273 5777 enim
1332 5730 1429 5787 per
1472 5726 1528 5774 te
1559 5713 1799 5772 amicitia
1830 5714 2128 5787 conjuncti,

2228 4512 2432 4570 ἐθέλειν
2465 4513 2599 4584 ὁρᾷν
2618 4527 2633 4542 ·
2668 4509 2764 4565 καὶ
2786 4509 3082 4581 διελέγχεις
3111 4509 3204 4564 τὸν
3237 4509 3428 4581 χρόνον
3453 4508 3688 4576 αὔξοντα
3720 4509 3824 4564 θυι

2233 4606 2332 4681 μὸν
2360 4605 2582 4678 μᾶλλον,
2617 4604 2651 4678 ἢ
2697 4601 2995 4675 διελέγχειν
3032 4602 3214 4658 εἰδότα
3236 4618 3250 4634 ο
3295 4604 3474 4660 ταῦτα
3511 4602 3822 4676 προῦλεγον

2228 4699 2338 4765 ἀεὶ,
2367 4697 2541 4754 ταῦτα
2589 4697 2685 4751 καὶ
2711 4697 2971 4768 γέγονεν·
3011 4696 3156 4768 δρῶν
3185 4694 3291 4768 γάρ
3341 4713 3402 4750 σε
3433 4695 3523 4751 διὰ
3556 4697 3686 4761 τοὺς
3721 4697 3824 4751 λυς

2229 4790 2469 4855 ποῦντας
2486 4789 2691 4844 καὶτὸν
2719 4789 2842 4841 τότε
2869 4788 3376 4858 ἀποστρεφόμενον,
3393 4788 3519 4854 Ἰοῦ,
3553 4788 3657 4852 iob,
3681 4789 3826 4842 πολ-

2229 4881 2386 4945 λάκις
2408 4880 2567 4950 ἔφην,
2590 4877 2668 4942 ὡς
2701 4878 2846 4945 ἅπαξ
2873 4879 3008 4950 ήμῖν
3031 4878 3390 4947 ἀπαλλαγεὶς,
3413 4879 3514 4932 οὐκ
3540 4877 3829 4950 ἐθελήσεις

2230 4968 2388 5033 αὖθις
2441 4973 2605 5044 ὁρᾷνο
2657 4969 2777 5025 ἀλλ’
2827 4970 2949 5024 οὐδὲ
2983 4970 3265 5042 ’Δχιλλεὺς
3317 4969 3574 5025 τοσοῦτον
3623 4973 3831 5044 χρόνον

2231 5063 2500 5136 ἐθυμοῦτο
2529 5065 2644 5127 τοῖς
2671 5062 2907 5134 Ἀχαιοῖς
2929 5079 2942 5093 '
2983 5062 3121 5117 ἀλλὰ
3160 5061 3412 5134 λυπήσας
3459 5061 3639 5126 ἀπὼν,
3677 5059 3832 5127 εἶξεν

2232 5154 2411 5220 αὖθις,
2457 5156 2531 5220 ὡς
2579 5155 2708 5221 ἔδει,
2745 5157 2838 5210 καὶ
2871 5155 3230 5225 μετεϐάλετοο
3271 5155 3432 5226 χάριν
3476 5155 3524 5208 δ’
3549 5155 3643 5208 οῦν
3669 5156 3833 5227 ὅμως

2231 5246 2350 5306 οἶδα
2372 5253 2436 5323 τῇ
2466 5251 2604 5322 τύχη
2631 5251 2713 5304 ὄτι
2735 5249 2810 5321 μὴ
2845 5250 3006 5303 Θέτιν
3035 5249 3180 5322 ἔχεις
3215 5250 3460 5322 μητέρα·
3487 5249 3659 5303 πάλαι
3713 5251 3834 5320 γὰρ

2233 5343 2300 5398 ἂν
2329 5322 2478 5415 ηῦξω
2505 5344 2601 5394 καὶ
2627 5341 3024 5411 άπολώλειμεν.
3853 5322 3856 5332 ι

2758 5438 2900 5492 aur.
2936 5437 3288 5510 ειΡΗΝΑιῼ.

2305 5531 2432 5595 Τοῖς
2463 5547 2529 5584 πε
2539 5529 2594 5601 ρὶ
2620 5529 2925 5585 Ζώνναινον
2953 5529 3050 5599 τήν
3069 5530 3208 5601 ἐμὴν
3240 5528 3454 5584 εὑνοιαν
3473 5531 3733 5600 ἐνεποίει,
3760 5533 3830 5586 τὸ

2236 5624 2338 5698 μὲν
2365 5624 2584 5696 πρῶτον
2607 5624 2790 5696 ὑμεῖς,
2828 5622 2972 5695 μετὰ
3000 5623 3058 5678 δὲ
3105 5623 3205 5697 τὴν
3241 5627 3437 5696 πεῖραν
3461 5627 3573 5679 τῶν
3597 5628 3738 5682 νέων
3787 5629 3826 5689 ἡ

2235 5718 2430 5792 φύσιςο
2461 5719 2558 5777 καλ⁸
2588 5719 2698 5779 τῶν
2731 5719 2965 5793 πρώτων
2993 5719 3082 5777 διὰ
3119 5719 3179 5773 σέ
3212 5719 3490 5791 τυχόντες,
3527 5721 3591 5776 τὸ
3635 5721 3819 5775 τελευο
