4046 6386
247 180 388 246 2757

1695 137 2107 250 Eptsroma.

3383 199 3524 269 2758

244 304 399 356 ταῖον
418 288 568 355 οὗτοι
598 297 667 352 δι’
695 298 895 363 αὐτοὺς
925 297 1203 353 ὲνεποίουν
1232 297 1324 353 τὸν
1374 298 1555 371 ἔρωτα
1579 315 1593 329 ο
1642 302 1822 369 κοσμεῖ

1943 303 2178 355 titialiter
2215 301 2266 358 lii
2294 302 2525 373 juvenes
2562 319 2659 375 per
2690 306 2900 378 seipsos
2933 309 3063 365 mihi
3121 311 3523 384 inspiraverunt

243 395 357 466 γὰρ
388 394 588 459 αὐτοὺς
624 394 685 448 τὸ
717 394 815 466 μὲν
858 393 1073 465 πρῶτον
1097 392 1301 461 σπουδή
1324 409 1336 422 ”
1372 394 1472 463 τὴν
1506 393 1563 446 δὲ
1597 393 1832 463 σπουδὴν

242 487 346 540 οὐκ
372 486 618 557 ἐλέγχειν
644 481 785 539 οἶδεν
811 487 843 557 ή
876 486 1072 555 φύσις·
1104 483 1245 537 ὥστε
1279 487 1327 537 εί
1362 486 1437 556 μὴ
1474 485 1832 556 προμηνύσας

244 580 459 649 ἔτυχες,
497 579 604 632 ἴσθ’
660 579 728 634 ἂν
764 577 1176 649 ὲπιστευσάμην
1211 579 1286 642 ὼς
1320 578 1455 650 πρὸς
1484 578 1544 631 σὲ
1585 581 1647 631 τὸ
1678 578 1833 647 γένος

244 672 602 736 συνάπτουσι,
637 671 718 742 τῷ
749 671 1061 742 χαρακτῆρι
1100 672 1201 742 τῆς
1240 670 1457 740 φύσεως
1485 670 1831 741 στοχασάμε-

240 781 364 829 νος⁶
402 764 522 820 ἀλλ’
548 761 607 819 εὖ
644 765 709 833 γέ
759 781 852 817 σου
880 762 974 817 τοῦ
1027 764 1221 832 γένους
1260 764 1309 816 εί
1353 762 1578 817 τοιαῦτα
1625 764 1833 818 τίκτειν

239 857 573 913 ἐπίσταταιο
624 858 725 927 τὴν
775 857 875 927 μὲν
905 852 1000 910 οὖν
1049 856 1189 928 ἐμὴν
1226 855 1453 926 γνώμην
1509 857 1830 927 ἐρρωμένην

243 949 354 1005 ἴσθι
386 954 503 1015 τοῖς
535 952 676 1015 νέοις
696 966 709 982 ·
747 951 796 1003 εί
827 949 884 1003 δὲ
917 950 1013 1003 καὶ
1041 949 1271 1020 δύναμιν
1302 950 1686 1022 ὑπουργοῦσαν
1719 950 1830 1021 ἔχω

238 1045 308 1114 τῇ
330 1041 638 1117 προθυμίᾳ,
671 1042 811 1095 θεῶν
842 1045 901 1095 ὲν
929 1042 1171 1111 γούνασι,
1190 1042 1413 1096 κείσθω.

540 1132 674 1188 Μθί.
715 1133 1017 1206 ΖΑΧΑΡΙᾼ
1050 1134 1172 1187 ΚΑΙ
1213 1132 1524 1206 ΦΙΛΙΠΠῼ.

343 1227 389 1279 Ο
411 1226 575 1290 καλὸς
599 1224 852 1295 Ἰωάννης
880 1227 989 1281 κάκ
1015 1226 1109 1280 τοῦ
1132 1228 1323 1295 γένους
1361 1228 1506 1299 ὑμᾶς
1534 1229 1827 1301 ἀπαιτήσει

238 1318 341 1390 τὴν
367 1318 603 1382 εὔνοιαν,
634 1318 744 1372 κάκ
784 1320 883 1390 τῆς
912 1320 1043 1390 παρ’
1075 1320 1200 1388 ἐμοὶ
1228 1322 1649 1392 συμφοιτήσεως
1668 1339 1680 1351 ο
1711 1322 1828 1375 ἐστι

238 1410 351 1484 γὰρ
384 1410 639 1465 Λεοντίου
676 1414 805 1474 παῖς
826 1426 839 1439 ·
885 1412 933 1463 εἰ
962 1410 1242 1464 Διονύσιον
1278 1413 1395 1464 ἴστε
1423 1413 1525 1483 τῆς
1549 1412 1828 1484 ἡμετέρας

235 1504 432 1577 τίτθης
457 1505 549 1559 τὸν
565 1504 756 1577 ἄνδρα,
786 1505 981 1559 τούτου
1004 1505 1247 1575 πέφυκεν
1294 1505 1543 1575 ἀδελφὸς,
1576 1509 1604 1559 ὁ
1633 1507 1825 1560 τούτου

236 1598 423 1670 πατήρ
445 1616 460 1630 ’
487 1599 573 1653 ἵνα
594 1598 795 1670 καίπερ
819 1598 1041 1663 εἰδότες,
1066 1598 1369 1669 ὑπομνήσω
1396 1599 1486 1652 τὸν
1504 1598 1793 1668 ἄνθρωπον
1810 1614 1825 1630 ⁸

1938 410 2225 450 antorem:
2269 399 2615 451 commendat
2645 401 2788 454 enim
2828 417 2922 455 eos
2974 404 3206 470 primum
3256 410 3517 476 studium,
3575 402 3578 406 ’

1937 488 2177 540 Sltttlitltli
2237 502 2366 541 vero
2428 492 2726 558 reprimere
2784 494 2958 546 nescit
3039 505 3253 550 natura.
3325 498 3402 553 Ita
3441 514 3519 557 ut.

1936 580 2147 633 etiamsi
2189 595 2276 633 me
2314 597 2416 633 non
2452 584 2893 650 pranuonuisses,
2926 598 3112 641 certus
3145 588 3365 643 fuissem
3394 592 3518 647 illus

1938 671 2034 725 tibi
2077 687 2276 742 genere
2332 675 2569 746 conjugi,
2640 676 2819 731 indole
2879 689 3127 734 naturam
3196 697 3517 751 agnoscens.

1934 762 2082 817 Felix
2112 780 2281 835 genus
2323 777 2494 833 tuum,
2548 769 2691 836 quod
2732 771 2860 823 talia
2881 774 3326 841 scitproducet-e.
3362 776 3515 830 Scito

1936 852 2247 922 igiturmilti
2286 856 2339 910 in
2382 872 2573 927 magna
2597 873 2720 915 esse
2748 860 3125 916 benevolentia
3154 863 3254 917 hos
3300 865 3520 919 θάοΙυς-

1934 958 2159 1012 centes;
2186 947 2231 1000 si
2270 957 2448 1001 autem
2479 949 2623 1002 vires
2646 949 2797 1004 bona:
2832 952 3095 1010 voluntati
3124 956 3517 1023 respondentes

1937 1039 2190 1103 habeam,
2221 1039 2322 1093 hoc
2352 1040 2402 1093 in
2440 1043 2660 1096 deorum
2693 1053 2993 1112 potestates
3023 1057 3337 1114 reponatur.

2176 1132 2368 1187 XVIX.
2411 1132 2789 1190 ZACHARl/E
2820 1136 2905 1190 ET
2928 1136 3266 1194 PHILIPPO.

2002 1224 2235 1280 Pulcher
2266 1225 2506 1282 Joannes
2530 1237 2764 1283 vestram
2793 1232 3031 1301 requiret
3056 1233 3512 1301 benevolentiam,

1934 1327 2047 1371 tum
2069 1329 2289 1388 propter
2324 1334 2495 1390 genus
2524 1335 2706 1385 suum,
2763 1332 2874 1375 tum
2907 1334 3128 1393 propter
3189 1342 3398 1381 mecum
3436 1331 3516 1383 fa-

1935 1411 2328 1466 miliaritatem.
2378 1413 2644 1468 Esteuim
2698 1412 2839 1467 illius
2882 1414 3118 1482 Leontii,
3174 1422 3328 1489 ettjus
3360 1434 3516 1493 pater

1930 1500 2032 1554 fuit
2059 1502 2229 1556 frater
2268 1500 2534 1574 Dionysii,
2561 1504 2696 1559 aviae
2730 1514 2928 1560 nostra:
2945 1510 3144 1574 mariti,
3168 1512 3319 1567 VttbiS
3351 1513 3515 1571 forsi-

1935 1605 2024 1648 tan
2059 1596 2290 1666 noti(ut,
2326 1596 2372 1650 si
2408 1597 2763 1666 coguovistis,
2819 1602 3135 1655 memoriam
3195 1606 3314 1674 ejus
3363 1607 3513 1661 vobis

235 1691 288 1742 εί
311 1689 369 1743 δὲ
395 1690 492 1743 καὶ
521 1689 597 1762 μὴ
620 1688 796 1745 ταῦτα
816 1690 1050 1761 προσῆν,
1075 1690 1292 1753 πάντως
1319 1693 1517 1745 οἰκεῖον
1540 1692 1822 1762 ἡγήσασθε

1931 1689 2226 1759 revocent).
2257 1688 2410 1755 Quod
2443 1691 2484 1745 si
2528 1691 2807 1747 bacratio
2855 1710 2961 1747 non
3012 1696 3235 1763 valeret,
3290 1702 3514 1754 omnino

235 1780 519 1853 θιασώτην
547 1782 840 1854 ἡμέτερον,
875 1783 969 1836 καὶ
994 1782 1088 1836 τὸν
1121 1782 1253 1854 παρ’
1279 1783 1404 1852 ἐμοὶ
1433 1782 1593 1854 χορὸν
1618 1784 1825 1853 ἐκπλη-

239 1874 526 1944 ρὼσανταο
566 1874 763 1928 οὐκοῦν
823 1875 898 1948 μὴ
959 1875 1183 1947 μέλλετε
1235 1876 1329 1929 τὸν
1386 1877 1507 1929 νέον
1549 1872 1609 1929 εὖ
1648 1880 1825 1931 ποιεῖν

234 1965 433 2036 ἔχοντα
453 1966 791 2037 πανταχόθεν
821 1967 1180 2038 ὀφειλομένην
1206 1966 1304 2039 τὴν
1337 1966 1581 2021 εῦνοιαψ
1633 1969 1825 2023 σιωπῶ

233 2059 349 2130 γὰρ
379 2059 560 2129 λέγειν
593 2060 664 2124 ὡς
690 2062 783 2115 καὶ
811 2061 889 2134 τῷ
914 2062 1106 2134 τρόπῳ
1133 2062 1259 2127 τοὺς
1287 2062 1530 2134 ὁρῶντας
1560 2064 1823 2134 ἐπάγεται

233 2150 521 2224 ἔρυθριᾲν,
552 2152 708 2217 εἰδὼς
740 2154 869 2225 πρίν
895 2172 950 2208 τι
980 2158 1074 2210 καὶ
1103 2155 1287 2225 λέγειν
1334 2155 1432 2210 καὶ
1485 2154 1823 2226 φθέγγεσθαι

236 2243 459 2315 μέτρια,
490 2243 569 2314 τῷ
598 2245 776 2317 καιρῷ
802 2247 927 2309 τοὺς
948 2247 1141 2317 λόγους
1169 2247 1408 2320 μετρῶν,
1440 2247 1534 2301 καὶ
1576 2248 1672 2301 τὸν
1697 2248 1824 2303 νοῦν
1878 2308 1883 2323 ι

232 2336 377 2408 ὑπὲρ
406 2335 504 2409 τὴν
534 2337 752 2408 ἠλικίαν
771 2338 1150 2411 κτησάμενοςο
1180 2340 1209 2392 ὁ
1241 2340 1299 2394 δὲ
1332 2341 1527 2413 μιαρὸς
1549 2340 1822 2413 Θεόδωρος

231 2429 331 2482 τὸν
367 2428 599 2483 πλοῦτον
629 2431 760 2502 ἡμῖν
815 2433 1177 2497 ἐπανατείνας
1233 2434 1395 2488 πάλιν
1432 2434 1593 2488 ἀνέδυ
1616 2474 1632 2501 ,
1682 2435 1823 2507 τάχα

231 2523 543 2592 καταγνοὺς
572 2523 767 2578 ἑαυτοῦ
799 2525 957 2599 εἴπερ
978 2544 1032 2579 τι
1064 2526 1345 2597 προειπὼν
1364 2528 1707 2599 ἀληθεύσειε,
1725 2528 1824 2584 καὶ

232 2616 375 2689 πρὸς
401 2616 578 2690 πέρας
607 2616 822 2687 ἐνέγκοι
852 2622 943 2672 τὸν
969 2617 1149 2689 λόγον.

747 2798 832 2852 N'.
866 2796 1028 2851 ΤυΙΣ
1050 2798 1323 2853 ΑΥΤΟΙΣ.

309 2891 481 2946 Πάλιν
514 2891 644 2965 ὑμῖν
670 2891 982 2964 ἐπιστολὴν,
1042 2891 1139 2946 καὶ
1170 2892 1333 2947 πάλιν
1382 2892 1570 2966 ἕτερος
1622 2893 1779 2966 ὄχλος
1803 2910 1819 2926 ο

1927 1783 2254 1838 familiarem
2289 1783 2520 1839 duxistis
2546 1787 2830 1840 convivam
2893 1800 3159 1855 nostram,
3224 1793 3313 1862 qui
3370 1798 3510 1864 apud

1925 1892 2013 1931 me
2043 1877 2212 1933 choro
2245 1878 2512 1934 interfuit.
2543 1876 2733 1933 Nonne
2759 1880 2922 1950 igitur
2953 1882 3089 1938 bene
3117 1887 3393 1955 excepturi
3426 1903 3514 1941 es-

1929 1967 2292 2039 tisjuvenem,
2327 1971 2411 2024 cui
2453 1970 2793 2027 omnimodas
2818 1972 2888 2027 ob
2912 1988 3104 2029 causas
3148 1977 3378 2032 debetur
3415 1980 3511 2033 be-

1926 2062 2280 2117 nevolentia?
2311 2062 2445 2117 Silet
2470 2064 2615 2118 eniut
2645 2066 2709 2119 de
2742 2066 2861 2136 ejus
2891 2067 3157 2133 moribus,
3223 2069 3313 2136 qui
3345 2072 3513 2125 omni-

1927 2155 2029 2209 bus
2070 2154 2386 2209 videntibus
2414 2155 2678 2225 pudorem
2706 2156 3016 2215 incutiunt:
3059 2175 3184 2213 num
3224 2161 3329 2216 scit
3360 2173 3512 2215 ante-

1933 2259 2098 2316 quam
2134 2245 2390 2317 loquatur
2421 2248 2723 2303 decentiam
2754 2248 3070 2312 observare.
3113 2268 3393 2309 sermones
3417 2270 3512 2325 ap.

1926 2346 2004 2393 tat
2040 2338 2491 2408 circumstantiis,
2516 2340 2932 2412 intelligentiam
2961 2344 3123 2400 habet
3156 2356 3313 2401 artate
3346 2362 3525 2417 sape:

1926 2432 2147 2487 riorem.
2168 2432 2416 2506 Nequam
2449 2449 2579 2491 vero
2608 2433 2952 2505 Theodorus,
3012 2440 3295 2507 pecuniam
3354 2444 3511 2498 nobis

1924 2522 2221 2594 pollicitus,
2263 2538 2293 2577 a
2342 2537 2504 2594 pacto
2535 2528 2760 2582 recessit
2790 2544 2805 2582 :
2830 2542 2951 2581 eum
3005 2528 3190 2583 forsan
3224 2533 3508 2599 pmttituis~

1923 2624 2010 2670 set
2041 2618 2086 2671 si
2119 2615 2173 2670 in
2209 2616 2495 2685 promissis
2519 2616 2708 2673 fuisset
2740 2620 3010 2675 veridieus
3039 2630 3093 2676 et
3141 2623 3285 2677 dicta
3327 2625 3392 2677 ad
3415 2628 3502 2679 el-

1924 2705 2131 2763 fectum
2156 2707 2423 2764 duxisset.

2529 2800 2591 2857 L.
2636 2799 2914 2858 EISDEM.

1994 2891 2206 2949 Rursus
2224 2907 2363 2948 nova
2399 2893 2554 2947 vobis
2597 2895 2848 2964 epistola,
2898 2912 3091 2953 rursus
3142 2898 3287 2955 aliud
3335 2916 3504 2972 uego-

233 2986 394 3039 ἔοικα
423 2986 533 3059 γάρ
564 3004 668 3041 που
697 2985 794 3040 τοῦ
842 2987 1016 3041 αἰτεῖν
1066 2987 1141 3057 μὴ
1182 2986 1325 3058 τάχα
1362 2987 1565 3059 μέτρον
1592 2989 1814 3057 εἰδέναι,

1929 2994 2061 3039 ιιιιηι
2095 3001 2110 3037 :
2146 2985 2365 3038 videtur
2401 2998 2485 3037 me
2516 2985 2779 3053 precibus
2804 2985 3021 3039 modunt
3080 2986 3357 3055 imponere
3380 3005 3507 3043 nes-

228 3078 372 3132 ἀλλά
412 3077 635 3148 φθάνειν
662 3078 749 3132 ἀεὶ
776 3080 891 3142 τοῖς
912 3078 1190 3149 δευτέροις
1217 3080 1286 3132 τὰ
1311 3079 1678 3150 προλαϐόντα,
1720 3098 1817 3150 γε·

229 3170 333 3241 λᾷν
350 3186 413 3222 τε
436 3169 701 3240 ἀλλήλους
727 3169 819 3222 καὶ
843 3167 1047 3238 λέγειν,
1101 3168 1177 3231 ὡς
1212 3170 1460 3240 κρεῖττον
1492 3165 1560 3241 ἦν
1597 3170 1821 3225 σιωπῶν

231 3264 265 3334 ἢ
299 3265 528 3326 πυκνοῖς
560 3262 768 3333 βάλλων
804 3264 915 3326 τοῖς
956 3261 1284 3334 γράμμασιν
1305 3277 1319 3291 ·
1352 3262 1469 3316 ἀλλ’
1521 3263 1672 3333 ὅμως
1712 3264 1820 3319 κᾶν

228 3356 521 3429 διατριϐὴν
572 3357 703 3428 ὑμῖν
760 3356 986 3428 παρέχω
1038 3356 1135 3409 καὶ
1182 3356 1415 3426 γέλωτα,
1463 3359 1675 3431 σιωπᾷν
1720 3358 1822 3413 οὐκ

231 3447 527 3518 ἀνέξομαι·
569 3446 647 3512 ὡς
676 3446 744 3503 ἂν
772 3447 933 3519 ὑμεῖς
953 3444 1161 3501 εἴποιτε
1194 3447 1388 3520 τέχνης
1427 3447 1515 3502 ἀεὶ
1541 3448 1600 3502 τὸ
1639 3448 1819 3503 λαλεῖν

231 3540 391 3612 παρὰ
421 3538 521 3610 τῆς
535 3540 730 3611 τέχνης
751 3538 958 3593 λαλῶνο
989 3539 1086 3593 καὶ
1111 3538 1284 3593 ταῦτά
1307 3556 1390 3593 σοι
1418 3540 1534 3594 νυνὶ
1561 3540 1822 3611 πράγμα-

230 3652 323 3700 τος
357 3637 440 3700 είς
461 3636 735 3707 ἡμετέραν
758 3634 948 3707 χρείαν
978 3634 1216 3708 ὁρῶντος
1236 3649 1251 3665 ο
1282 3636 1329 3689 οί
1362 3636 1472 3707 γὰρ
1514 3634 1646 3707 παρ’
1684 3637 1819 3706 ἡμῖν

231 3726 462 3797 λογάδες
503 3728 817 3799 ψηφίσματι
873 3727 1040 3800 κοινῴ
1093 3728 1193 3798 τὴν
1249 3729 1516 3800 μεγίστην
1574 3728 1819 3795 ἀξιοῦσιν

230 3820 432 3893 ἀρχὴν,
465 3820 649 3893 ῥᾴδιον
695 3819 976 3875 ἐπινεῦσαι
1033 3823 1291 3893 πρᾶγμα,
1329 3821 1512 3874 πλεῖον
1543 3822 1605 3875 τὸ
1664 3840 1819 3893 σιτη-

234 3914 416 3986 ρέσιόν
469 3930 562 3984 μοι
610 3913 918 3985 χορηγῆσαι
974 3912 1306 3986 δυνάμενον·
1354 3914 1566 3969 αἰτοῦσι
1603 3914 1661 3968 δὲ
1723 3917 1818 3969 καὶ

231 4007 473 4070 παλαιάς
496 4005 779 4073 συντάξεις
814 4005 1184 4079 βεδαιωθῆναι
1221 4010 1333 4072 τοῖς
1385 4007 1815 4079 διαδεξαμένοις,

230 4104 325 4157 καὶ
351 4102 520 4174 ψιλὴν
553 4102 867 4174 μεταθεῖναι
890 4101 1266 4175 προσηγορίαν
1287 4119 1304 4135 ο
1338 4101 1511 4157 ταῦτα
1551 4104 1650 4173 τὴν
1681 4103 1816 4169 ὁμε-

228 4196 402 4267 τέραν
437 4192 699 4264 ἀναμένει
721 4191 962 4263 σπουδήν
981 4207 997 4222 ⁸
1027 4191 1201 4246 ταῦτα
1220 4193 1358 4265 πρὸς
1373 4192 1549 4265 πέρας
1573 4191 1820 4264 ἐνεγκόν-

227 4304 342 4353 τες,
372 4286 543 4357 κάμοὶ
569 4283 851 4357 χαριεῖσθε
909 4283 1007 4339 καὶ⁵
1058 4287 1173 4349 τοῖς
1226 4285 1518 4357 αἰτήσασιν
1561 4285 1706 4356 ὑμᾶς
1747 4286 1815 4340 δι’

1924 3077 2061 3141 cire,
2106 3079 2201 3131 sed
2234 3076 2534 3146 praevenire
2565 3091 2780 3147 semper
2834 3077 3229 3146 posterioribus
3261 3080 3506 3148 priores;

1922 3183 1986 3223 ac
2018 3168 2374 3237 probabiliter
2401 3168 2544 3222 inter
2567 3183 2661 3223 vos
2680 3168 2871 3223 ridetis
2905 3168 3146 3223 dicentes
3183 3170 3508 3226 tniltisatius

1922 3278 2045 3319 esse
2068 3263 2230 3319 silere
2269 3278 2430 3332 quam
2456 3262 2668 3317 crebris
2710 3262 2967 3332 persequi
3000 3277 3095 3317 vos
3116 3262 3338 3318 litteris.
3401 3262 3509 3319 Ve-

1924 3368 2252 3423 rumtamen,
2280 3357 2493 3411 etiamsi
2530 3356 2805 3410 fastidium
2865 3355 3019 3411 vobis
3059 3366 3311 3425 praestem
3345 3366 3401 3413 et
3433 3359 3509 3412 ri-
3588 3424 3601 3429 λ

1922 3464 2042 3505 sum
2087 3459 2271 3503 tacere
2300 3463 2406 3502 non
2455 3457 2667 3517 potero,
2726 3455 2983 3517 tanquam
3034 3447 3077 3502 si
3127 3447 3323 3503 dicatis
3372 3451 3508 3505 artis

1920 3556 2039 3598 esse
2064 3556 2281 3613 semper
2313 3540 2458 3611 loqui
2508 3548 2661 3595 extra
2712 3550 2884 3595 artem
2924 3537 3157 3609 loquens
3189 3550 3244 3595 et
3285 3540 3503 3610 quidem

1928 3632 2111 3704 agitur
2140 3647 2285 3687 nunc
2320 3634 2387 3687 de
2442 3645 2502 3685 re
2541 3632 2607 3685 ad
2646 3644 2821 3684 meam
2856 3629 3144 3684 utilitatem
3196 3642 3503 3701 speetante.

1921 3724 2136 3781 Etenim
2175 3725 2275 3779 viri
2311 3724 2452 3794 apud
2484 3738 2583 3778 nos
2612 3722 2769 3779 electi
2817 3723 3091 3778 communi
3152 3740 3236 3777 me
3282 3727 3506 3780 decreto

1921 3834 2170 3890 suprema
2202 3820 2497 3889 dignantur
2522 3816 2887 3872 auctoritate:
2912 3815 3067 3884 cuius
3091 3816 3310 3886 quidem
3338 3832 3500 3872 exer-

1920 3914 2106 3968 citium
2143 3912 2299 3967 facile
2334 3920 2441 3975 est,
2470 3926 2535 3966 ac
2560 3911 2838 3966 meliorem
2898 3910 3030 3964 mihi
3074 3911 3275 3966 victum
3327 3921 3505 3981 potest

1919 4005 2296 4075 suppeditare;
2330 4011 2524 4072 rogant
2549 4018 2679 4058 vero
2721 4002 2978 4071 antiquas
3024 4001 3335 4060 confirmari
3371 4017 3505 4073 pen-

1918 4095 2100 4152 siones
2138 4096 2203 4150 iis
2223 4096 2315 4165 qui
2339 4103 2682 4163 receperunt,
2711 4103 2766 4148 et
2797 4093 3101 4165 simplicius
3154 4095 3347 4148 mutari
3400 4110 3501 4149 no-

1922 4201 2065 4243 men.
2109 4183 2163 4240 ld
2190 4196 2420 4241 vestram
2456 4194 2643 4240 manet
2684 4199 2918 4240 curam:
2951 4185 3054 4239 hoc
3097 4185 3371 4256 negotium
3434 4187 3501 4239 ad

1920 4277 2082 4333 tinem
2107 4272 2392 4343 ducentes,
2444 4285 2761 4347 pergratum
2792 4275 3005 4332 facietis
3044 4287 3100 4332 et
3146 4277 3279 4333 mihi
3315 4286 3369 4334 et
3396 4278 3501 4334 illis

231 4376 371 4449 ἐμοῦ
392 4391 409 4408 ο
443 4379 494 4432 εί
521 4376 580 4431 δὲ
607 4375 785 4432 ταῦτα
815 4375 1118 4451 παρίδοιτε,
1162 4375 1328 4431 διπλᾶ
1383 4394 1474 4447 μοι
1525 4377 1815 4449 συμϐαίνει

1924 4372 2012 4441 qui
2055 4385 2152 4441 per
2181 4386 2271 4426 me
2295 4369 2617 4426 sollicitant.
2666 4369 2722 4423 Si
2759 4384 2890 4426 vero
2942 4369 3251 4440 negligatis,
3302 4371 3500 4442 duplex

231 4466 450 4535 παθεῖν,
509 4465 605 4522 καὶ
634 4465 697 4520 τὸ
748 4465 824 4539 μὴ
859 4469 1042 4537 τυχεῖν
1076 4465 1179 4537 τῆς
1216 4466 1453 4532 ἐλπίδος,
1507 4467 1603 4521 καὶ
1650 4468 1714 4521 τὺ
1744 4469 1814 4523 δι’

228 4560 388 4631 ὑμῶν
420 4558 497 4631 μὴ
526 4562 708 4631 τυχεῖν
729 4574 744 4591 ο
775 4553 851 4614 ὧν
882 4558 944 4613 τὸ
976 4558 1076 4629 μὲν
1113 4559 1399 4629 αἰσχύνην,
1435 4561 1496 4613 τὸ
1526 4559 1584 4613 δὲ
1611 4560 1816 4633 ζημίαν

228 4652 557 4724 ἐργάζεταιο
588 4650 704 4706 ἀλλ’
733 4651 1105 4722 εὐτυχήσομεν
1134 4652 1369 4717 πάντως,
1389 4651 1524 4707 Θεοῦ
1550 4653 1650 4724 μὲν
1678 4654 1815 4709 ἀνω·

231 4746 322 4801 θεν
341 4745 711 4812 ὲπινεύοντος,
741 4745 896 4816 ὑμῶν
916 4745 973 4799 δὲ
997 4744 1388 4799 διακονούντων
1414 4749 1481 4819 τῇ
1510 4747 1691 4819 χρείᾳ,
1712 4748 1819 4821 ψη-

228 4838 534 4912 φιζομένης
562 4838 619 4892 δὲ
644 4838 743 4910 τῆς
784 4837 1048 4909 μεγίστης
1074 4838 1272 4908 ἀρχῆς.

674 5017 809 5074 ΝΑ’.
853 5017 1010 5070 ἸῸΙΣ
1041 5016 1313 5069 ΔΥΤΟΙΣ.

295 5112 569 5167 Τοσοῦτον
598 5112 746 5181 ἡμᾶς
775 5110 837 5163 τὸ
865 5114 1028 5179 τάχος
1050 5108 1360 5180 κατέπληξε
1384 5109 1483 5179 τῆς
1540 5109 1812 5182 ὑμετέρας

230 5210 495 5282 σπουδῆς,
544 5209 620 5273 ὼς
660 5209 758 5272 τὰς
788 5208 1000 5280 ἡμέρας
1038 5206 1296 5277 ἀριθμεῖν
1340 5206 1398 5271 ἐξ
1422 5197 1483 5259 οὗ
1514 5206 1813 5277 πεπόμφα-

230 5323 329 5376 μεν
361 5304 434 5357 τὰ
466 5302 817 5373 ψηφίσματα,
852 5301 944 5354 καὶ
982 5300 1180 5370 μικροῦ
1210 5298 1319 5352 δεῖν
1353 5300 1499 5370 ὑμᾶς
1544 5298 1813 5362 νικῶντας

226 5397 315 5450 τὸν
355 5396 548 5466 χρόνον
579 5393 760 5462 εὑρεῖν
783 5406 798 5422 ⁸
847 5390 1103 5445 τοσοῦτόν
1132 5391 1280 5445 ἐστιν
1316 5390 1538 5459 ἀγαθῶν
1567 5390 1812 5460 ἀδελφῶν

227 5485 623 5561 περιάχθεσθαι
654 5485 882 5556 σπουδῇ,
932 5482 1124 5555 κέρδος
1185 5484 1507 5555 ἡγουμένων
1564 5484 1710 5553 ἆπερ
1745 5484 1811 5540 ἂν

229 5582 484 5655 ἀλλήλοις
502 5580 640 5653 πρὸς
660 5577 928 5651 εὐθυμίαν
953 5577 1284 5649 πορίσωνται
1308 5593 1323 5609 ⁸
1357 5576 1419 5629 τὸ
1443 5576 1499 5629 δὲ
1529 5576 1626 5630 καὶ
1652 5577 1811 5647 νικῆ-

230 5693 321 5730 σαι
341 5674 452 5729 τῶν
473 5672 809 5745 αἱτηθέντων
831 5671 929 5742 τὴν
943 5672 1156 5742 χρείαν,
1196 5671 1288 5724 καὶ
1315 5669 1486 5723 πλείω
1506 5671 1811 5741 παρασχεῖν

1919 4463 2095 4535 patiar
2130 4462 2567 4532 malum,nempe
2604 4462 2749 4532 quod
2803 4476 2899 4532 spe
2946 4461 3238 4518 frustratus
3268 4462 3399 4527 sim,
3445 4473 3501 4518 et

1916 4555 2058 4626 quod
2089 4554 2190 4609 sim
2212 4567 2309 4624 per
2328 4568 2423 4609 vos
2454 4550 2750 4609 frustratus
2781 4567 2794 4603 :
2827 4568 3062 4622 quorum
3130 4554 3280 4623 prius
3329 4556 3501 4625 pudo-

1918 4664 2057 4715 rem,
2086 4646 2357 4717 posterius
2377 4644 2780 4701 incommodum
2802 4646 2932 4699 mihi
2954 4642 3227 4702 allerretis
3252 4647 3346 4702 sed
3378 4647 3500 4703 feli-

1917 4756 2008 4797 ces
2034 4739 2255 4794 omnino
2278 4739 2482 4793 erimus
2504 4778 2521 4801 ,
2590 4739 2700 4793 Deo
2763 4738 2979 4793 cmlitus
3007 4747 3300 4805 annuente,
3348 4740 3501 4793 vobis

1916 4831 2136 4889 utilitati
2167 4831 2567 4898 servientibus,
2616 4840 2672 4885 et
2707 4831 2931 4886 decreta
2978 4830 3113 4886 mihi
3147 4845 3358 4886 summa
3404 4844 3501 4899 po-

1917 4933 2130 4982 testate.

2524 5017 2610 5072 LI.
2646 5015 2927 5072 EISDEM.

1985 5114 2219 5171 Tantam
2250 5112 2407 5167 nobis
2428 5108 2683 5164 celeritas
2706 5108 2875 5161 vestri
2921 5105 3088 5160 studii
3117 5104 3286 5159 movit
3329 5105 3501 5160 admi-

1918 5210 2213 5271 rationem,
2252 5215 2307 5260 ut
2329 5205 2443 5259 dies
2473 5218 2825 5257 numeremus
2844 5215 2905 5253 ex
2929 5214 3036 5268 quo
3060 5198 3313 5268 suilragia
3344 5201 3499 5254 misi-

1914 5318 2054 5367 mus,
2105 5316 2166 5356 ae
2204 5310 2413 5354 tantum
2460 5312 2565 5351 non
2620 5295 2960 5351 inveniamus
3011 5305 3106 5344 vos
3152 5298 3365 5359 tempus
3423 5294 3501 5345 vi-

1912 5393 2054 5449 cisse
2083 5410 2095 5446 :
2129 5405 2304 5461 usque
2352 5389 2488 5444 adeo
2520 5385 2893 5442 sollicitudine
2948 5381 3087 5437 allici
3119 5390 3203 5436 est
3233 5382 3499 5437 bonorutu

1912 5486 2243 5541 amicorum!
2293 5483 2504 5552 Quippe
2563 5481 2653 5551 qui
2711 5481 2921 5533 lucrttm
2973 5477 3177 5533 habent
3237 5476 3499 5548 quidquid

1912 5580 2015 5637 sibi
2052 5580 2284 5635 invicem
2332 5576 2595 5632 benevole
2643 5573 2969 5644 largiuntur.
3024 5569 3262 5625 Vincere
3318 5578 3497 5624 autem

1913 5670 2190 5728 concessis
2226 5669 2416 5741 petita,
2479 5678 2534 5724 et
2563 5667 2683 5738 plus
2706 5675 2967 5735 praestare
2997 5678 3161 5736 quam
3182 5661 3351 5719 voluit
3372 5677 3497 5729 pos-
