4046 6386
537 255 684 326 2759

1844 238 2202 309 PROCOPII
2229 246 2474 308 GAZIEI

3680 232 3828 298 2700

545 371 748 437 tulans,
781 379 1041 442 quantam
1071 365 1315 423 ostendit
1370 359 1792 434 benignitatem!
1840 359 1983 431 Ergo
2029 372 2129 414 ne-
2161 409 2163 415 .

2264 393 2268 430 ι
2306 359 2336 412 ό
2362 357 2597 429 αἰτήσας
2629 355 2914 428 ἠϐούλετο,
2947 355 3124 426 πόσην
3163 353 3263 408 οὐκ
3291 350 3552 423 ἐμφαίνει
3596 348 3706 422 τὴν
3735 347 3828 401 εὖ-

543 483 650 540 que
693 441 811 521 vos,
845 458 1109 519 desinatis
1163 457 1288 514 talia
1342 454 1545 524 facere,
1603 467 1784 526 neque
1817 467 1916 510 nos
1957 452 2024 510 de
2062 451 2134 506 iis

2265 468 2381 505 οιαν
2403 466 2419 518 ;
2465 451 2594 522 μήτ’
2615 445 2711 504 οῦν
2737 449 2897 522 ὑμεῖς
2921 447 3208 520 παύσησθε
3257 444 3488 504 τοιαῦτα
3515 441 3830 505 ποιοῦντες,

544 559 775 615 multum
809 555 1056 629 gloriari.

1047 643 1154 701 LII.
1193 637 1627 698 IIIERONYMO.

616 745 722 813 Tu,
788 742 1017 815 Optime,
1049 755 1079 794 a
1115 737 1276 794 nobis
1322 735 1624 808 profectus,
1695 731 1844 805 prior
1889 728 2130 787 debuisti
2211 780 2214 784 ,

546 837 706 892 nobis
729 835 990 898 scribere,
1031 838 1087 884 et
1113 827 1314 884 docere
1332 841 1430 884 nos
1447 825 1590 882 scire
1623 823 1909 894 cupientes
1933 837 2002 875 au
2031 820 2130 876 la:-

555 940 646 984 tus
671 927 766 983 tibi
809 924 972 980 fuerit
1001 919 1308 992 Neptunus,
1351 928 1406 976 et
1431 917 1553 974 navi
1584 928 1689 971 tua:
1722 930 1874 972 mare
1926 926 2135 970 strave-

2235 545 2376 618 μήτε
2409 543 2555 618 μέγα
2587 544 2804 617 φρονῶν
2836 543 2929 618 ἐπὶ
2958 541 3172 606 τούτοις
3199 539 3331 610 ἐγώ.

2650 696 2654 700 ,
2751 637 2880 692 NB'.
2927 635 3313 706 tEPnNmo.

2302 731 2371 786 Σέ
2395 731 2518 804 μέν,
2548 717 2594 785 ὦ
2621 730 2892 801 βέλτιστε,
2924 729 3015 784 τὸν
3037 727 3096 797 ἐξ
3123 722 3284 799 ήμῶν
3305 728 3599 800 ἁπάραντα
3626 729 3837 803 κατάρ-

2238 843 2356 898 χειν
2386 824 2495 878 έδει
2535 824 2901 896 γραμμάτων,
2931 821 3028 877 καὶ
3058 822 3334 896 διδάσκειν
3365 823 3566 877 εἰδέναι
3597 821 3836 876 ποθοῦν.

2235 936 2356 983 τας,
2393 917 2447 971 εἴ
2478 935 2561 970 σοι
2585 916 2810 987 γέγονεν
2847 916 3086 987 εὐμενὴς
3117 916 3146 968 ὁ
3176 915 3469 982 Ποσειδὼν,
3498 916 3597 969 καὶ
3624 918 3699 986 τῇ
3747 913 3836 986 νηῒ

550 1024 640 1089 rit,
670 1039 737 1076 an
766 1018 1112 1076 Alexandria:
1139 1016 1402 1086 prospere
1433 1027 1492 1066 se
1513 1027 1600 1067 res
1620 1009 1927 1071 habuerint,
1959 1023 2026 1061 an
2053 1007 2135 1061 in-

2269 1013 2336 1085 ὴν
2389 1013 2661 1066 θάλατταν
2718 1010 3113 1082 ὑπεστόρεσεν·
3164 1010 3214 1062 εί
3246 990 3315 1063 τὰ
3371 1009 3517 1063 κατὰ
3549 1009 3650 1079 τὴν
3683 1006 3840 1061 Ἀλει-

547 1107 961 1184 gcntcmNilum
991 1106 1222 1164 feliciter
1251 1103 1568 1169 transieris,
1612 1116 1680 1156 an
1713 1099 1906 1156 ﬂoride
1949 1098 2004 1153 in
2040 1107 2130 1152 tua

550 1203 844 1261 residentis
882 1213 933 1256 te
957 1201 1179 1266 habeas,
1223 1213 1291 1252 an
1329 1197 1605 1266 supersint
1637 1208 1980 1249 nummorum
2018 1208 2136 1262 my-

554 1298 755 1363 riades,
792 1314 859 1349 an
889 1296 1086 1350 domus
1123 1303 1211 1347 tua
1263 1284 1604 1362 {Egyptiacis
1632 1289 1871 1342 abundet
1899 1288 2137 1344 muneri-

557 1392 682 1446 bus.
708 1389 833 1444 llazc
860 1386 1100 1442 scribere
1123 1384 1376 1448 debuisti,
1405 1399 1470 1437 ac
1488 1382 1753 1453 promissa
1772 1379 1998 1451 implere
2023 1379 2140 1450 qni-

555 1484 656 1538 bus
705 1482 999 1537 missurum
1026 1490 1077 1535 te
1097 1473 1355 1550 epistolas
1385 1485 1440 1531 et
1466 1478 1673 1530 amicos
1696 1490 1970 1544 nunquam
1994 1474 2138 1529 obli-

555 1587 736 1632 turum
779 1571 1146 1646 pollicebaris.
1193 1569 1274 1625 Tu
1312 1585 1442 1624 vero
1493 1584 1580 1623 me
1605 1568 1771 1624 etiam
1807 1567 2138 1623 scribentem

556 1669 816 1738 despicis,
858 1666 1158 1736 dedignans
1184 1663 1320 1717 meis
1348 1663 1684 1732 respondere
1731 1662 2001 1732 epistolis,
2055 1673 2140 1717 et.

570 1763 715 1818 enim
745 1760 854 1830 jam
880 1757 1173 1814 secundam
1201 1755 1295 1809 tibi
1318 1755 1493 1808 mitto.
1519 1754 1766 1809 Siadhuc
1789 1754 1996 1820 silebis,
2028 1753 2141 1810 for-

562 1859 705 1912 sitan
763 1854 981 1909 tertiam
1011 1851 1188 1904 adhuc
1214 1851 1519 1914 mittemus,
1572 1848 1745 1904 donec
1785 1858 1836 1903 te
1870 1847 2144 1905 factorum

561 1949 784 2020 pudeat,
811 1956 1068 2014 tuamque
1090 1941 1328 2014 linguam
1352 1942 1569 1996 tandem
1593 1939 1892 1998 solvamus.

1096 2121 1234 2179 LIII.
1261 2119 1614 2178 AGAPETO.

632 2214 853 2272 Peritus
886 2225 1017 2284 ergo
1051 2226 1113 2268 es
1144 2211 1552 2267 accusationem
1581 2210 1919 2282 subripiendi
1966 2229 2150 2286 spera-

577 2321 710 2374 tam,
749 2320 804 2362 et
831 2306 882 2361 iu
909 2305 1047 2360 alios
1092 2301 1715 2372 retorquendi‘crimina
1749 2319 1869 2374 qua:
1891 2305 2028 2361 alius
2054 2306 2151 2362 tibi

543 2381 710 2474 .juste
734 2399 1084 2456 intendisset.
1111 2393 1246 2450 Nam
1266 2395 1393 2451 olim
1415 2395 1700 2452 habitabas
1726 2396 2150 2454 Alexandriam:

568 2497 673 2552 hac
693 2508 824 2549 vero
858 2492 1046 2547 relicta
1086 2489 1307 2555 sllebas,
1327 2499 1382 2544 et
1411 2504 1508 2560 pro
1535 2498 1622 2544 tua
1647 2499 1799 2560 parte
1825 2500 1970 2546 tuam
1989 2492 2153 2548 etiam

572 2589 791 2645 celabas
815 2587 1186 2659 praesentiam.
1223 2583 1330 2639 Sed
1364 2583 1598 2640 feliciter
1646 2583 1813 2651 fama,
1870 2601 1990 2655 qua:
2019 2585 2156 2641 nihil

571 2681 774 2738 bonum
809 2679 980 2734 latere
997 2677 1147 2744 sinit,
1181 2685 1236 2731 et
1272 2676 1469 2730 mirum
1502 2677 1770 2733 habebam
1797 2692 1896 2732 cur
1937 2678 2154 2734 sileres.

572 2775 630 2831 Si
651 2776 718 2830 ad
743 2775 846 2829 rite
869 2771 1272 2827 observandum
1313 2784 1533 2825 sacrum
1570 2769 1699 2825 illud
1738 2769 2061 2843 Pythagorae
2084 2773 2160 2827 si-

570 2871 797 2927 lentium
833 2886 849 2924 :
883 2876 960 2933 at,
999 2866 1341 2937 inquiebam,
1371 2861 1610 2921 rhetoris
1642 2880 1747 2920 non
1781 2877 1864 2921 est
1891 2866 2078 2923 silere.
2100 2867 2158 2923 Si

570 2975 705 3021 vero
746 2973 950 3019 terram
1007 2978 1129 3034 quae
1157 2971 1209 3019 te
1234 2970 1553 3032 receperat,
1604 2971 1861 3035 tanquam
1895 2964 1998 3018 diis
2022 2964 2157 3018 invi-

2239 1109 2464 1180 ξάνδρου
2494 1106 2720 1176 γέγονεν
2751 1105 2959 1176 εὐμενῆ
2987 1120 3001 1134 ⁶
3054 1105 3103 1158 εί
3130 1103 3223 1158 τὸν
3255 1103 3424 1158 πολὺν
3471 1104 3672 1157 Νεῖλον
3730 1105 3829 1158 ἀν-

2239 1201 2512 1264 έπλευσας
2536 1199 2811 1270 εὐτυχῶς·
2853 1199 2902 1251 εἰ
2928 1197 2999 1251 τὰ
3023 1191 3121 1268 τῆς
3151 1197 3439 1268 διατριϐῆς
3455 1196 3659 1267 εὐθαλῆ
3684 1211 3702 1226 ο
3746 1197 3842 1249 καί

2241 1312 2323 1346 σοι
2346 1293 2533 1346 λοιπὸν
2564 1294 2623 1345 ἐν
2655 1291 2884 1362 μυριάσι
2901 1289 2963 1343 τὺ
2988 1290 3251 1360 νόμισμα,
3280 1289 3486 1343 καὶτὸν
3510 1284 3665 1344 οἶκον
3689 1286 3841 1358 ἔχεις

2239 1383 2560 1454 Αἰγυπτίοις
2597 1381 2871 1455 πλήθοντα
2901 1382 3097 1455 δώροις
3119 1399 3135 1413 ⁶
3171 1383 3344 1438 ταῦτα.
3370 1382 3603 1453 γράφειν
3635 1383 3832 1453 ἐχρῆν,

2239 1478 2338 1532 καὶ
2376 1477 2480 1541 τὰς
2499 1477 2828 1547 ὑποσχέσεις
2857 1475 3122 1547 πληροῦν,
3145 1475 3203 1528 ἐν
3231 1471 3320 1537 αἷς
3343 1475 3538 1528 πολλαὶ
3567 1473 3676 1544 μὲν
3710 1475 3836 1527 ἐπι-

2243 1568 2600 1642 στολαὶ,λήθη
2633 1569 2689 1624 δὲ
2715 1569 2824 1624 τῶν
2855 1568 3026 1640 φίλων
3053 1563 3234 1639 ούκῆν
3254 1582 3269 1597 ⁸
3300 1568 3364 1620 σὺ
3383 1563 3441 1620 δὲ
3463 1567 3559 1621 καὶ
3579 1565 3839 1620 ἐπιστέλ-

2244 1663 2429 1726 λοντος
2467 1664 2736 1734 παρορᾷς,
2770 1662 2870 1716 οὐκ
2899 1661 3098 1715 ἐθέλων
3126 1660 3454 1731 ἀμείϐεσθαι
3504 1659 3834 1731 γράμμασιο

2247 1754 2537 1828 τοιγαροῦν
2582 1755 2680 1827 ήδη
2709 1756 2806 1809 καλ⁸
2834 1755 3097 1827 δευτέραν
3132 1754 3424 1810 ἐπέστειλα
3447 1769 3462 1785 ο
3503 1751 3609 1807 κᾶν
3637 1751 3725 1806 ἔτι
3760 1767 3842 1804 at-

2247 1849 2444 1921 γήσῃς,
2498 1846 2638 1918 τάχα
2690 1847 2786 1901 καὶ
2837 1847 3032 1918 τρίτην
3077 1846 3486 1918 προσθήσομεν,
3515 1844 3622 1908 ἕως
3665 1843 3731 1898 σέ
3759 1859 3841 1905 τις

2248 1939 2540 2012 ἐπεισέλθῃ
2568 1939 2677 1993 τῶν
2699 1939 2996 2012 δρωμένων
3051 1939 3238 2006 αἰδὼς,
3267 1937 3364 1994 καὶ
3393 1937 3493 2008 τὴν
3524 1937 3626 2009 σήν
3653 1934 3840 2005 φωνὴν

2249 2035 2624 2106 εὐτυχήσομεν

2793 2127 2922 2182 Nl".
2956 2119 3304 2198 ΑΓΑΠΙΙΤῼ.

2323 2210 2508 2286 Δεινός
2537 2215 2647 2292 ἄρα
2672 2238 2758 2283 τις
2785 2216 2950 2293 ἦσθα,
3011 2220 3349 2291 κατηγορίαν
3380 2217 3732 2290 ὑφαρπάζειν
3757 2218 3830 2273 ἐλι

2253 2317 2578 2388 πιζομένην,
2615 2317 2710 2371 καὶ
2753 2315 2928 2371 ταῦτα
2954 2315 3252 2386 προφέρειν
3275 2315 3386 2379 τοῖς
3414 2314 3622 2377 ἄλλοις,
3667 2308 3752 2378 οἷς
3779 2315 3844 2369 ἄν

2254 2426 2338 2471 τις
2367 2407 2591 2471 δικαίως
2617 2407 2892 2478 ἐχρήσατο
2914 2406 3056 2460 κατὰ
3079 2405 3172 2460 σοῦ
3193 2422 3208 2437 ⁸
3243 2405 3410 2460 πάλαι
3443 2405 3543 2475 μὲν
3565 2406 3678 2474 γὰρ
3698 2401 3845 2475 εἶχες

2255 2499 2355 2572 τὴν
2376 2499 2754 2570 Ἀλεξάνδρου,
2779 2498 2876 2553 καὶ
2899 2497 3106 2568 ταύτην
3152 2497 3440 2552 ἀπολιπὼν
3491 2497 3710 2565 ἐσίγας,
3747 2498 3842 2551 καὶ

2255 2593 2316 2645 τὸ
2351 2592 2442 2646 σὺν
2475 2592 2641 2664 μέρος
2679 2589 2970 2654 ἐλάνθανες
2999 2591 3096 2643 καὶ
3137 2588 3358 2658 παρών·
3402 2589 3516 2643 ἀλλ’
3546 2589 3608 2644 εὗ
3641 2607 3711 2659 γε
3748 2589 3846 2660 τῆς

2260 2687 2470 2757 φήμης,
2499 2687 2534 2757 ἢ
2563 2683 2676 2738 τῶν
2704 2683 2946 2755 ἀρίστων
2973 2669 3040 2755 ἐᾷ
3093 2682 3377 2736 λανθάνειν
3405 2683 3578 2748 οὐδὲν,
3611 2680 3756 2752 αὕτη
3789 2700 3847 2736 σε

2262 2782 2508 2850 παρόντα
2551 2781 2838 2853 μεμήνυκε
2863 2799 2877 2814 ·
2904 2779 3000 2834 καὶ
3033 2780 3338 2852 θαυμάζειν
3376 2775 3523 2851 εῐχον
3566 2779 3688 2833 ἀνθ’
3726 2782 3848 2833 ὅτου

2260 2875 2325 2945 δὴ
2357 2875 2452 2928 καὶ
2476 2876 2669 2946 σιγᾷς⁹
2706 2874 2755 2927 εί
2790 2873 2887 2944 μὲν
2916 2873 3112 2944 σεμνὸν
3158 2872 3318 2926 τοῦτο
3371 2873 3462 2928 καὶ
3517 2871 3846 2945 Πυθαγόρου

2265 2963 2526 3040 νομίζων,
2558 2967 2673 3021 ἀλλ’
2703 2967 2764 3020 ού
2801 2969 3029 3038 ῥήτορος
3059 2965 3247 3035 ἔλεγον
3277 2967 3310 3036 ή
3367 2966 3493 3037 σιγή
3513 2982 3528 2997 ο
3569 2968 3620 3020 εί
3645 2965 3706 3020 δὲ
3752 2965 3850 3037 τήν

574 3074 692 3114 sam
737 3068 794 3114 et
826 3057 1144 3112 barathrum
1163 3071 1307 3126 :cgre
1352 3056 1654 3126 patereris,
1706 3055 1995 3128 oportebat
2035 3056 2163 3111 sola.

2274 3061 2500 3115 ἑλοῦσαν
2527 3059 2603 3123 ῶς
2630 3059 2770 3123 θεοῖς
2795 3058 2997 3130 ἐχθρὰν
3028 3058 3124 3138 καὶ
3151 3058 3424 3128 βάραθρον
3445 3058 3849 3130 ἐδυσχέραινες,

572 3152 732 3216 tium,
759 3151 828 3206 ab
851 3149 1045 3206 amicis
1077 3160 1285 3220 petere.
1331 3148 1489 3205 Unde
1531 3149 1737 3203 nullum
1791 3164 1858 3203 ex
1912 3150 1994 3204 his
2025 3163 2163 3219 prae-

577 3245 818 3300 textibus
857 3241 1238 3306 admittebam,
1283 3240 1376 3296 sed
1411 3240 1654 3296 dicebam
1681 3242 1862 3311 potius
1891 3249 1942 3295 te
1972 3255 2164 3310 snper-

575 3337 768 3403 biisse,
800 3345 1123 3406 veteresque
1144 3335 1349 3388 amicos
1379 3331 1493 3401 jam
1542 3349 1638 3404 pro
1670 3332 1836 3388 nihilo
1868 3341 2120 3403 reputare
2146 3349 2159 3385 :

575 3444 888 3502 quanquam
936 3428 1210 3500 regionem
1248 3436 1392 3480 tuam
1426 3427 1538 3495 ipse
1593 3425 1926 3491 habitabant,
1975 3439 2039 3480 ac
2064 3440 2163 3495 pa-

581 3539 699 3578 rum
736 3523 927 3576 aberat
967 3521 1096 3589 quin
1126 3518 1351 3573 fratrem
1400 3527 1551 3572 tuum
1599 3519 1777 3573 ridere
1833 3517 2163 3573 nescientem

579 3615 931 3685 paedagogum
976 3609 1254 3666 haberem.
1293 3608 1420 3664 Haec
1447 3623 1657 3663 mecum
1689 3610 2014 3679 recogitans,
2058 3597 2165 3664 non

579 3715 984 3779 exspectassem
1034 3713 1087 3759 te
1145 3718 1325 3758 meum
1389 3703 1568 3760 subito
1625 3701 1738 3758 fore
1769 3711 2166 3758 accusatorem.

585 3799 740 3857 Unde
774 3808 894 3852 tuas
935 3797 1145 3853 litteras
1170 3812 1296 3853 eum
1319 3795 1430 3852 risu
1453 3795 1806 3866 aspiciebatn,
1845 3803 1903 3850 et
1931 3795 2170 3851 mirabar

579 3893 724 3964 quod
752 3891 1025 3946 rhetorica
1049 3898 1252 3944 tantam
1283 3897 1568 3959 prastarct
1618 3889 1937 3958 potentiam,
1998 3897 2056 3941 ut
2104 3886 2169 3942 ad

587 3980 956 4040 defensionem
998 3997 1282 4037 recurrere
1331 3995 1560 4051 cogerer
1596 3996 1697 4049 ego
1721 3981 1811 4051 qui
1841 3979 1970 4035 olitn
2004 3981 2169 4036 verba

588 4089 679 4133 tua
707 4076 1030 4132 criminatus
1053 4090 1224 4131 eram.
1258 4075 1426 4130 Sacra
1489 4075 1591 4132 ista
1649 4077 1943 4146 sapliistica
1987 4091 2053 4131 ne
2087 4077 2172 4129 vi-

591 4168 669 4226 ris
730 4167 954 4238 quidem
1027 4163 1271 4236 ejusdem
1332 4166 1467 4221 artis
1521 4165 1716 4236 parcit,
1791 4164 1883 4220 sed
1947 4181 2042 4221 eos
2102 4167 2169 4220 ad

592 4259 798 4330 glauca:
819 4256 1057 4313 Palladis
1096 4256 1309 4325 urbem,
1344 4265 1402 4313 ut
1427 4258 1600 4325 aiunt,
1635 4255 1856 4327 relegat.
1907 4254 2012 4310 Mei
2042 4272 2172 4326 ergo

2265 3147 2434 3220 ἐχρῆν
2461 3147 2589 3218 περὶ
2609 3147 2718 3200 τῶν
2744 3148 2914 3217 φίλων
2936 3148 3294 3217 παραμυθίαν
3336 3149 3508 3201 αἰτεῖν
3532 3162 3546 3177 ⁶
3575 3147 3704 3203 ὃθεν
3732 3149 3852 3202 τού-

2265 3258 2373 3295 των
2407 3238 2507 3310 μέν
2534 3240 2710 3306 οὐδὲν,
2762 3239 2952 3310 ἔλεγον
3003 3240 3059 3293 δέ
3094 3240 3295 3310 μᾶλλον
3324 3240 3400 3306 ὡς
3451 3241 3622 3305 πολὺς
3652 3242 3847 3315 ἡρθης,

2266 3334 2516 3398 καὶτοὺς
2573 3333 2740 3386 πάλαι
2772 3333 3059 3403 φιλτάτους
3093 3333 3259 3404 λῆρον
3307 3329 3447 3388 εἶναι
3493 3334 3714 3402 δοκεῖςο
3762 3341 3851 3392 καὶ

2265 3427 2441 3480 ταῦτα
2470 3426 2568 3498 τὴν
2611 3426 2838 3480 ἑλοῦσαν
2861 3426 3049 3491 οἰκῶν,
3078 3426 3170 3480 καὶ
3199 3425 3394 3496 μικροῦ
3434 3426 3546 3480 δεῖν
3573 3429 3670 3481 ὑπ’
3696 3429 3849 3483 ἀδελ-

2269 3520 2355 3593 φῷ
2392 3520 2468 3592 μὴ
2494 3521 2723 3590 γελῶντι
2752 3519 3101 3590 παιδαγωγοῦ
3111 3535 3300 3588 μενος·
3328 3519 3501 3574 ταῦτα
3531 3521 3656 3576 κατ’
3680 3522 3850 3592 ἐμαυ-

2267 3615 2359 3670 τὸν
2385 3615 2602 3679 ἐννοῶν,
2634 3615 2734 3668 οὐκ
2783 3613 2849 3668 ἂν
2874 3614 3088 3686 ἡλπικά
3126 3631 3188 3667 σε
3235 3617 3540 3687 κατήγορον
3586 3614 3849 3685 ἐξαίφνης

2273 3708 2434 3762 ἰδεῖν⁸
2463 3707 2588 3761 ὅθεν
2611 3707 2958 3779 προσεγέλων
2989 3707 3058 3760 τὰ
3085 3707 3411 3778 γράμματα,
3442 3708 3537 3762 καὶ
3564 3707 3667 3777 τὴν
3692 3710 3853 3780 ρητοο

2273 3799 2432 3873 ρικὴν
2455 3798 2762 3870 ἐθαύμαζον
2790 3791 3062 3870 τοσαύτην
3087 3798 3429 3871 χορηγοῦσαν
3451 3800 3554 3871 τὴν
3576 3800 3656 3865 ἐξι
3669 3799 3848 3864 υσίαν,

2270 3893 2338 3947 δι’
2369 3893 2438 3964 ἢν
2465 3893 2763 3960 ἀπολογίαν
2793 3891 3040 3964 ἐζήτουν,
3075 3895 3104 3946 ὁ
3142 3892 3310 3946 πάλαι
3340 3892 3590 3964 τῷλόγῳ
3615 3907 3852 3962 κατηγο-

2276 3986 2384 4058 ρῶν
2409 4001 2425 4017 ο
2456 3984 2628 4039 ταῦτα
2654 3985 2754 4055 τῆς
2789 3985 3108 4056 σοφιστικῆς
3136 3984 3202 4038 τὰ
3249 3985 3444 4057 σεμνὰ,
3475 3985 3572 4040 καὶ
3595 3984 3722 4038 οὐδὲ
3745 3983 3852 4038 τῶν

2272 4075 2584 4148 ὁμοτέχνων
2615 4075 2893 4144 ἐφείσατο,
2911 4073 3148 4143 γλαῦκα,
3172 4076 3360 4146 φησὶν,
3388 4066 3653 4147 Ἀθήναζε
3669 4091 3854 4146 παραυ

2275 4166 2599 4235 πέμπουσα·
2639 4165 2690 4217 οἱ
2718 4163 2776 4217 δὲ
2823 4161 2950 4234 ἐμοὶ
2997 4163 3185 4227 παῖδες
3248 4162 3445 4233 (οὕτως
3475 4161 3586 4232 γὰρ
3637 4163 3853 4225 ἐκάλεις

2274 4260 2402 4322 τοὺς
2456 4258 2670 4329 λόγους)
2708 4255 2844 4328 πρὸς
2884 4256 2944 4310 σέ
2999 4257 3190 4328 φοιτᾷν
3228 4256 3546 4329 ἐρυθριῶσι,
3609 4255 3852 4326 ἐλέγχειν

591 4352 685 4408 lilii
742 4349 846 4424 (sic
879 4350 1025 4407 enim
1070 4364 1223 4407 meos
1272 4352 1506 4406 vocabas
1553 4350 1854 4420 sermones)
1902 4351 1970 4408 ad
2006 4361 2057 4405 te
2093 4352 2163 4406 ire

2275 4354 2458 4410 εἰδότα
2496 4353 2592 4408 καὶ
2622 4346 2990 4408 λανθάνουσαν
3023 4351 3324 4424 ἀμορφίαν.

590 4419 869 4534 verentur,
893 4445 984 4515 qui
1018 4443 1127 4500 seis
1147 4443 1312 4498 etiam
1363 4443 1596 4500 latentes
1626 4419 1879 4514 detegere
1922 4442 2169 4501 mendas.
2203 4419 2249 4480 ι)

1087 4533 1225 4603 LIV,
1280 4533 1677 4592 DOIiUTllEO.

664 4628 748 4684 Me
767 4626 878 4698 jam
903 4634 1149 4698 paratum
1185 4627 1376 4696 primm
1410 4637 1513 4682 tua:
1561 4626 1888 4698 respondere
1913 4627 2174 4697 epistolae,

590 4721 704 4790 ipse
733 4717 1041 4788 praevenisti
1085 4716 1381 4772 secundam
1407 4718 1671 4774 mittendo
1700 4735 1714 4772 :
1744 4717 1878 4773 adeo
1937 4719 1990 4772 iu
2046 4719 2177 4788 ipsis

587 4813 756 4869 etiam
809 4811 1008 4867 litteris
1055 4811 1278 4867 vincere
1333 4811 1596 4867 festinas!
1660 4814 1752 4878 At,
1817 4812 2052 4883 inquies,
2077 4828 2179 4869 cur

594 4916 741 4961 tanta
772 4905 964 4960 mora?
993 4905 1103 4960 Cur
1125 4904 1216 4960 illa
1257 4906 1530 4961 scribendi
1557 4905 1778 4960 dilatio!
1843 4905 1960 4960 Non
2001 4915 2178 4976 potest

593 4999 757 5054 homo
781 4996 1046 5068 quidquid
1082 4998 1193 5051 vnlt
1223 4997 1423 5066 facere,
1484 4997 1580 5053 sed
1614 5012 1840 5053 necesse
1869 5006 1956 5052 est
1985 4998 2179 5052 cedere

594 5098 650 5145 ct
706 5090 972 5146 inservire
1041 5089 1263 5145 utilitati
1318 5101 1372 5144 et
1418 5099 1604 5161 patere
1677 5091 2104 5145 circumstantiis
2161 5106 2174 5143 :

593 5199 715 5254 qua
748 5183 965 5253 quidem
1009 5199 1114 5241 non
1149 5185 1281 5240 dant
1322 5185 1580 5255 quidquid
1643 5187 1840 5255 cuique
1899 5184 2049 5250 libet,
2083 5183 2178 5239 sed

595 5275 738 5344 quod
776 5275 842 5330 ad
876 5277 1162 5333 utilitatem
1206 5293 1430 5332 necesse
1465 5287 1549 5332 est
1579 5292 1918 5332 mensurare.
1967 5276 2180 5332 Hacte—

578 5385 700 5443 nus
741 5369 906 5441 igitur
936 5372 1139 5428 invitus
1159 5381 1213 5428 et
1235 5387 1376 5443 aegre
1401 5371 1549 5439 silui,
1606 5389 1726 5428 cum
1761 5372 2062 5441 praesertim
2086 5372 2179 5426 ad-

599 5463 873 5519 mirationi
909 5463 1138 5520 habeam
1184 5475 1333 5520 tuum
1385 5465 1623 5520 studium
1655 5466 1870 5536 quando
1909 5467 2048 5534 apud
2082 5479 2181 5520 nos

597 5571 742 5624 eras,
775 5540 1218 5625 perseverantem
1251 5557 1416 5614 etiam
1434 5567 1556 5627 post
1614 5568 1761 5613 tuum
1793 5558 1995 5613 abitum
2031 5568 2179 5615 tuam

597 5662 728 5717 erga
757 5662 844 5702 me
879 5649 1330 5718 benevolentiam,
1368 5661 1617 5707 exortum
1657 5662 1846 5708 contra
1895 5662 1947 5708 te
1993 5653 2178 5710 odium

598 5752 653 5796 et
707 5739 988 5813 antiquam
1021 5741 1252 5800 fortuna:
1284 5742 1568 5801 malitiam.
1615 5741 1720 5812 Tu,
1776 5745 1920 5802 velut
1960 5746 2180 5818 Sapiens

2831 4530 2954 4584 NA'.
2987 4519 3308 4602 aopoeso.

2350 4623 2488 4697 Ἤδη
2527 4643 2594 4697 με
2636 4624 2898 4697 μέλλοντα
2946 4623 3083 4696 πρὸς
3139 4624 3241 4693 τὴν
3294 4623 3568 4696 προτέραν
3624 4624 3854 4694 γράφειν

2277 4719 2589 4792 ἐπιστολὴν,
2623 4719 2835 4788 φθάσας
2886 4717 3048 4782 αὐτὸς
3087 4719 3183 4771 καὶ
3234 4717 3496 4788 δευτέραν
3540 4717 3850 4787 ἐπέθηκας·

2277 4813 2419 4868 οὓτω
2447 4815 2551 4868 κὰν
2579 4815 2690 4875 τοῖς
2734 4811 3029 4883 γράμμασι
3061 4811 3260 4882 ἐπείγῃ
3290 4812 3471 4883 νικᾷν.
3514 4810 3675 4864 ’Λλλά
3702 4810 3786 4874 τίς
3827 4811 3855 4862 ό

2279 4909 2493 4982 χρόνος,
2519 4909 2685 4980 ἐρεῖς,
2738 4907 2889 4977 καὶὴ
2917 4906 3012 4959 τοῦ
3043 4903 3118 4976 μὴ
3150 4905 3384 4974 γράφειν
3415 4902 3688 4975 ἀναϐολή;
3747 4903 3854 4957 Οὐκ

2279 5004 2426 5056 ἔστιν
2463 5001 2748 5072 ἄνθρωπον
2795 5000 2944 5062 ὅντα,
2999 4999 3260 5070 πράττειν
3305 4999 3405 5052 ὅσα
3457 5014 3542 5061 τις
3587 4997 3852 5067 βούλεται,

2278 5095 2394 5150 ἀλλ’
2429 5096 2646 5165 ἀνάγκη
2681 5092 3020 5166 παρέχεσθαι
3053 5091 3150 5145 καὶ
3173 5089 3446 5143 δουλεύειν
3477 5090 3544 5159 τῇ
3580 5089 3742 5160 χρείᾳ⁵
3769 5090 3857 5142 καὶ

2280 5188 2566 5244 πείθεσθαι
2588 5187 2664 5258 τῷ
2695 5186 2872 5258 καιρῷ
2893 5202 2906 5216 ·
2937 5188 2967 5239 ὁ
2993 5185 3050 5238 δέ
3086 5185 3299 5239 δίδωσιν
3332 5183 3428 5254 οὐχ
3454 5185 3554 5237 ὅσα
3577 5201 3661 5247 τις
3693 5182 3853 5242 θέλει.

2279 5285 2394 5340 ἀλλ’
2414 5285 2517 5338 ὅσα
2539 5281 2676 5353 πρὸς
2704 5279 2802 5351 τὴν
2830 5279 3020 5351 χρείαν
3050 5278 3263 5347 ἀνάγκη
3297 5278 3536 5348 μετρεῖν.
3566 5275 3732 5330 Ταῦτ’
3755 5275 3855 5353 ἄρα

2284 5379 2476 5449 μέχρις
2508 5345 2609 5446 τῆς
2627 5373 2725 5428 νῦν
2928 5373 3052 5443 μὲν,
3335 5371 3380 5426 δ’
3406 5345 3501 5426 οὖν
3532 5371 3679 5440 ὅμως
3708 5345 3863 5441 mea!

2285 5491 2393 5544 μην
2411 5490 2424 5504 ·
2453 5469 2632 5525 καίτοι
2657 5469 2959 5540 θαυμάζειν
2977 5467 3118 5538 ἔχων
3143 5467 3244 5538 τὴν
3265 5467 3354 5520 ὅτε
3381 5467 3510 5538 παρ’
3549 5467 3682 5537 ἡμῖν
3717 5460 3855 5536 ἦσθα

2285 5566 2541 5638 σπουδὴν,
2562 5566 2663 5636 τὴν
2683 5563 2871 5635 ἐπειδὴ
2894 5563 3055 5617 πάλιν
3075 5562 3315 5634 ἀνήχθης
3341 5561 3422 5615 ἔτι
3456 5577 3548 5630 μοι
3578 5559 3854 5628 διαμένου-

2287 5676 2385 5714 σαν
2413 5658 2650 5722 εῠνοιαν,
2692 5654 2783 5710 τὸν
2801 5653 2942 5709 κατὰ
2975 5651 3070 5706 σοῦ
3107 5651 3382 5706 συστάντα
3418 5649 3615 5720 φθόνον
3644 5649 3737 5703 καὶ
3763 5647 3852 5715 τὴν

2285 5746 2454 5802 πάλαι
2482 5747 2580 5818 τῆς
2609 5744 2781 5816 τύχης
2802 5743 3097 5815 ἐπιϐουλήν
3115 5758 3130 5776 ο
3165 5743 3261 5799 καὶ
3285 5742 3362 5807 ὡς
3390 5741 3624 5813 σώφρων
3660 5740 3848 5809 ἀνήγου
