4046 6386
233 366 369 431 2761

1680 347 2095 424 ΕΡΙΞΤΟῙΛΕ.⁸

3344 371 3485 441 2762
3512 419 3516 424 -

233 487 326 536 τἰν
355 481 516 548 λόγον
543 477 850 550 γινόμενος,
883 475 993 538 ,καὶ
1043 477 1109 546 τῇ
1162 474 1292 544 περὶ
1346 471 1521 526 ταῦτα
1575 473 1811 546 φλυαρίᾳ

1916 477 2093 534 factus
2110 478 2326 550 dignius
2347 479 2679 552 loquebaris,
2734 487 2787 535 et
2824 481 2981 551 nugis
3001 481 3146 537 circa
3180 483 3297 541 iure
3329 490 3481 546 vale-

233 573 448 644 χαίρειν
480 568 671 635 εἰπὼν,
697 569 1066 639 αίρησάμενος
1090 568 1202 628 τοῖς
1228 566 1398 620 πᾶσιν
1452 564 1809 620 ἐλαττοῦσθαι

235 665 461 734 uino»),
490 664 580 716 ἵνα
599 659 868 733 κερδάνῃς
903 659 1004 723 τὰς
1048 657 1280 730 μούσαςο
1306 656 1422 710 ἀλλ’
1450 656 1599 709 δναιο
1616 655 1810 710 θᾶττον
1851 683 1855 690 -

230 758 437 826 ἔρωτος
467 751 753 825 μουσικοῦ,
772 751 868 804 καὶ
882 747 1137 803 τοσοῦτον
1155 746 1338 811 λάϐοις
1353 745 1554 800 ὁπόσον
1575 745 1806 807 ἐθέλοις·
1853 829 1856 832 λ

230 849 325 902 καὶ
350 847 529 916 γένοιο
565 845 661 915 τῆς
680 839 1064 912 προλαϐούσης
1099 838 1375 909 διαϐολῆς,
1401 837 1451 889 εί
1475 835 1574 905 μὲν
1602 833 1810 906 ἀληθὴς

227 936 295 1010 ἦν
319 981 334 1004 ,
366 935 840 1008 σωφρονέστερος·
892 935 943 987 εί
982 932 1040 986 δὲ
1093 930 1314 1002 ψευδὴς,
1375 927 1767 999 εὐτυχέστερος
1790 941 1807 958 ο

227 1013 378 1095 and);
408 1031 437 1082 ὁ
463 1030 601 1099 μετὰ
629 1026 804 1081 ταῦτα
834 1023 947 1096 βίος
976 1024 1052 1095 μὴ
1071 1023 1240 1094 ψευδῆ
1271 1019 1530 1104 διαϐολὴν
1555 1017 1809 1088 ὲπιδὲξη-

227 1139 346 1177 ταιο
377 1121 513 1176 ἀλλὰ
549 1118 774 1190 φανείης
807 1117 972 1171 πάλιν
999 1117 1205 1178 ἐκεῖνος
1230 1113 1259 1168 ὁ
1290 1115 1554 1184 πρότερον
1577 1127 1594 1144 ·
1635 1109 1811 1174 οὕτως

225 1219 335 1286 γὰρ
384 1215 452 1270 ἂν
494 1213 811 1285 ἡνωθέντων
843 1209 950 1264 τῶν
993 1209 1182 1282 ἄκρων
1233 1207 1506 1262 διόλλυται
1536 1205 1598 1258 τδ
1642 1202 1809 1276 μέσον

226 1305 478 1377 ἐκατέρῳ
509 1303 664 1376 μέρει
707 1301 1056 1373 βαλλόμενον.

785 1392 915 1447 NE’.
947 1391 1282 1462 ΣΤΕΦΑΝῼ.

300 1491 426 1542 Ἔτι
465 1489 662 1560 σιγᾷς;
691 1486 770 1541 ἔτι
791 1486 898 1538 τῶν
933 1485 1296 1557 ἠμελημένων
1327 1483 1528 1554 ἠμεῖςς
1563 1479 1658 1534 καλ⁵
1700 1477 1806 1549 μὴν

147 1598 153 1604 ·
226 1583 394 1636 πάλαι
427 1599 490 1650 γε
520 1582 740 1644 πυκνοῖς
761 1581 906 1651 ἡμᾶς
927 1561 1070 1650 εἶχἐς
1092 1579 1205 1641 τοῖς
1237 1575 1560 1646 γράμμασιν
1580 1587 1596 1604 ’
1620 1572 1714 1626 καὶ
1737 1567 1807 1642 ἦν

225 1677 444 1749 ἣδιστον
474 1675 534 1727 τὸ
575 1673 761 1742 κτῆμα
809 1668 1182 1740 φθεγγομένου
1240 1666 1502 1728 πολλάκις
1543 1663 1765 1718 ἀκούειν
1789 1675 1802 1690 ·

226 1768 362 1822 ἀλλὰ
379 1765 478 1820 νῦν
507 1763 768 1834 ἐξαίφνης
805 1763 963 1832 σιγᾷς
987 1761 1083 1816 καὶ
1105 1761 1204 1828 τῆς
1228 1753 1800 1830 ἡδονῆςὲστερήμεθα·
1837 1755 1839 1757 ’

224 1859 452 1914 τοιαῦτα
481 1859 591 1914 τῶν
621 1856 875 1928 χρηστῶν
897 1839 1117 1925 βιϐλίων
1138 1853 1432 1928 ἀπήλαυσα
1449 1866 1464 1882 ο
1500 1848 1682 1921 ζητῶν
1701 1845 1832 1916 γὰρ.

225 1949 431 2015 ἐκεῖνα,
465 1948 672 2004 καὶτὸν
696 1948 913 2002 πάντων
941 1963 1030 2016 μοι
1069 1945 1326 2017 φίλτατον
1357 1940 1802 2015 προσαπολέσθαι

223 2044 397 2100 δοκῶ·
429 2044 494 2098 σὺ
519 2043 575 2098 δὲ
605 2043 842 2113 μάλιστα
873 2041 974 2112 μὲν
996 2040 1089 2093 καὶ
1128 2039 1189 2091 τὸ
1223 2035 1428 2109 βιϐλίον
1456 2033 1800 2096 ἀπόστειλον,

226 2137 319 2190 καὶ
354 2136 480 2207 περὶ
513 2135 613 2207 τῆς
647 2134 859 2197 εὐνοίας
894 2131 1167 2202 ἀπολίπῃς
1199 2128 1396 2200 μηδέν·
1434 2129 1483 2181 εί
1513 2125 1571 2180 δὲ
1608 2124 1704 2198 μὴ,
1733 2123 1804 2177 τὰ

224 2227 354 2294 γοῦν
382 2224 558 2299 φίλοις
583 2219 726 2290 εἶναι
749 2223 1080 2294 διαμενὲτω·
1114 2219 1388 2288 δόξω’γὰρ
1433 2217 1577 2271 οὕτω
1606 2232 1805 2269 πεπον-

225 2319 377 2371 θέναι
410 2317 575 2388 μηδὲν
600 2333 613 2349 ·
643 2315 882 2385 δήλωσον
912 2313 970 2368 δέ
1009 2330 1097 2383 μοι
1133 2312 1228 2366 καὶ
1270 2312 1418 2374 ὅπως
1445 2309 1577 2380 ὑμῖν
1611 2305 1723 2378 ἔχει
1743 2305 1805 2358 τὸ

223 2409 664 2482 φροντιστήριοψ
697 2409 790 2464 καὶ
808 2409 856 2462 εί
879 2405 1081 2476 πλῆθος
1099 2405 1372 2476 ὁμιλητων
1399 2420 1482 2456 σοι
1504 2399 1807 2474 περιφράτ-
1834 2452 1841 2458 ,

223 2523 306 2557 τει
336 2504 396 2558 τὸ
430 2503 690 2574 θέατρον·
733 2503 826 2556 καὶ
850 2501 912 2555 τὸ
948 2500 1014 2572 δὴ
1056 2493 1344 2570 μέγιστον,
1373 2496 1421 2550 εί
1453 2493 1671 2564 πλούτῳ
1705 2506 1803 2546 κο-

227 2599 356 2666 μᾷς,
392 2596 485 2650 καί
513 2612 595 2650 σοι
634 2594 821 2650 λοιπὸν
863 2594 944 2658 είς
995 2591 1238 2662 χιλιάδας
1274 2589 1588 2661 ἀριθμεῖται
1616 2586 1676 2640 τὸ
1713 2585 1800 2638 νό-

228 2695 431 2760 pupa.
455 2693 463 2703 '

387 2773 390 2775 ‘
757 2775 902 2844 Nq'.
952 2775 1224 2847 ΣΑΒΙΝῼ.
1309 2791 1314 2796 ε

301 2870 366 2926 El
401 2871 513 2935 τοῖς
535 2871 733 2942 ἐρῶσιν
757 2865 940 2941 ήμέρα
973 2869 1070 2938 μία
1101 2866 1240 2939 πρὸς
1269 2865 1447 2937 γῆρας
1478 2864 1659 2936 ἀρκεῖ,
1701 2862 1804 2917 οὐκ

226 2965 296 3019 ἂν
335 2963 560 3034 φθάνοις
602 2963 852 3034 ἀριθμῶν
875 2962 1048 3016 ὁπόσα
1075 2961 1140 3033 δὴ
1171 2955 1804 3048 γεγηράκαμενοιπάλαι

225 3057 326 3128 μὲν
353 3051 497 3129 ἦμεν
521 3056 855 3126 εὐδαίμονες,
873 3053 934 3107 σέ
947 3071 1006 3107 τε
1029 3053 1262 3125 ὁρῶντες
1284 3053 1377 3106 καὶ
1400 3052 1510 3104 τῶν
1541 3050 1650 3104 σῶν
1675 3049 1803 3104 ἀντ-

223 3147 504 3218 εχόμενοι·
532 3145 627 3199 καὶ
690 3140 755 3215 ἦν
785 3145 918 3215 ἡμῖν
953 3142 1130 3196 πάντα
1160 3142 1396 3216 χρηστὰ,
1431 3141 1552 3210 ὄψις
1585 3140 1798 3211 ἡδίστη,

222 3237 826 3309 λᾶγοικατακη).οὖντες
876 3236 975 3308 τὴν
1018 3235 1208 3306 ἀκοὴν,
1272 3234 1464 3307 γνώμη
1492 3233 1804 3306 χορηγοῦσα

221 3341 322 3408 τὴν
352 3321 568 3394 εῦνοίαν
586 3354 602 3370 ο
634 3336 726 3391 καὶ
759 3336 787 3388 ὅ
811 3335 862 3389 τί
882 3353 964 3399 τις
983 3334 1169 3389 ἐπόθει
1192 3331 1372 3396 καλὸν,
1401 3330 1559 3400 ἤρκει
1585 3327 1719 3396 πρὸς
1746 3325 1806 3377 σὲ

127 3448 130 3449 '
226 3430 388 3497 μόνον
420 3430 575 3482 ίδεῖν⁶
611 3428 745 3482 ἀλλὰ
765 3427 858 3479 νῦν
878 3424 1136 3500 ἐξαίφνης
1161 3424 1356 3501 ἔρημοι
1379 3421 1595 3474 πάντων
1620 3418 1803 3490 ἡμεῖςν

218 3523 344 3575 ὅθεν
378 3521 686 3593 ἠπόρημαι,
737 3520 829 3574 καὶ
867 3518 958 3573 τὸν
1015 3504 1190 3587 μῦθον
1225 3514 1349 3592 ’ἐρῶ
1371 3530 1384 3544 ⁸
1439 3512 1532 3585 καὶ
1562 3509 1805 3581 Περσεὺς

219 3617 433 3678 ἐκεῖνος
461 3614 724 3684 εὐξαίμην
750 3612 1037 3682 γενέσθαι·
1072 3607 1371 3692 τᾶχαίγὰρ
1419 3605 1485 3660 ἂν
1533 3603 1678 3675 ἐξείη
1714 3620 1804 3673 μοι

223 3709 424 3778 μικρὸν
446 3709 656 3760 ἀναπτα
665 3707 809 3778 μένῳ
833 3701 1274 3776 παραμυθεῖσθαι
1307 3694 1396 3752 τὸν
1426 3697 1602 3769 ἔρωτα
1623 3735 1635 3748 .
1658 3733 1672 3748 .
1692 3734 1705 3748 .
1727 3694 1805 3766 (1)

217 3801 491 3866 διεδέξατο
521 3798 689 3870 θυμός
713 3812 728 3830 ⁸
771 3798 880 3851 ίδοὺ
901 3795 1010 3867 γάρ
1042 3813 1108 3866 με
1143 3794 1237 3848 καὶ
1272 3789 1472 3861 πτεροῦ
1505 3792 1532 3843 ὁ
1570 3787 1802 3850 πόθος...

220 3890 319 3949 καὶ
350 3894 520 3966 μῦθος
547 3893 885 3965 γεγένημαιο
933 3890 1029 3947 καὶ
1061 3891 1160 3944 ὅσα
1210 3887 1268 3940 δὲ
1319 3885 1561 3938 ποθοῦσα
1595 3882 1806 3936 διάνοια

223 3993 296 4060 ῥα
315 4031 328 4042 .
351 4029 367 4042 .
387 4027 404 4042 .
441 3985 615 4040 ἐθέλει
635 4002 647 4016 υ
675 3983 861 4056 ἤδηδέ
889 4001 973 4037 σοι
1021 3982 1113 4037 καὶ
1141 3981 1272 4054 {imp
1301 3978 1442 4049 ἥσθη
1496 3974 1617 4030 ἰδών
1639 3989 1653 4005 ⁸
1709 3973 1806 4028 καὶ

218 4084 424 4136 ἁναστ.
443 4117 486 4134 ..
510 4081 577 4150 τῇ
611 4077 737 4150 θέᾳ·
765 4071 824 4130 εῦ
859 4060 916 4130 δὲ
947 4075 1116 4129 ποιῶν
1142 4073 1234 4128 τὸν
1291 4073 1526 4144 φέροντα
1552 4069 1651 4140 τὴν
1678 4068 1803 4121 ὲπι-

220 4173 424 4244 στολὴν
443 4212 456 4227 .
483 4213 496 4226 .
519 4208 535 4225 .
570 4172 665 4226 καὶ
695 4169 1016 4241 βεϐαιώσεις
1049 4167 1116 4240 ἢν
1144 4166 1284 4238 ἔχων
1336 4164 1635 4233 ἐτύγχανες
1665 4157 1805 4230 γνὼ-

222 4285 367 4338 μην.
394 4306 446 4322 ..
489 4267 541 4318 εἰ
569 4264 750 4329 δέξαιο
787 4263 1094 4334 γράμματα
1144 4258 1274 4332 παρ’
1301 4256 1478 4330 ἡμῶν,
1513 4255 1666 4310 οὐδὲν
1691 4253 1718 4308 ὃ
1750 4271 1803 4308 τι

221 4364 304 4434 μὴ
345 4360 544 4434 ῥαδίως
583 4359 852 4429 ποιήσεις.
1341 4383 1372 4426 .-

751 4531 879 4591 NZ'.
913 4491 1316 4600 ternNYMa.‘

291 4631 470 4699 Ὅσης
507 4646 598 4681 σου
626 4627 723 4696 τῆς
752 4624 1086 4696 κατηγορίας
1140 4619 1539 4692 ἀπηλαὺσαμεν
1587 4619 1639 4671 οἱ
1670 4617 1805 4672 ἀλα·
1879 4645 1891 4655 -

215 4723 376 4789 ξόνες
397 4724 580 4794 ἡμεῖς,
607 4721 702 4775 καὶ
728 4720 850 4775 λίαν
881 4719 1133 4788 σοφισταὶ
1190 4714 1286 4770 καὶ
1317 4712 1600 4775 νοσοῦντες
1638 4709 1806 4782 ὑπερ-

195 4812 488 4884 οψίανέν
527 4811 732 4883 μετρίῳ
791 4809 870 4880 τῷ
907 4809 1181 4880 σχήματι·
1237 4806 1334 4860 καὶ
1370 4803 1471 4857 οὐκ
1503 4801 1570 4855 ἄν
1623 4800 1806 4870 ἔχοιμι

215 4905 406 4973 λέγειν
436 4903 538 4957 ὅσα
562 4902 685 4956 καθ’
718 4903 867 4972 ἡμᾶς
920 4899 1318 4969 συνεφόρησας.
1374 4896 1564 4965 ὥσπερ
1612 4889 1804 4956 καιρὸν

217 4999 394 5052 πάλαι
423 4995 600 5066 ζητῶν
617 4995 702 5064 ἐφ’
724 4997 857 5065 ἡμῖν
877 4994 1085 5063 ἐγεῖραι
1106 4989 1204 5062 τὴν
1222 4989 1468 5057 γλῶτταν
1490 5003 1505 5018 ο
1537 4985 1666 5039 ὅθεν
1685 4983 1806 5038 οὐδὲ

214 5097 502 5166 πρόφασιν
525 5090 739 5143 δικαίαν
797 5083 1012 5151 λαϐὼν,
1047 5085 1128 5146 εἰς
1185 5082 1350 5152 μέσον
1394 5069 1546 5148 ἄγεις
1574 5078 1607 5130 ἃ
1639 5076 1806 5140 πάλ-αι

215 5187 485 5257 κρύπτων
512 5181 819 5242 ἐλάνθανεςο
839 5177 890 5230 τί
921 5178 1052 5247 γὰρ,
1084 5175 1203 5228 εἰπέ
1234 5191 1343 5244 μοι,
1361 5170 1555 5231 δεινὸν,
1595 5171 1644 5222 εί
1672 5168 1808 5238 πρὸς

217 5283 281 5334 σὲ
329 5277 565 5348 γράφων
592 5273 899 5344 Προκόπιος
946 5267 1258 5341 Ἱερωνύμῳ
1317 5265 1530 5341 χαίρειν
1568 5261 1810 5332 ἐπέγρα-

215 5387 363 5439 φονς
404 5369 490 5432 Ὠς
543 5370 640 5440 μὲν
667 5368 775 5438 γὰρ
818 5366 1043 5436 ἀρχαῖος
1071 5365 1100 5415 ὁ
1145 5361 1333 5455 νομοςῖ
1370 5357 1497 5455 *ἔχω’
1539 5354 1809 5455 δήπουθεν

214 5463 596 5534 ὁμολογοῦντα
620 5461 685 5514 ἂν
707 5460 803 5513 καὶ
835 5456 916 5512 σέ.
963 5455 1101 5509 Ἀλλ’
1128 5452 1279 5506 οὐδὲν
1311 5450 1410 5515 δεῖ,
1441 5449 1566 5520 φὴς,
1593 5446 1692 5517 τὴν
1713 5446 1810 5520 νῦν

215 5553 665 5618 ἐπιπολάζουσαν
695 5551 921 5622 ἐκϐῆναι
971 5546 1282 5617 συνήθειαν.
1320 5540 1530 5597 Οὐκοῦν
1570 5536 1808 5609 κατηγό-

217 5666 344 5722 ρει,
370 5647 477 5701 κᾶν
505 5648 552 5699 εἰ
575 5644 674 5716 τὴν
699 5643 795 5697 νῦν
823 5641 1132 5714 κρατοῦσαν
1163 5637 1374 5711 τρυφὴν
1398 5635 1479 5700 εἰς
1502 5629 1810 5706 σεμνότητά

288 5832 375 5905 (1)
412 5827 631 5890 Madore
657 5824 862 5894 aliquot
886 5822 1044 5877 verba
1065 5828 1418 5877 evanuerunt.

640 5919 913 5977 ΡΑΤῐιΟι.
945 5916 1060 5975 Gn.
1101 5913 1471 5974 LXXXVII.

1912 568 2116 634 dixisti,
2168 585 2232 626 ac
2275 573 2510 628 maluisti
2555 569 2808 626 omnibus
2840 573 3121 640 minorari,
3183 585 3242 631 ut
3297 593 3482 637 musas

1913 659 2282 720 lucrifaceres.
2337 666 2406 720 At
2465 667 2671 721 utinam
2730 667 2892 722 citius
2949 665 3145 722 fruaris
3206 683 3479 727 musarum

1911 765 2117 818 amore,
2147 764 2201 808 et
2239 764 2444 810 tantum
2489 757 2676 826 eapias
2727 765 2984 825 quantum
3028 758 3286 826 volueris,
3333 775 3398 816 ac
3429 771 3483 818 te

1919 841 2083 896 faciat
2119 846 2431 912 praecedens
2485 848 2785 911 accusatio,
2852 848 2896 901 si
2951 847 3167 918 quidem
3221 865 3348 907 vera
3383 852 3477 920 sit,

1911 932 2318 1006 sapientiorem,
2356 937 2398 992 si
2435 953 2562 994 vero
2582 940 2744 1006 falsa,
2800 941 3096 1000 feliciorem
3128 964 3142 1014 ;
3179 947 3252 1003 ita
3289 958 3348 1004 ut
3381 958 3473 1004 tua

1912 1021 2170 1095 deinceps
2201 1027 2306 1080 vita
2334 1027 2440 1098 iam
2480 1032 2676 1085 nullam
2736 1036 2923 1088 subeat
2957 1035 3144 1092 falsam
3173 1037 3478 1097 acc'ttsatio-
3549 1034 3558 1040 ’

1913 1123 2060 1176 nem,
2095 1115 2190 1168 sed
2244 1115 2383 1170 idem
2433 1118 2626 1175 iterum
2668 1124 2902 1181 videaris
2953 1129 3043 1196 qui
3078 1128 3222 1184 fuisti
3269 1141 3478 1188 antea:
3579 1157 3586 1165 -

1912 1202 1995 1258 sic
2025 1205 2169 1257 enim
2213 1207 2381 1263 unitis
2414 1208 2621 1266 duabus
2672 1218 2934 1274 extremis
2978 1221 3213 1276 medium
3247 1223 3481 1293 perime-

1913 1299 2002 1347 tur
2033 1303 2261 1364 utraque
2291 1307 2444 1367 parte
2471 1315 2811 1368 percussum.

2232 1460 2239 1468 ,
2443 1391 2549 1448 LV.
2571 1392 2952 1454 sreruano.

1966 1478 2169 1536 Adhuc
2193 1481 2353 1538 siles!
2389 1486 2565 1542 adhuc
2622 1503 2720 1544 nos
2784 1491 3138 1564 negligimur!
3196 1495 3337 1552 Olim
3394 1507 3480 1554 ta-

1914 1583 2036 1625 men
2071 1572 2379 1643 frequentes
2409 1566 2662 1637 mittebas
2701 1574 2856 1639 nobis
2888 1585 3136 1655 litteras,-
3175 1601 3232 1645 et
3281 1591 3480 1660 jucun-

1911 1663 2197 1720 disslmum
2241 1667 2440 1722 bonum
2480 1681 2597 1727 erat
2638 1681 2690 1728 te
2735 1675 3040 1744 loquentem
3074 1676 3217 1753 sirpe
3247 1688 3474 1754 audire;

1913 1756 2006 1810 sed
2031 1771 2172 1810 nunc
2197 1760 2377 1814 subito
2407 1761 2560 1827 siles,
2612 1774 2664 1820 et
2712 1767 2797 1821 illa
2829 1770 3112 1841 voluptate
3155 1776 3350 1843 privati
3384 1794 3477 1832 su-

1840 1827 1887 1914 Β
1917 1859 2056 1900 mus.
2092 1846 2242 1903 lianc
2271 1850 2436 1920 igitur
2465 1867 2528 1907 ex
2563 1853 2716 1917 libris
2753 1859 2856 1914 tuis
2887 1827 3002 1931 cepi
3029 1827 3316 1922 utilitatem
3343 1887 3356 1924 :
3381 1871 3480 1926 hos

1907 1936 2050 1990 enim
2081 1953 2359 2009 quaerens,
2389 1944 2765 2002 cbarissimum
2797 1953 3036 2007 omnium
3069 1956 3200 2011 mihi
3245 1960 3477 2015 amicum

1906 2027 2155 2085 atnisisse
2212 2032 2419 2088 videor.
2454 2035 2534 2089 Tu
2571 2039 2912 2106 potissimum
2938 2043 3079 2101 hunc
3113 2048 3242 2103 mihi
3278 2050 3476 2106 iibrmn

1906 2119 2084 2188 aufer,
2150 2123 2245 2178 sed
2276 2125 2342 2179 de
2400 2129 2902 2187 tua~bcnevolentia
2964 2136 3184 2193 minime
3224 2140 3476 2210 deficias;

1905 2210 1990 2266 sin
2049 2213 2248 2281 minus,
2311 2217 2502 2285 saltem
2546 2221 2598 2275 in
2633 2223 2870 2278 amicitia
2917 2242 3344 2300 perseveremus,
3396 2237 3482 2290 Sic

1907 2301 2050 2357 enim
2090 2297 2226 2361 nihil
2271 2323 2459 2378 passus
2491 2313 2620 2368 mihi
2670 2305 2912 2373 videbor:
2964 2298 3142 2375 indica
3170 2337 3301 2378 vero
3331 2297 3476 2382 mihi

1907 2397 2178 2464 quomodo
2206 2413 2267 2454 se
2292 2401 2487 2456 habeat
2517 2405 2721 2468 schola,
2763 2423 2830 2462 an
2873 2411 3158 2466 multitudo
3186 2412 3478 2485 discipulo-

1907 2501 2027 2541 rum
2052 2489 2117 2542 ad
2157 2501 2209 2544 te
2245 2494 2570 2550 audiendum
2597 2498 2852 2563 conﬂuat,
2882 2516 2947 2556 ac
2978 2503 3224 2572 inprimis
3251 2521 3317 2560 an
3343 2507 3474 2565 divi.

1908 2578 1998 2635 tiis
2031 2579 2290 2652 luxuries,
2325 2595 2381 2641 et
2413 2585 2630 2652 residua
2673 2589 2766 2646 tibi
2795 2598 3021 2662 pecunia
3053 2612 3149 2666 per
3186 2599 3347 2656 millia
3375 2616 3478 2656 nu-

1908 2683 2174 2730 meretur.
3108 2708 3114 2714 -

2458 2770 2596 2828 LVI.
2667 2773 2938 2834 SABINO.

1978 2858 2036 2915 Si
2072 2862 2379 2920 amantibus
2421 2867 2576 2922 unica
2616 2867 2735 2925 dies
2763 2872 2831 2927 ad
2864 2872 3075 2929 senium
3106 2875 3323 2945 sufﬁcit,
3349 2894 3478 2950 sup-

1906 2959 2098 3020 putare
2127 2967 2236 3009 non
2262 2955 2472 3016 valeres
2499 2973 2760 3032 quantum
2786 2969 3168 3027 senuerimus.
3188 2969 3326 3026 Olim
3356 2974 3480 3042 qui-

1906 3045 2024 3101 dem
2045 3047 2230 3104 felices
2248 3064 2488 3119 eramus,
2516 3063 2567 3110 te
2588 3056 2836 3113 videntes
2852 3067 2906 3113 et
2929 3067 3019 3114 tua
3047 3061 3437 3132 amplectentes
3460 3086 3496 3132 ς,

1907 3149 1960 3194 et
2000 3151 2154 3198 erant
2215 3141 2371 3211 nobis
2423 3149 2604 3203 omnia
2652 3149 2824 3215 utilia,
2885 3161 3136 3220 aspectus
3169 3158 3482 3214 amoenissi-

1909 3248 2049 3300 mus,
2072 3249 2351 3294 sermones
2380 3239 2624 3296 auditum
2653 3242 2980 3309 excitantes,
3045 3247 3261 3302 animus
3317 3249 3481 3306 bene-

1905 3325 2152 3382 volentia
2183 3331 2481 3402 prodigus;
2514 3347 2576 3388 ac
2598 3335 2642 3388 si
2675 3335 2799 3404 quis
2825 3335 2954 3405 quid
2996 3337 3204 3407 pulchri
3235 3350 3479 3411 cuperet,

1905 3418 2040 3473 satis
2073 3432 2191 3476 erat
2248 3432 2298 3478 te
2337 3424 2678 3480 solummodo
2710 3428 2976 3497 aspicere,
3025 3433 3091 3483 At
3122 3447 3265 3487 nunc
3293 3433 3478 3489 confe-

1905 3511 2030 3564 stim
2061 3513 2303 3568 omnium
2334 3515 2488 3586 egeni
2517 3532 2736 3585 sumus;
2777 3518 2920 3574 unde
2949 3519 3002 3573 in
3037 3534 3248 3578 summa
3289 3537 3480 3580 neces-
3575 3571 3592 3586 .

1906 3604 2066 3662 sitate
2088 3621 2295 3672 versor,
2333 3619 2388 3664 et
2420 3609 2658 3666 fabulam
2686 3612 2859 3673 dicam
2903 3628 2921 3669 :
2984 3613 3215 3670 Perseus
3247 3616 3336 3672 ille
3361 3633 3482 3674 esse

1904 3706 2149 3765 Optarem
2184 3716 2197 3752 :
2230 3698 2413 3757 forsan
2443 3702 2588 3757 enim
2645 3703 2777 3760 mihi
2813 3705 3038 3764 daretur
3071 3709 3342 3778 paululum
3380 3725 3479 3765 vo-

1905 3786 2066 3844 lando
2101 3805 2276 3848 meum
2313 3793 2475 3848 solari
2505 3809 2867 3851 amorem.....
2903 3800 3172 3855 successit
3200 3797 3302 3866 ira,
3351 3798 3480 3857 cccc

1905 3879 2046 3934 enim
2082 3880 2179 3936 ala:
2208 3883 2655 3940 desiderium.....
2704 3894 2759 3942 et
2793 3887 2969 3942 fabula
2995 3889 3174 3944 factus
3218 3905 3377 3956 sum;
3425 3903 3480 3947 et

1905 3971 2164 4040 quidquid
2198 3973 2425 4048 cupiens
2476 3974 2809 4048 animus.....
2880 3978 3093 4034 volebat
3133 3995 3149 4033 :
3194 3979 3308 4050 jam
3353 3995 3482 4036 vero

1905 4062 2121 4130 gavisus
2149 4073 2231 4118 est
2260 4080 2326 4119 eo
2350 4065 2494 4135 quod
2537 4067 2760 4122 vidisset
2805 4068 2860 4123 in
2891 4070 3237 4126 somnis......
3301 4073 3476 4137 visui;

1905 4154 2043 4210 bene
2064 4163 2243 4210 autem
2280 4158 2485 4213 habens
2513 4175 2637 4216 eum
2655 4161 2745 4230 qui
2773 4161 2879 4216 fert
2901 4161 3041 4216 hanc
3070 4163 3476 4233 epistolam.....

1906 4255 1957 4300 et
1974 4247 2322 4302 confirmabis
2339 4249 2480 4303 illam
2497 4266 2653 4319 quam
2672 4252 2910 4308 habebas
2927 4253 3478 4313 benevolentiam.....

1907 4339 1950 4391 si
2003 4341 2278 4409 acceperis
2327 4340 2536 4397 litteras
2567 4359 2596 4395 a
2627 4343 2805 4408 nobis,
2870 4344 3004 4399 nihil
3049 4359 3160 4402 non
3213 4345 3372 4403 facile
3403 4329 3483 4404 fa-

1907 4445 2036 4484 CICS.

2376 4520 2539 4578 LVII.
2584 4521 3016 4582 IIIERONYMO.

1981 4612 2121 4680 Quot
2151 4619 2262 4667 ate
2316 4614 2756 4670 accusationibus
2807 4616 3121 4687 impetimur
3184 4636 3281 4676 nos
3321 4637 3472 4676 vatu-

1908 4703 2076 4772 loqui,
2106 4719 2204 4758 nos
2237 4703 2513 4772 sophistae,
2578 4720 2676 4759 nos
2723 4707 2974 4776 superbia
3027 4709 3338 4768 laborantes
3378 4718 3480 4768 sub

1911 4795 2154 4850 modesto
2191 4795 2398 4850 habitu.
2464 4794 2574 4850 Nec
2605 4811 2816 4865 possem
2851 4799 3056 4854 referre
3082 4811 3216 4870 quot
3250 4787 3480 4858 crimina

1911 4885 1962 4941 in
2003 4901 2102 4941 nos
2151 4869 2513 4956 congesseris,
2558 4887 2711 4956 quasi
2762 4890 3106 4947 occasionem
3160 4892 3480 4961 jamdudum

1909 4982 2192 5048 auspirans
2225 4981 2458 5052 linguam
2515 4996 2708 5055 c0utra_
2775 4998 2873 5038 nos
2917 4986 3168 5043 acuendi.
3214 4987 3367 5042 Unde
3418 5003 3486 5044 ne

1907 5077 2110 5146 iustum
2140 5077 2354 5148 quidem
2391 5086 2711 5156 prmtestum
2741 5076 3004 5148 allegans,
3064 5078 3115 5130 in
3153 5080 3330 5132 niedio
3359 5095 3484 5148 ρι’οο

1910 5169 2020 5225 fers
2043 5185 2161 5240 quas
2187 5168 2314 5223 olim
2349 5170 2564 5225 nescius
2601 5168 3002 5223 dissimulabas.
3033 5167 3173 5236 Quid
3206 5172 3374 5235 enim,
3400 5173 3486 5226 dic

1912 5259 2210 5328 mihi,quid
2250 5261 2468 5326 mirum,
2502 5259 2545 5316 si
2567 5260 2663 5314 tibi
2695 5260 2961 5328 scribens,
2989 5259 3129 5315 hanc
3145 5262 3482 5316 adhibuerim

1913 5343 2203 5414 formulam
2236 5370 2250 5406 :
2289 5351 2586 5423 Procbpius
2643 5349 2974 5424 Hieronymo
3025 5351 3292 5407 salutem?
3337 5352 3490 5407 Ilunc
3523 5390 3535 5432 :-

1911 5445 2053 5501 enim
2083 5445 2250 5501 fuisse
2275 5446 2554 5515 antiquum
2589 5460 2791 5501 morem
2813 5455 2927 5502 tute
2953 5447 3252 5503 confiteris.
3284 5449 3351 5501 At
3384 5463 3488 5502 non
3534 5462 3537 5466 ·

1917 5537 2135 5612 licebat,
2168 5538 2402 5607 inquies,
2439 5554 2582 5596 nunc
2618 5539 2894 5609 vigentem
2927 5538 3230 5608 transgredi
3259 5552 3492 5595 consue-

1917 5631 2182 5687 tudinem.
2222 5629 2366 5702 Ergo
2399 5631 2563 5688 etiam
2605 5629 2737 5686 vitio
2765 5640 2917 5708 verte
2946 5631 2991 5686 si
3017 5631 3138 5701 quis
3172 5635 3487 5702 regnantem

3012 5897 3088 5960 87
