4046 6386
559 342 702 408 2163
799 298 806 306 ’

1885 343 2232 406 PROCOPII
2258 344 2500 406 GAZ/EI

3662 347 3804 416 276i:

559 477 706 518 nunc
731 457 1008 516 mollitiem
1044 459 1110 512 ad
1145 455 1430 526 pristinam
1481 457 1800 526 gravitatem
1865 474 2109 514 revocare

2227 478 2312 525 τις
2340 461 2439 533 τὴν
2464 461 2698 533 ἀρχαίαν
2719 463 3014 532 ἐπανάγειν
3034 463 3193 536 ἐθέλῃ
3213 479 3227 495 ο
3262 463 3366 518 κᾶν
3405 463 3453 516 εί
3481 463 3580 537 τῂν
3615 481 3805 535 μουσι-

563 557 709 624 velit,
745 570 810 610 ac
832 553 877 608 si
907 551 1028 620 quis
1071 550 1333 604 musicam
1365 548 1418 604 in
1449 549 1844 605 cantilenarum
1892 551 2120 620 ineptias

555 662 612 708 et
664 651 940 721 vulgarem
1002 642 1334 714 proterviam
1391 641 1672 696 cadentem
1711 642 1776 712 ad
1819 642 2116 712 Terpandri

555 761 764 802 musam
794 742 1042 798 reducat.
1105 739 1224 808 Ipse
1265 748 1446 794 autem
1500 737 1641 791 unde
1690 733 1849 788 nobis
1876 734 2115 790 amicitia

485 907 488 912 η
551 842 746 910 dignus
775 835 997 897 videris,
1040 832 1250 902 siquod
1279 830 1501 885 verbum
1551 829 1750 884 dixeris
1789 828 2112 891 Atticorum,

550 941 605 988 et
633 930 942 984 laudatores
971 925 1202 989 invenis,
1243 928 1496 994 tanquam
1520 936 1584 975 ex
1609 921 1834 988 antiquo
1857 934 2007 975 more
2045 919 2113 973 li-

551 1020 834 1080 citum'sit
891 1017 1099 1085 impleri
1148 1014 1471 1084 quibusdam
1503 1000 1684 1066 verbis
1733 1011 2111 1066 communibus

551 1128 755 1182 easque
786 1110 837 1164 in
881 1118 1058 1162 rostra
1107 1105 1284 1159 ferre?
1319 1103 1501 1170 Quare
1547 1103 1912 1173 igiturjuveni
1971 1104 2112 1158 assi-

548 1207 684 1260 dens
729 1201 908 1257 credis
956 1196 1155 1266 aliquid
1204 1210 1456 1266 magnum
1505 1196 1572 1248 ad
1618 1194 1868 1248 Aristidis
1929 1193 2108 1262 Magni

547 1297 796 1356 conferre
823 1292 965 1347 sicut
984 1291 1098 1358 ipse
1128 1287 1406 1356 loquaris?
1435 1284 1506 1341 Ut
1532 1285 1658 1353 quid
1686 1285 1938 1340 Polemon
1967 1287 2110 1342 asia-

548 1390 671 1445 ticis
705 1383 1024 1442 commentis
1060 1387 1314 1439 veterem
1361 1377 1609 1446 purgavit
1654 1376 1958 1430 rhetoricen
2002 1375 2109 1432 ?Si

548 1493 679 1539 tunc
727 1477 993 1535 exsistere
1027 1473 1238 1528 fortuna
1259 1469 1352 1524 tibi
1383 1469 1640 1533 dedisset,
1673 1461 1854 1525 forsan
1887 1483 2110 1524 accusa-

553 1575 782 1636 tionem,
814 1577 876 1624 ut
900 1576 1049 1638 puto,
1111 1564 1370 1618 adversus
1403 1561 1552 1614 illum
1593 1560 1920 1616 iutentasses
1951 1576 2016 1617 ex
2045 1576 2112 1616 eo

545 1661 690 1734 quod
712 1656 1158 1715 consuetudinem
1197 1661 1574 1720 transgressus
1604 1649 1671 1704 ad
1697 1651 1977 1718 antiquam
2001 1665 2112 1704 mu-

549 1756 721 1808 sicam
751 1745 1028 1804 redeundo
1058 1744 1247 1797 thraso
1286 1754 1408 1794 esse
1463 1739 1742 1794 voluisset.
1797 1739 1974 1808 Atque
2003 1739 2110 1793 uti-

2220 554 2322 624 κὴν
2368 554 2702 608 ἐκπεσοῦσαν
2759 557 2837 619 είς
2875 556 3067 620 ὕθλους
3131 556 3333 626 μελῶν,
3367 557 3462 610 καὶ
3500 556 3803 626 δημοτικὴν

2220 644 2484 715 φλυαρίαν
2517 647 2566 699 εί
2593 647 2692 718 τὴν
2719 648 3070 718 Τερπάνδρου
3103 648 3310 718 μοῦσαν
3359 645 3514 713 αὖθις
3539 648 3755 716 ἐνέγκοί
3779 664 3796 678 °

2215 733 2377 798 αὐτὸς
2401 735 2465 788 δὲ
2480 735 2645 794 πόθεν
2667 739 2818 807 ἡμῖν,
2844 739 2982 808 πρὸς
2998 739 3196 808 φιλίου,
3223 741 3420 810 σεμνὸς
3445 735 3584 792 εἶναι
3598 739 3798 802 δοκεῖς,

2215 824 2268 876 εί
2287 841 2340 878 τι
2367 827 2525 898 ῥῆμα
2575 827 2840 895 φθέγξαιο
2874 828 2981 882 τῶν
3023 829 3286 883 Ἀττικῶν
3338 831 3434 884 καὶ
3461 831 3644 900 τύχοις
3687 830 3801 882 τῶν

2211 915 2618 984 ἐπαινούντων,
2653 920 2730 982 ὡς
2765 921 2994 989 ἀρχαῖον
3035 912 3344 992 καθέστηκε
3395 922 3568 992 παρὸν
3623 922 3800 992 ἐμφο-

2221 1007 2432 1074 ρεῖσθαι
2460 1008 2569 1061 τῶν
2595 1010 2658 1062 ἐκ
2683 1008 2894 1081 τριόδου
2941 1009 3233 1080 ῥημάτων·
3274 1011 3368 1064 καὶ
3407 1011 3581 1065 ταῦτα
3608 1012 3803 1082 φέρειν

2205 1096 2303 1148 ἐπὶ
2349 1098 2441 1152 τοῦ
2485 1101 2768 1170 ρήματοςς
2809 1099 2843 1171 ἢ
2885 1101 2938 1154 τί
2966 1101 3098 1172 δῆτα
3141 1101 3249 1154 τῶν
3300 1102 3599 1173 μειρακίων
3662 1119 3802 1172 προ-

2211 1188 2575 1259 καθεζόμενος
2607 1189 2708 1243 οίει
2754 1208 2808 1244 τι
2865 1191 3010 1260 μέγα
3051 1191 3264 1263 φρονῶν
3310 1193 3636 1263 Ἀριστείδου
3694 1190 3798 1245 τοῦ

2213 1280 2357 1333 πάνυ
2391 1280 2528 1348 πρὸς
2577 1283 2820 1344 ἔπαινον,
2851 1282 2900 1335 εί
2925 1282 3105 1351 λέγοις
3133 1284 3208 1346 ὡς
3245 1283 3437 1350 αὑτός;
3470 1283 3505 1353 ἦ
3530 1284 3800 1354 Πολέμων

2211 1369 2311 1439 τῆς
2370 1370 2622 1441 Ἀσιανῆς
2658 1385 2670 1427 Ξ
2700 1372 2984 1442 τερατείας
3051 1372 3149 1442 τὴν
3201 1373 3434 1443 ἀρχαίαν
3495 1375 3799 1446 ῥητορικὴν

2215 1460 2491 1532 ἐκάθηρεν
2510 1477 2526 1527 ;
2546 1462 2595 1514 εί
2625 1461 2682 1516 δέ
2705 1478 2785 1527 σοι
2805 1462 2926 1515 τότε
2961 1461 3214 1530 γενέσθαι
3239 1461 3511 1533 παρέσχεν
3534 1465 3569 1531 ἡ
3595 1465 3794 1533 τέχνη,

2213 1551 2355 1620 τάχα
2381 1569 2472 1620 μοι
2515 1552 2607 1605 καὶ
2632 1553 2850 1623 γραφὴν
2876 1552 3275 1620 ἐπενέγκασθαι
3300 1554 3420 1606 κατ’
3454 1553 3689 1616 ἐκείνου,
3708 1553 3797 1608 δο-
3867 1615 3871 1617 _

2210 1645 2327 1706 κείς
2349 1643 2435 1696 ὅτι
2461 1645 2530 1698 τὰ
2568 1644 2772 1715 συνήθη
2802 1644 3069 1715 παριδὼν,
3099 1641 3313 1708 ἀλαζὼν
3350 1641 3490 1698 εἴναι
3521 1643 3795 1715 βούλεται,

2216 1735 2354 1804 πρὸς
2375 1736 2610 1809 ἀρχαίαν
2627 1736 2964 1806 ἀναγόμενος
2995 1737 3234 1808 μοῦσαν·
3275 1736 3387 1789 εἴθε
3432 1737 3488 1790 δὲ
3523 1736 3620 1790 καὶ
3662 1737 3800 1806 τρά-

541 1859 682 1900 -nam
737 1854 920 1896 mensa
986 1837 1279 1890 etiamnum
1320 1832 1527 1901 vigeret
1576 1831 1857 1885 laconica!
1901 1831 2106 1885 utinam

2215 1829 2352 1892 πέζα
2384 1829 2479 1882 νῦν
2505 1825 2658 1893 αὖθις
2680 1829 2896 1902 ἐκράτει
2916 1830 3231 1900 Λακωνικὴ,
3256 1831 3348 1882 καὶ
3374 1823 3442 1899 ἦν
3465 1830 3597 1898 ἡμῖν
3623 1829 3652 1882 ό
3682 1827 3799 1897 βίος

545 1935 702 1992 nobis
727 1932 900 1986 victus
927 1936 1091 1990 esset,
1122 1935 1179 1979 ut
1202 1923 1326 1979 olim
1349 1925 1486 1993 apud
1521 1923 1734 1986 Persas,
1778 1937 1948 1988 maza,
1978 1937 2116 1991 aqua

543 2039 598 2084 et
628 2021 985 2080 nasturtium!
1039 2017 1161 2072 Haec
1183 2031 1309 2070 vero
1335 2017 1457 2085 quis
1479 2031 1619 2069 nunc
1650 2015 1828 2082 vigere
1842 2014 2045 2069 sineret
2064 2013 2116 2068 in

546 2131 686 2173 terra
719 2129 840 2185 quae
892 2123 945 2168 te
972 2109 1209 2178 recepit?
1238 2106 1356 2163 Non
1394 2116 1613 2176 promer
1646 2106 1916 2175 patientiae
1944 2114 2121 2160 trans-

543 2208 900 2279 gressionem,
925 2204 1018 2260 sed
1050 2203 1176 2272 quia
1211 2199 1337 2254 talia
1383 2213 1525 2268 aegre
1559 2198 1808 2267 producit
1852 2198 1963 2253 suis
2022 2199 2118 2252 ha-

546 2299 867 2354 bitatoribus
935 2305 1096 2350 terra.
1155 2293 1226 2346 At
1280 2291 1631 2346 nihilominus
1671 2292 1784 2360 ipse
1837 2291 2114 2345 mollitiem

547 2385 920 2458 Egyptiacam
949 2381 1161 2436 discens
1195 2381 1398 2449 patrios
1430 2379 1636 2434 deseris
1669 2394 1873 2443 mores,
1931 2388 1983 2433 tu
2023 2379 2113 2448 qui

543 2473 990 2530 consuetudinem
1023 2469 1228 2525 servari
1261 2469 1529 2539 prmcipis,
1593 2471 1755 2524 etiam
1793 2471 1911 2540 plus
1951 2484 2111 2542 quam

543 2564 834 2628 decet.,Me
879 2571 1056 2617 autem
1109 2561 1415 2615 thrasonem
1464 2574 1678 2624 vocare,
1751 2559 1874 2630 quia
1920 2577 2112 2617 nomen

539 2671 692 2715 tuam
718 2664 838 2726 post
868 2669 1045 2708 meum
1074 2651 1214 2706 forte
1279 2639 1493 2721 scripsi,
1551 2652 1656 2706 hoc
1701 2653 1947 2722 congruit
2005 2668 2111 2706 non

576 2763 679 2805 me
723 2745 918 2801 scienti
960 2741 1100 2812 quod
1134 2741 1366 2814 primum
1398 2751 1481 2802 est
1527 2741 1718 2795 ordine
1759 2756 1864 2795 non
1899 2756 2113 2812 semper

541 2854 662 2897 esse
691 2837 922 2908 primum
947 2833 1142 2904 pretio,
1179 2849 1283 2887 non
1306 2847 1432 2887 vero
1458 2835 1710 2887 convenit
1731 2832 1942 2887 docenti
1979 2819 2111 2887 illud

544 2929 921 2998 Demosthenis
952 2926 1004 2982 in
1029 2941 1137 2997 quo
1157 2918 1214 2980 se
1241 2940 1496 2980 exercere
1534 2925 1711 2980 solent
1753 2926 1927 2995 pueri,
1967 2925 2111 2980 vidc-

545 3024 669 3080 lieet
695 3022 987 3085 actionem,
1035 3017 1281 3085 quamvis
1329 3017 1688 3086 posteriorem
1722 3018 1911 3072 ordine
1945 3034 2106 3088 quam

542 3116 899 3174 elocutionem
945 3121 1001 3170 et
1051 3101 1281 3180 gestum,
1340 3111 1577 3179 priorem
1640 3121 1816 3166 tamen
1875 3110 2106 3166 efﬁcacia

542 3222 666 3264 esse
705 3221 769 3260 ac
815 3203 1114 3260 meliorem.

543 3312 768 3370 prorsus
795 3297 1081 3366 superbam
1105 3307 1228 3348 esse
1265 3308 1484 3361 arguas,
1517 3293 1669 3348 locus
1689 3302 1770 3348 est
1803 3308 1898 3347 eos
1922 3294 2108 3355 etiam,

545 3391 637 3462 qui
671 3387 976 3458 huiusmodi
1008 3385 1409 3454 inscriptionem
1443 3384 1569 3438 olim
1596 3387 1645 3438 in
1671 3399 1823 3438 usum
1852 3385 2110 3437 adhibue-

549 3491 698 3549 runt,
754 3481 816 3536 in,
854 3477 1117 3549 superbia:
1154 3477 1340 3531 morbo
1377 3475 1534 3530 simul
1597 3491 1806 3530 mecum
1867 3490 2110 3544 compre-

550 3573 789 3630 hendere
815 3591 830 3626 :
858 3585 1085 3639 quorum
1111 3581 1335 3623 cancros
1361 3569 1794 3638 prmtcrmittens,
1831 3569 2109 3626 Socratem

543 3665 724 3720 citabo
772 3674 827 3719 et
877 3649 1178 3728 Platonem,
1245 3661 1336 3730 qui
1387 3659 1781 3730 philosophiam
1839 3671 1945 3713 tam
2006 3658 2112 3711 alte

547 3764 956 3826 promoverunt.
983 3749 1052 3806 At
1082 3751 1150 3806 de
1182 3751 1578 3821 vaniloquentia
1619 3765 1684 3805 ex
1717 3751 1800 3806 his
1857 3751 1988 3819 ipsis
2029 3751 2110 3804 iu-

547 3845 826 3904 tellexisti.
893 3842 1037 3899 Cave
1069 3851 1245 3896 autem
1282 3857 1348 3895 ne
1377 3841 1429 3894 in
1475 3851 1637 3896 temet
1683 3842 1937 3910 eva'giues
1985 3857 2110 3909 pro-

543 3937 715 3991 verbii
747 3916 1002 4007 gladium.
1037 3933 1169 3987 Num
1200 3933 1361 4003 igitur
1382 3931 1433 3986 id
1451 3933 1672 4002 antiquo
1703 3947 1800 3986 usu
1836 3944 2105 4002 receptum

460 4080 464 4094 ,
545 4039 648 4094 cst,
679 4027 928 4082 videlicet
954 4029 1096 4095 quod
1122 4037 1196 4090 te,
1227 4025 1294 4080 de
1316 4039 1450 4078 nave
1483 4025 1569 4078 vix
1601 4040 1898 4094 egressum,
1928 4027 2106 4080 statim

545 4099 879 4176 clamoribus
930 4117 1176 4172 barbaris
1249 4116 1515 4184 prosecuti
1579 4114 1777 4168 fuerint
1829 4113 2108 4185 Egyptia-

467 4279 471 4282 _
544 4229 660 4274 rum
692 4211 866 4282 pueri,
899 4219 952 4265 et
985 4221 1158 4264 coetus
1179 4207 1409 4262 adfuerit
1433 4207 1574 4261 haud
1606 4207 1781 4261 minor
1807 4223 2105 4276 quamcum

539 4303 668 4360 olim
698 4318 889 4358 currus
941 4301 1073 4370 ipsis
1127 4285 1417 4368 prosperus
1465 4298 1622 4367 Apim
1675 4298 2001 4363 adveheret;
2055 4308 2106 4353 et

540 4397 682 4468 quod
714 4399 779 4451 de
807 4395 925 4449 istis
951 4394 1132 4448 animo
1181 4392 1360 4447 elatus
1419 4391 1550 4445 mihi
1595 4405 1812 4459 parvam
1843 4389 2106 4444 habitanti

539 4489 727 4542 urbem
750 4485 1078 4554 vilenomen
1110 4482 1346 4548 dederis,
1387 4496 1450 4536 ac
1477 4479 1835 4550 simpliciores
1877 4481 1974 4534 tibi
2007 4482 2104 4535 visi

540 4575 747 4631 fuerint
805 4551 980 4645 patria
1033 4583 1088 4627 ct
1140 4560 1277 4626 uxor
1331 4543 1384 4625 et
1449 4543 1768 4639 puer-ipse;
1822 4585 2101 4639 meamque
2135 4543 2178 4594 θ

545 4667 936 4736 philosophiam
977 4680 1072 4733 pro
1093 4664 1252 4718 meris
1286 4661 1538 4716 habueris
1577 4662 1806 4725 deliriis,
1838 4647 2104 4730 quiamihi

544 4774 649 4812 non
697 4759 1010 4827 astrepebat
1054 4769 1159 4810 vox
1220 4769 1379 4809 sensu
1414 4768 1627 4818 carens,
1687 4767 1720 4807 ο
1751 4751 1990 4821 Jupiter!
2051 4763 2105 4807 et

541 4851 765 4906 barbara
794 4849 1008 4918 lingua;
1043 4861 1105 4899 ac
1129 4857 1178 4900 te
1207 4846 1541 4916 potissimum
1596 4843 1929 4913 reputaveris
1984 4841 2102 4896 feli-

539 4956 678 5003 cem,
707 4940 752 4994 si
787 4939 940 5006 plena
961 4952 1098 5005 pane
1130 4945 1184 4990 et
1213 4937 1467 4990 carnibus
1491 4935 1584 4989 tibi
1629 4933 1821 4988 domus
1849 4933 2102 4988 ostende-

537 5028 731 5086 batur?
765 5026 920 5082 Vides
958 5026 1232 5096 quantulis
1265 5027 1438 5081 elatus
1481 5024 1671 5089 fueris,
1737 5033 1790 5076 tu
1841 5023 1929 5092 qui
1972 5023 2101 5076 mihi

539 5135 679 5174 nunc
717 5119 1017 5186 superbiam
1044 5119 1360 5187 exprobras.
1401 5116 1541 5170 llaec
1603 5125 1782 5169 autem
1829 5116 1974 5180 dico,
2005 5131 2100 5185 per

535 5211 691 5266 deos!
736 5225 839 5264 non
882 5209 1024 5279 quod
1061 5220 1148 5263 tua
1201 5209 1341 5262 dicta
1387 5209 1659 5277 corrigere
1709 5208 1868 5262 velim
1903 5210 2102 5279 (neque

534 5304 678 5358 enim
705 5304 807 5358 hoc
834 5317 964 5357 mea:
989 5316 1115 5377 esse
1139 5299 1490 5369 philosophia:
1509 5299 1784 5368 arbitror),
1818 5301 1910 5354 sed
1944 5302 2100 5369 quia,

535 5395 577 5450 si
605 5395 827 5466 possim,
858 5393 1234 5447 modestiorem
1258 5390 1351 5443 tibi
1380 5392 1612 5460 linguam
1631 5391 1918 5445 ostendere
1949 5393 2093 5446 volo.

535 5465 757 5552 Verum,
794 5492 850 5538 ut
877 5498 979 5536 non
1007 5481 1116 5534 vim
1149 5465 1432 5535 verborum
1461 5495 1699 5535 meorum
1725 5481 2097 5552 obstupescas,

533 5578 694 5646 longe
741 5576 880 5630 absit
902 5588 966 5628 ne
999 5573 1120 5629 talia
1154 5570 1633 5642 nobis'exprobres
1656 5575 1691 5640 ;'
1721 5589 1867 5638 nam,
1942 5577 2097 5630 clueo

533 5681 647 5726 Stor
669 5679 816 5725 tuum
853 5666 1030 5724 Nilum
1055 5677 1108 5724 et
1138 5667 1380 5724 faventes
1400 5665 1753 5743 tibiGratias,
1787 5675 1934 5723 tuam
1986 5670 2099 5738 rpi-

2221 1921 2296 1984 ὡς
2323 1921 2490 1975 πάλαι
2510 1923 2624 1986 τοῖς
2656 1923 2894 1994 Πέρσαις
2923 1912 3070 1992 μάζά
3092 1923 3185 1976 καὶ
3217 1922 3361 1994 ὕδωρ
3389 1921 3481 1977 καὶ
3501 1922 3796 1993 κάρδαμαί

2217 2012 2392 2067 ταῦτα
2420 2014 2474 2067 δὲ
2492 2015 2587 2067 καὶ
2609 2014 2703 2067 νῦν
2729 2015 2786 2068 ἐν
2807 2013 3000 2085 ἑλούσῃ
3026 2015 3110 2078 τίς
3137 2015 3234 2067 ῑδοι
3258 2013 3566 2085 κρατοῦντα
3595 2016 3664 2083 τῇ
3692 2015 3798 2082 cf};

2217 2104 2276 2156 οὐ
2317 2104 2404 2158 διὰ
2436 2105 2728 2176 καρτερίας
2759 2105 3088 2177 ὑπερϐολὴν,
3119 2106 3235 2160 ἀλλ’
3257 2109 3338 2160 ὅτι
3367 2105 3606 2159 τοσαῦτα
3643 2105 3799 2176 μόλις

2218 2198 2444 2268 χορηγεῖ
2459 2198 2568 2260 τοῖς
2591 2195 2888 2250 ἐνοικοῦσιν
2921 2198 2954 2267 ἡ
2993 2197 3067 2266 γῆ
3093 2213 3106 2227 ’
3149 2196 3263 2250 ἀλλ’
3289 2199 3435 2267 ὅμως
3465 2197 3629 2258 αὐτὸς
3663 2213 3798 2266 τρυ-

2221 2286 2326 2357 φὴν
2353 2287 2656 2356 Αἰγυπτίαν
2687 2286 2874 2356 μαθὼν
2908 2287 3222 2350 ἀπολείπεις
3259 2287 3328 2342 τά
3351 2289 3558 2358 πάτρια
3585 2303 3600 2318 ο
3637 2288 3666 2341 ὁ
3694 2302 3799 2356 φυ-

2217 2375 2430 2430 λάττειν
2446 2375 2514 2430 τὰ
2545 2377 2748 2448 συνήθη
2777 2377 3239 2450 νομοθετῶν,⁶κᾶν
3264 2377 3368 2443 ἔξω
3411 2378 3505 2431 τοῦ
3550 2377 3799 2447 πρέπον-

2215 2481 2306 2529 τος
2327 2483 2340 2498 ·
2368 2465 2430 2518 τὸ
2460 2465 2518 2520 δὲ
2541 2469 2635 2520 καὶ
2666 2467 2899 2530 ἀλαζόνα
2930 2486 2996 2539 με
3027 2468 3233 2533 καλεῖν,
3258 2451 3349 2522 iis:
3405 2486 3462 2520 σε
3499 2469 3640 2538 μετά
3692 2468 3797 2539 τὴν

2214 2557 2452 2626 ἐμαυτοῦ
2472 2561 2842 2633 προσηγορίαν
2867 2563 3049 2632 φέρων
3075 2562 3338 2627 ὑπέταξα,
3371 2563 3548 2616 ἔοικεν
3578 2565 3638 2617 ού
3667 2563 3797 2616 λίαν

2165 2684 2168 2688 η
2213 2649 2440 2714 είδότος’
2469 2651 2546 2716 ὡς
2585 2655 2643 2706 οὐ
2695 2655 2756 2706 τὸ
2786 2653 2999 2724 πρῶτον
3031 2658 3098 2726 τῇ
3137 2637 3309 2722 τάξει,
3361 2657 3456 2710 καὶ
3486 2659 3594 2727 τῆς
3622 2655 3798 2726 τιμῆς

2212 2740 2325 2811 ἔχει
2353 2742 2571 2807 πάντως
2599 2745 2911 2816 τάπρῶτα·
2945 2745 3065 2798 ούδέ
3098 2746 3168 2799 τά
3187 2747 3565 2817 Δημοσθένους
3591 2746 3800 2802 εἰδέναι

2212 2835 2533 2904 ποιουμένου
2592 2836 2736 2904 άπερ
2793 2837 3021 2907 μελετᾷν
3084 2836 3240 2890 εἴωθε
3278 2837 3348 2890 τὰ
3389 2838 3679 2908 παιδάρια·
3709 2841 3798 2903 ὡς

2194 2921 2320 2994 ,ἄρα
2345 2923 2404 2976 τὸ
2427 2924 2708 2992 πράττειν,
2736 2941 2828 2977 του
2851 2927 3031 2993 λέγειν
3070 2926 3165 2979 καὶ
3196 2929 3527 2996 χειροτονεῖν
3560 2927 3802 2998 ὕστερον

2197 3012 2268 3088 ’ὃν
2298 3014 2565 3086 τῇοτάξει,
2592 3017 2857 3087 πρότερον
2886 3020 2950 3088 τῇ
2978 3017 3202 3087 δυνάμει
3229 3019 3323 3072 καὶ
3346 3019 3596 3089 κρεῖττόν
3616 3021 3794 3073 ἐστιν.

2211 3107 2350 3160 mae
2389 3107 2606 3170 πάντως
2659 3108 2976 3172 ἀλαζονείαν
3032 3109 3102 3162 τά
3157 3109 3383 3163 τοιαῦτα
3433 3114 3794 3183 κατηγορεῖς,

1204 3201 1354 3266 Quod
1393 3202 1437 3256 si
1490 3201 1765 3271 praefatam
1825 3201 2108 3256 formulam

2213 3197 2405 3269 καιρὸς
2447 3199 2688 3261 καὶτοὺς
2727 3200 2894 3252 πάλαι
2950 3202 3325 3271 κεχρημένους
3376 3203 3454 3273 τῷ
3497 3204 3647 3272 νόμῳ
3688 3205 3797 3275 τῆς

2212 3291 2466 3357 τοιαύτης
2495 3291 2823 3361 ἐπιγραφῆς,
2852 3291 3152 3362 ὑπεροψίας
3176 3293 3272 3347 σὺν
3295 3295 3418 3362 ἐμοὶ
3439 3295 3796 3364 περιϐάλλειν

2214 3384 2512 3451 νοσήματι*
2542 3377 2618 3435 ὧν
2642 3384 2766 3446 τοὺς
2794 3382 2982 3446 ἀλλους
3013 3384 3229 3452 παρεὶς,
3290 3385 3588 3457 Σωκράτην
3642 3388 3797 3455 λέγω

2214 3475 2309 3526 καὶ
2338 3473 2596 3526 Πλάτωνα
2625 3474 2750 3536 τοὺς
2792 3475 2902 3528 ἀνω
2931 3473 3030 3546 τὴν
3087 3475 3405 3544 φιλοσοφίαν
3457 3477 3790 3547 ὲξάραντας,

2213 3564 2348 3618 ἀλλά
2379 3565 2506 3637 περὶ
2543 3565 2868 3629 ἀλαζονείας
2913 3565 3143 3620 αὐτόθεν
3182 3567 3517 3632 κατέλαϐες·
3576 3571 3672 3622 καὶ
3714 3556 3807 3638 μὴ

2214 3655 2352 3709 κίνει
2376 3657 2516 3736 κατὰ
2543 3656 2743 3710 σαυτοῦ
2775 3658 2873 3726 τῆς
2912 3659 3214 3736 παροιμίας
3267 3659 3366 3728 τὴν
3394 3659 3672 3730 μάχαιραν
3698 3675 3713 3687 ·
3759 3663 3795 3730 ἢ

2212 3743 2348 3800 οὖσα
2373 3747 2546 3816 δήπου
2570 3748 2738 3801 πάλαι
2762 3749 2937 3802 ταῦτα
2968 3749 3324 3820 καθέστηκεν,
3358 3751 3433 3814 ὡς
3462 3751 3578 3820 ἅμα
3599 3769 3658 3803 σε
3691 3752 3798 3822 τῆς

2212 3839 2438 3903 ὁλκάδος
2482 3837 2739 3906 ἐκϐάντα,
2782 3840 3142 3912 προύπεμπον
3166 3842 3228 3913 δὴ
3260 3844 3358 3896 σὺν
3389 3843 3485 3912 βοῇ
3516 3861 3622 3896 τινι
3651 3844 3798 3913 βαρ-

2215 3931 2364 4002 ϐάρῳ
2395 3929 2505 3984 τῶν
2543 3931 2856 3999 Αἰγυπτίων
2901 3934 2950 3985 οἱ
3001 3933 3221 3996 παῖδες
3246 3933 3340 3987 καὶ
3370 3935 3680 4004 πανήγυρις
3723 3930 3802 4004 ἦν

2212 4023 2312 4091 οὐχ
2328 4018 2490 4093 ἦττον
2524 4021 2556 4092 ἢ
2597 4023 2685 4076 ὅτε
2718 4023 2884 4076 πάλαι
2918 4023 3064 4095 φορά
3096 4040 3180 4087 τις
3207 4023 3389 4088 αὐτοῖς
3418 4025 3656 4095 εὐμενὴς
3684 4025 3799 4077 ἐδί-

2211 4114 2300 4168 δου
2329 4115 2419 4168 τὸν
2445 4116 2610 4168 ’Λπιν
2629 4131 2644 4147 ο
2672 4115 2767 4169 καὶ
2790 4116 2865 4179 ὡς
2893 4117 2987 4169 ἐπὶ
3024 4115 3233 4180 τούτοις
3263 4116 3400 4186 ὑψοῦ
3425 4117 3526 4185 τῆς
3549 4117 3799 4179 διανοίας

2212 4205 2421 4276 ἀρθεὶς,
2460 4206 2560 4275 ἐμὲ
2599 4206 2696 4276 μὲν
2722 4205 2923 4277 μικρὰν
2946 4206 3198 4260 οἰκοῦντα
3227 4207 3400 4272 πόλιν,
3433 4207 3638 4276 φαῦλον
3664 4208 3801 4260 ἐκά-

2211 4300 2324 4363 λεις
2343 4315 2356 4330 ⁸
2391 4299 2680 4370 ἀπέριττος
2710 4299 2765 4352 δὲ
2795 4299 2944 4369 παρά
2976 4299 3057 4351 σοὶ
3098 4301 3297 4370 πατρίς
3324 4317 3382 4352 τε
3417 4302 3511 4353 καὶ⁴
3531 4301 3673 4371 γυνὴ
3700 4305 3802 4356 καὶ

2211 4392 2271 4446 τὸ
2298 4391 2505 4444 παιδίον
2528 4392 2684 4446 αὐτό·
2712 4390 2804 4444 καί
2828 4390 2928 4444 πού
2960 4408 3027 4460 με
3039 4383 3448 4461 ’φιλοσοφοῦντα
3473 4393 3642 4462 λῆρον
3671 4394 3800 4446 ἐδό-

2211 4499 2358 4546 κεις’
2399 4483 2480 4535 ὅτι
2502 4499 2570 4552 με
2605 4482 2681 4553 μὴ
2704 4482 2894 4554 κρότος
2920 4475 3034 4552 εἶχε
3060 4483 3227 4546 πολὺς
3256 4484 3314 4548 ἐξ
3337 4484 3552 4554 ἀσήμου
3601 4489 3804 4555 φωνῆς

2216 4570 2280 4648 (ὣ
2298 4576 2398 4629 Ζεῦ
2416 4573 2453 4646 ί)
2478 4573 2574 4627 καὶ
2596 4573 2868 4644 βαρϐάρου
2885 4573 3131 4645 γλώττης
3154 4574 3249 4628 ὤν’
3267 4577 3434 4629 καὶτὸ
3449 4577 3513 4648 δὴ
3529 4577 3807 4648 μέγιστον

2207 4667 2501 4736 εὐδαίμονα
2523 4666 2716 4719 σαυτὸν
2745 4667 2978 4732 ἐκάλεις,
3005 4669 3060 4720 εί
3085 4669 3233 4721 σίτου
3267 4666 3362 4720 καὶ
3394 4668 3573 4738 κρεῶν
3598 4669 3808 4741 πλήρη

2207 4758 2306 4828 τὴν
2331 4757 2507 4810 οἰκίαν
2531 4757 2852 4823 ἀπέδειξαν
2880 4759 3013 4828 ὁρᾷς
3033 4759 3156 4812 ὅσον
3189 4757 3283 4811 ἐπὶ
3315 4761 3567 4828 σμικροῖς
3608 4761 3808 4829 ἐπήρ-

2209 4847 2327 4916 θης,
2358 4849 2386 4900 ό
2411 4845 2504 4900 νῦν
2530 4846 2846 4909 ἀλαζονείας
2861 4848 3204 4917 γραφόμενος
3223 4865 3239 4881 ο
3270 4848 3363 4901 καὶ
3400 4846 3580 4902 ταῦτά
3613 4867 3810 4918 φημι,

2210 4937 2286 5006 μὰ
2321 4936 2447 4999 τοὺς
2498 4935 2693 4999 θεοὺςί
2730 4936 2828 4989 οὑκ
2887 4936 3212 5007 άμείνασθαί
3245 4955 3304 4989 σε
3358 4937 3466 4990 τῶν
3521 4940 3815 5009 ῥημάτων

2206 5013 2404 5080 ἐθέλων
2433 5028 2524 5098 (οὐ
2559 5027 2666 5100 γάρ
2697 5028 2835 5098 πρὸς
2857 5029 2956 5096 τῆς
2985 5031 3126 5101 ἐμῆς
3154 5028 3312 5082 τοῦτο
3340 5029 3513 5100 κρίνω
3562 5031 3816 5099 φιλοσο-

2165 5130 2169 5134 ·
2206 5119 2380 5186 φίας),
2408 5118 2521 5172 ἀλλ’
2567 5120 2619 5202 εί
2657 5137 2775 5183 πως
2820 5120 3087 5191 δυναίμην
3147 5123 3518 5192 μετριωτέραν
3554 5140 3636 5175 σοι
3678 5125 3821 5194 τὴν

2205 5209 2450 5279 γλῶτταν
2481 5211 2754 5275 ἀποδεῖξαι
2813 5211 3169 5282 βουλόμενος·
3220 5213 3332 5264 ἀλλ’
3381 5215 3530 5276 ὅπως
3563 5213 3638 5284 μὴ
3679 5217 3824 5285 τὴν

2203 5301 2432 5374 δύναμιν
2458 5302 2564 5354 τῶν
2605 5302 2752 5371 ἐμῶν
2775 5302 2948 5371 λόγων
2999 5304 3376 5374 καταπλαγῇς,
3425 5307 3614 5376 πόρρω
3646 5308 3820 5383 γένῃ

2203 5399 2296 5452 τοῦ
2318 5399 2383 5452 τὰ
2411 5399 2632 5451 τοιαῦτα
2653 5398 2884 5469 γράφειν
2922 5400 3052 5468 ἡμῖν
3071 5415 3084 5428 ·
3119 5399 3194 5470 μά
3221 5400 3437 5468 γάρτὸν
3471 5401 3559 5453 σὸν
3585 5402 3819 5456 Νεῖλον

2205 5490 2298 5541 καὶ
2321 5489 2416 5550 τὰς
2440 5490 2718 5559 παρούσας
2751 5505 2832 5540 σοι
2863 5489 3128 5558 Χάριτας,
3160 5489 3386 5560 θέατρον
3417 5491 3634 5559 λογικὸν
3682 5495 3821 5566 τὴν

2205 5580 2302 5649 σὴν
2333 5582 2605 5650 παρέσχον
2653 5580 2962 5647 ἐπιστολὴν,
2994 5583 3098 5633 κάν
3142 5585 3207 5652 τῇ
3264 5581 3411 5651 Γάζῃ
3467 5584 3604 5653 μέσῃ
3638 5587 3816 5653 πρὸς

2204 5670 2410 5730 πάντας
2432 5667 2679 5736 ἐλέγετοο
2715 5667 2869 5737 κάγὼ
2911 5668 3008 5739 μὲν
3051 5668 3264 5734 ἀλαζὼν
3293 5669 3500 5740 ήδόμην
3532 5669 3637 5723 ὑπὸ
3669 5671 3819 5726 τῶν
