4014 6524
236 393 404 455 2765

1719 387 2132 446 EI’IS’I‘ULxE.

3392 391 3534 454 2705

239 501 370 555 σῶν
400 498 751 570 γραμμάτων
803 495 1166 567 καλούμενον
1201 499 1362 567 ἐγέλα
1409 498 1466 551 δὲ
1499 495 1559 549 τὸ
1610 483 1839 562 ’θέατρον

1952 497 2151 552 stolam
2184 497 2414 566 pubiieis
2445 511 2547 551 non
2581 496 2776 551 tradidi
2802 497 3167 565 sermonibus,
3187 507 3236 570 et
3267 499 3318 552 in
3353 502 3526 553 media

241 589 528 660 ὲπῖὲμοῦ
573 590 637 642 σὺ
665 588 722 642 δὲ
744 587 852 641 τῶν
881 588 1052 656 λόγων
1081 589 1354 661 εὐδαίμων
1379 589 1604 651 ἐδόκεις.

1944 590 2090 647 Gaza
2123 592 2264 659 apud
2299 605 2492 642 mones
2527 604 2707 642 sermo
2736 591 2802 643 de
2827 603 2888 642 ea
2914 597 3066 652 erat;
3126 605 3187 642 ac
3215 603 3525 662 pergratum

244 691 379 734 erat
421 681 640 736 metuis
671 677 1198 736 litteristln-asOnent
1230 691 1480 737 vocatum
1515 681 1717 750 fuisse;
1745 699 1845 756 ego
1879 684 2093 753 publico
2123 697 2270 736 eram
2309 681 2538 735 ludibrio
2599 690 2650 734 ιιι
2688 682 2741 735 in
2783 665 3125 743 sermonibus
3182 683 3312 738 felix
3381 685 3522 739 diec-

249 772 436 841 lteris.

856 856 991 914 Nﬂ'.
1037 859 1289 916 ΩΡῐΩΝῙ.

340 953 456 1007 ’Λεί
488 963 548 1006 σε
580 952 764 1024 φέρων
797 956 862 1026 τῇ
899 955 1090 1027 μνήμῃ
1116 953 1316 1025 μικροῦ
1349 973 1438 1026 μοι
1469 959 1563 1010 καὶ
1588 962 1841 1030 παρεῖναι

247 1045 432 1109 δοκῶ,
484 1046 578 1098 καὶ
609 1045 680 1099 τὰ
707 1045 902 1109 ,πάντα
950 1048 1208 1116 παρεῖναι
1261 1045 1586 1117 σοφίζομαι·
1625 1051 1719 1103 καί
1751 1067 1844 1120 μοι

253 1151 328 1203 με
338 1151 443 1205 μνη
453 1124 600 1205 μένῳ
621 1134 800 1188 πάντα
823 1134 961 1204 πρὸς
983 1134 1176 1206 ἡδονὴν
1202 1138 1633 1208 συνεισέρχεται,
1655 1138 1716 1191 τὸ
1731 1139 1840 1193 τῶν

251 1227 480 1296 τρόπων
509 1225 774 1288 εὐσταθὲς
793 1267 808 1288 ,
854 1227 888 1295 ή
920 1227 1050 1296 περὶ
1081 1226 1208 1288 τοὺς
1237 1225 1432 1294 λόγους
1479 1228 1703 1297 σπουδὴ,
1738 1228 1841 1300 τῆς

251 1316 497 1380 διανοίας
521 1315 583 1368 τὸ
617 1316 857 1387 μέτριον,
883 1317 977 1368 καὶ⁸
999 1318 1062 1369 τὸ
1087 1316 1152 1388 δὴ
1186 1316 1462 1386 μέγιστον,
1495 1318 1840 1390 σωφροσύνη,

256 1408 512 1478 νεότητος
566 1410 793 1478 ἀλόγους
838 1407 1017 1478 ὁρμὰς
1067 1407 1492 1463 ἀνακύπτουσαο
1551 1411 1647 1465 καὶ
1705 1410 1840 1483 πρὸς

254 1498 492 1568 ἐμαυτὸν
515 1499 624 1552 ἔσθ’
646 1501 735 1553 ὅτε
767 1498 1051 1568 λογίζομαι
1075 1499 1151 1562 ὡς
1176 1500 1204 1553 ὁ
1233 1500 1451 1554 πάντων
1483 1501 1644 1571 ήμῶν
1671 1501 1843 1572 δρών-

255 1607 369 1644 των
404 1593 614 1644 τοιοῦτο
643 1592 866 1660 φανεὶς,
910 1590 992 1652 τίς
1031 1591 1098 1644 ἂν
1139 1575 1347 1658 γένοιτο
1379 1592 1502 1645 καθ’
1544 1592 1710 1646 αὑτὸν
1744 1610 1842 1662 γε-

257 1679 466 1747 γονώ;;
491 1682 701 1751 νικήσει
729 1681 859 1748 γὰρ,
886 1676 1061 1750 οῐμαι,
1091 1681 1170 1752 τῷ
1197 1680 1464 1750 φθάσαντι
1488 1682 1624 1754 πρὸς
1653 1683 1846 1738 ἑαυτὸν

253 1771 639 1842 ἁμιλλώμενος
661 1811 675 1836 ,
715 1773 866 1834 ὅπως
905 1772 971 1824 ἂν
1006 1770 1154 1842 δείξῃ
1189 1773 1300 1835 τοῖς
1328 1772 1562 1826 ἀποῦσιν
1605 1775 1738 1844 ἡμῖν
1769 1774 1846 1838 ὡς

2526 862 2706 920 LVIII.
2744 863 2998 921 ORIONI.

2023 957 2251 1027 Semper
2271 968 2323 1014 te
2348 959 2528 1014 ferens
2573 958 2624 1012 in
2682 959 2942 1012 memoria
2981 971 3116 1028 pene
3171 960 3301 1014 mihi
3332 961 3527 1017 adesse

1949 1059 2100 1120 puto,
2151 1059 2207 1104 et
2231 1050 2410 1104 onmia
2437 1051 2628 1104 adesse
2677 1049 2945 1114 arbitror;
3001 1058 3056 1104 et
3104 1049 3235 1104 mihi
3297 1052 3523 1105 memori

1941 1139 2129 1193 omnia
2171 1137 2380 1192 laetiﬁca
2439 1146 2754 1203 sucurrunt,
2785 1150 2962 1194 mores
3025 1136 3163 1190 bene
3215 1136 3524 1206 compositi,

1951 1223 2254 1284 Iit'terarum
2289 1225 2550 1295 studium,
2598 1228 2766 1282 animi
2799 1225 3121 1292 moderatio,
3163 1239 3226 1280 ac
3276 1219 3525 1296 inprimis

1949 1322 2216 1392 sapientia
2260 1322 2596 1376 inconsultos
2631 1319 2924 1383 iuventutis
2972 1319 3207 1389 impetus
3242 1332 3521 1373 coercens.

1948 1413 2124 1484 Atque
2151 1428 2360 1468 mecum
2387 1412 2681 1480 aliquando
2718 1411 2956 1480 recOgitn
2989 1401 3355 1487 qualis-fieret
3395 1409 3525 1464 sibi-

1947 1514 2060 1560 mct
2084 1505 2325 1568 relictus,
2353 1505 2443 1576 qui
2486 1504 2643 1558 nobis
2672 1503 2924 1558 omnibus
2954 1502 3332 1571 spectantibus
3358 1500 3520 1556 talem

1946 1613 2006 1652 se
2058 1598 2340 1653 ostendit:
2376 1597 2548 1650 vincet
2587 1596 2731 1650 enim
2763 1586 3279 1650 excellentissimum
3328 1602 3518 1648 contra

1945 1687 2182 1754 seipsum
2207 1685 2554 1750 obluctando,
2571 1694 2626 1738 ut
2643 1675 3158 1752 pateatabsentibus
3189 1683 3345 1737 nobis
3369 1682 3518 1736 illum

1946 1787 2092 1834 certe
2117 1779 2373 1833 virtutem
2403 1785 2623 1848 propter
2671 1778 2840 1844 ipsam
2881 1777 3135 1843 coluisse,
3183 1777 3274 1846 qui
3325 1793 3391 1831 ne
3422 1791 3520 1830 nos

255 1863 366 1933 ἄρα
423 1863 492 1917 δι’
543 1864 714 1936 αὐτὴν
769 1864 932 1934 ἐτίμα
973 1865 1072 1936 τὴν
1118 1865 1353 1935 ἀρετὴν,
1385 1866 1482 1935 οὐχ
1519 1865 1668 1936 ἡμᾶς
1715 1868 1839 1930 τοὺς

1945 1866 2160 1934 quidem
2195 1872 2507 1934 spectantes
2540 1875 2773 1920 veretur.
2827 1861 3088 1932 Quamvis
3125 1875 3306 1921 autem
3358 1865 3518 1919 luxu-

253 1955 498 2024 ὁρῶντας
528 1956 847 2026 αἰδούμενος
865 1972 881 1986 ·
909 1956 959 2009 εί
980 1955 1037 2009 δὲ
1068 1955 1355 2022 καὶ-πόλιν
1384 1956 1496 2026 ἔχει
1523 1958 1838 2028 τρυφῶσαν,

254 2049 353 2101 καὶ
384 2048 554 2102 πολλὰ
592 2048 690 2118 τῆς
733 2047 1024 2116 ἀσελγείας
1068 2049 1137 2100 τὰ
1173 2047 1629 2118 παραδείγματα,
1682 2049 1841 2104 τοῦτο

254 2140 669 2210 φιλοτιμότερον
696 2140 859 2193 αὐτὸν
890 2139 1166 2205 ἀντιτάξει
1200 2145 1317 2204 ταῖς
1347 2142 1559 2212 ἡδοναῖς
1579 2156 1595 2170 ⁸
1623 2142 1707 2205 τίς
1731 2143 1840 2214 γὰρ

252 2232 496 2305 ἀθλητής
536 2233 630 2285 ἐπὶ
670 2234 731 2286 τὸ
763 2235 918 2305 νικᾷν
969 2234 1367 2304 σεμνυνόμενος
1406 2236 1485 2297 εἰς
1535 2233 1839 2303 Ὀλυμπίαν

252 2321 449 2389 ἐλθὼν,
473 2322 569 2378 τοῦ
616 2323 826 2394 ἀγῶνος
859 2325 922 2378 τὸ
956 2324 1216 2396 μέγεθος,
1248 2326 1440 2398 καιρὸν
1495 2327 1694 2399 ῥᾷστον
1731 2328 1840 2380 εἰσ-

253 2416 558 2486 ηγήσεται;
590 2414 708 2470 ἀλλ’
739 2415 838 2470 οὐκ
877 2416 1136 2469 ἐπιτείνει
1171 2417 1270 2487 μὲν
1301 2417 1501 2472 αὐτίκα
1537 2418 1638 2489 τὴν
1666 2417 1838 2488 ἀσκη-

255 2523 364 2571 σιν,
398 2505 687 2576 βεϐαιώσει
731 2507 788 2561 δὲ
822 2509 921 2570 τὰς
961 2507 1342 2578 προλαϐοῦσας
1370 2511 1435 2581 τῇ
1473 2510 1717 2576 μείζονι;
1742 2509 1838 2561 καὶ

255 2601 324 2654 σὺ
368 2600 434 2671 δὴ
477 2600 655 2670 μύσας
699 2600 799 2664 τὰς
846 2599 1160 2671 αἰσθήσεις,
1208 2601 1432 2673 ἀκλινὴς
1471 2601 1603 2669 πρὸς
1653 2603 1838 2656 πᾶσαν

250 2691 424 2763 ἀκοήν
454 2691 550 2744 καὶ
577 2690 704 2745 θέαν
737 2693 1025 2762 γενόμενος
1042 2730 1058 2756 ,
1092 2691 1288 2756 δείξεις
1313 2677 1387 2754 ώς
1413 2692 1511 2762 οὐχ
1534 2694 1566 2763 ή
1598 2691 1707 2745 τῶν
1731 2709 1834 2744 κα-

253 2783 370 2836 κῶν
401 2784 604 2855 ἀπορία
646 2783 746 2855 τὴν
793 2770 1145 2855 σωφροσύνην
1186 2778 1298 2837 οἶδε
1333 2785 1512 2854 νικᾷν,
1560 2783 1674 2838 ἀλλ’
1707 2783 1834 2836 ἔνθα

253 2863 366 2927 τῶν
397 2875 742 2946 σεμνοτέρων
785 2871 816 2927 ὁ
843 2874 1005 2938 πόθος
1025 2890 1038 2903 ·
1073 2873 1174 2928 κᾶν
1205 2874 1305 2938 τὰς
1333 2874 1596 2946 Σειρῆνας
1625 2877 1832 2938 εἴποις,

254 2963 362 3019 κᾶν
398 2965 498 3036 τὴν
536 2965 714 3020 πάντα
739 2964 1185 3036 μεταϐάλλουσαν
1219 2966 1456 3036 Κίρκην,
1494 2967 1702 3036 κινήσει
1728 2965 1835 3018 πά-

252 3061 341 3111 λιν
383 3057 669 3120 Ὀδυσσεύς
689 3073 704 3088 ·
752 3057 845 3110 νῦν
877 3055 939 3111 τὸ
971 3049 1137 3127 ’μῶλυ
1166 3057 1409 3124 δεικνὺς,
1439 3059 1620 3125 λόγον,
1652 3053 1830 3126 οἶμαι,

253 3149 445 3224 τοῦτον
474 3143 714 3215 ὃν-οὗτος
749 3150 1097 3224 ἐδωρήσατο*
1135 3152 1251 3205 νυνὶ
1284 3151 1341 3204 δὲ
1375 3149 1680 3221 περιδείσας
1706 3151 1836 3204 ἑαυ-

253 3243 349 3297 τὸν
372 3245 571 3316 ἀρετῇ,
595 3243 689 3298 καὶ
707 3244 874 3297 πολλὰ
895 3243 1121 3314 βιώσας,
1152 3239 1332 3316 οἶμαι,
1375 3243 1710 3316 παραπλέων
1737 3245 1835 3308 τὰς

258 3334 424 3406 ἠδονά
436 3355 480 3398 ς.

774 3421 902 3480 Ne'.
944 3420 1360 3499 ΔΠΟΛΛΩΝΙῼ.

258 3564 261 3566 -
341 3521 400 3576 Ὀ
423 3521 812 3584 εὐλαϐέστατος
845 3521 1199 3592 Μαρτύριος,⁵
1227 3521 1473 3575 πλουτῶν
1507 3521 1605 3592 μὲν
1635 3523 1838 3594 ἀρετῇ,

253 3616 324 3685 τῇ
353 3613 412 3666 δὲ
437 3612 576 3684 τύχῃ
606 3613 934 3684 πενόμενος,
961 3612 1130 3666 δεῖται
1161 3611 1262 3681 τῆς
1308 3613 1582 3684 ὑμετέρας
1628 3614 1799 3682 ῥοπῆς
1821 3628 1836 3642 ο

256 3705 525 3775 πλείστην
555 3704 684 3774 ἔχω,
713 3703 788 3766 ὣς
818 3721 1005 3774 φησιν,
1026 3705 1091 3758 ὲκ
1111 3703 1219 3756 τῶν
1246 3703 1567 3771 φθασάντων
1595 3705 1694 3774 τὴν
1720 3707 1839 3756 πεῖ-

261 3812 402 3868 ραν’
437 3796 532 3850 καί
573 3813 639 3866 με
675 3795 872 3868 ῥᾳδίως
913 3795 1130 3849 ἔπειθεν
1177 3797 1561 3865 ἐπιστάμενον,
1595 3796 1670 3859 ὡς
1703 3797 1838 3850 πᾶσι

256 3892 420 3962 χεῖρα.
451 3873 768 3959 ¹προιιιείνεις
796 3891 908 3951 τοῖς
946 3887 1236 3960 ὀρθοῦσθαι
1270 3888 1546 3958 δεομένοις
1576 3889 1669 3942 καὶ
1702 3889 1839 3959 πρὸς

259 3981 584 4050 ἐπικουρίαν
616 3978 874 4034 καλοῦσιν
897 3994 911 4007 °
945 3978 1183 4032 τοσαῦτα
1225 3979 1334 4049 γὰρ
1365 3978 1505 4049 ἔχων
1545 3980 1674 4053 παρ’
1707 3980 1838 4049 ἡμῖν

257 4074 360 4126 ὅσα
405 4071 532 4144 μήτ’
582 4071 737 4140 ἰσχὺν
781 4071 1024 4142 ἐντίθησι
1075 4072 1170 4124 καὶ
1215 4071 1580 4142 ἀποθνήσκειν
1630 4072 1724 4142 ἑᾷ,
1757 4071 1838 4134 είς

260 4168 406 4236 ὑμᾶς
435 4167 536 4237 ὁρᾷ
557 4209 571 4231 ,
602 4164 752 4218 λύσιν
775 4160 912 4217 εἶναι
945 4163 1132 4217 κακῶν
1151 4163 1211 4216 τὸ
1239 4163 1478 4217 τοιοῦτον
1500 4163 1800 4235 ἡγούμενος
1818 4181 1832 4196 ο

257 4258 376 4312 ἀλλ’
409 4258 633 4328 ἀντέχου
673 4257 1002 4328 προθύμως,
1052 4257 1206 4326 ὄμμα
1252 4257 1428 4319 διδους
1475 4257 1702 4327 εὐμενὲς
1743 4258 1836 4311 καὶ

255 4351 346 4405 διὰ
376 4352 574 4407 σαυτὸν
605 4353 697 4406 καὶ
727 4351 794 4404 δι’
824 4351 925 4421 ἐμὲ
957 4352 1048 4403 καὶ
1074 4350 1160 4403 διὰ
1188 4349 1278 4402 τὸν
1300 4352 1355 4402 ἐν
1384 4350 1545 4421 χρείᾳ
1566 4350 1836 4418 καθεστη-

258 4444 421 4496 κότα·
454 4443 674 4514 καὶγὰρ
704 4442 923 4514 θαρρῶν
948 4441 1129 4506 ἔλεγεν
1150 4441 1224 4505 ὡς
1251 4443 1344 4494 ἐὰν
1373 4441 1499 4513 δέξῃ
1533 4439 1835 4518 γράμματα

259 4537 390 4604 παρ’
435 4535 570 4606 ἐμοῦ
591 4578 606 4600 ,
637 4535 787 4587 οὐδὲν
817 4535 847 4587 ὃ
871 4551 926 4586 τι
953 4535 1028 4604 μὴ
1070 4533 1263 4604 ῥαδίως
1304 4533 1582 4601 ποιήσεις
1612 4528 1746 4599 ἐμοῦ
1779 4529 1836 4581 δὲ
1868 4554 1913 4612 D

261 4626 597 4696 μειδιῶντος,
627 4625 722 4679 καὶ
747 4622 941 4676 ὁπόθεν
971 4619 1108 4675 οἶδεν
1137 4621 1492 4691 ἁνερομένου,
1522 4618 1618 4672 καὶ
1640 4631 1837 4683 κατεγ-

257 4719 496 4788 γυᾶσθαι
549 4717 610 4770 τὸ
652 4716 843 4787 μέλλον
881 4715 1101 4784 ἕτοιμος
1151 4711 1220 4785 ἦν
1257 4730 1271 4744 ο
1308 4711 1526 4765 οὐκοῦν
1552 4710 1836 4780 πλήρωσον

255 4811 405 4881 αὐτῷ
445 4810 544 4872 τὰς
587 4808 810 4872 ἐλπίδας
830 4851 844 4874 ,
889 4807 975 4860 ’ίνα
1008 4806 1082 4877 μὴ
1115 4805 1301 4875 χρείας
1333 4799 1490 4863 αὖθις
1523 4801 1834 4871 καλούσης,

256 4903 632 4971 κατεγγυᾶται
677 4902 738 4953 τὸ
784 4900 998 4970 μέλλον,
1052 4898 1128 4962 ὡς
1179 4898 1330 4951 οὐδὲν
1382 4893 1648 4962 ἁνύσαιμι
1703 4890 1835 4960 παρ’

256 5012 410 5066 υμιν.

819 5169 896 5224 ε’.
937 5164 1264 5237 Numano.

326 5265 407 5316 Τὰ
440 5262 540 5332 μὲν
577 5261 637 5328 ἐξ
682 5260 837 5330 ὑμῶν
882 5258 1186 5329 γράμματα
1215 5256 1350 5326 πρὸς
1383 5255 1482 5322 τὴν
1526 5253 1837 5324 πανήγυριν

183 5354 192 5362 ’
252 5359 355 5428 ἤδη
402 5356 588 5408 κοιλεῖ⁹
637 5356 732 5407 καὶ
770 5347 1051 5404 τὸν-οἷκον
1096 5349 1229 5420 ἡμῖν
1282 5347 1600 5420 προτιθέναι
1650 5345 1835 5415 φησὶν,

253 5446 408 5501 κοινά
440 5463 500 5498 τε
532 5446 600 5498 ’τὰ
643 5443 886 5515 παρόντα
933 5443 1111 5494 ποιεῖ·
1155 5440 1247 5493 καὶ
1288 5439 1348 5491 τὸ
1373 5438 1466 5491 τοῦ
1499 5437 1658 5506 λόγου
1703 5436 1836 5506 ἡμῖν

225 5536 459 5604 -ἁγαθὸν
485 5535 923 5602 ἀπαγγέλλεταιο
960 5533 1071 5601 ἐγὼ
1095 5531 1152 5584 δὲ
1184 5531 1286 5600 τῆς
1322 5530 1421 5601 μὲν
1451 5517 1661 5588 εὐνοίας
1690 5526 1836 5597 ὑμᾶς

253 5625 638 5697 ύπεράγαμαι·
665 5625 758 5677 καὶ
776 5623 838 5693 δή
867 5640 957 5692 μοι
981 5621 1372 5693 πεπληρῶσθαι
1405 5619 1546 5673 δοκῶ
1581 5617 1680 5687 τὴν
1703 5633 1836 5668 παν-

253 5726 451 5787 ήγυριν
493 5716 786 5786 ἐπιστολῆς
831 5715 1172 5786 συμμετρίας
1210 5712 1424 5785 τυχών·
1459 5711 1595 5784 πρὸς
1644 5710 1700 5762 δὲ
1735 5709 1835 5777 τὴν

251 5805 503 5862 ἐντεῦθεν
529 5807 644 5861 ὁδὸν
669 5805 836 5861 πολλά
862 5823 952 5877 μοι
983 5804 1288 5878 καθέστηκε
1317 5804 1384 5857 τὰ
1411 5801 1734 5874 κωλύματα·
1769 5802 1832 5852 σὺ

1946 1956 2144 2009 riosam
2173 1955 2379 2009 habitet
2398 1954 2671 2009 civitatem
2693 1965 2748 2010 et
2779 1957 2942 2009 multa
2979 1951 3520 2026 habeatcorruptelm

1941 2045 2211 2114 exempla,
2268 2040 2337 2099 ob
2383 2046 2486 2106 hoc
2528 2047 2700 2116 ipsum
2747 2046 2942 2101 acriori
3003 2057 3124 2101 eum
3177 2045 3520 2101 aemulatione

1941 2126 2310 2206 voluptatibus
2341 2136 2718 2203 resistit.Quis
2740 2138 2882 2191 enim
2904 2138 3106 2192 athleta
3128 2138 3518 2193 cumvietorim

1941 2227 2236 2281 ambitione
2263 2225 2570 2298 Olympiam
2621 2225 2866 2294 veniens,
2895 2227 3210 2283 certaminis
3240 2228 3518 2296 magnitu-

1941 2321 2120 2376 dinem
2185 2318 2497 2376 facillimam
2560 2336 2680 2378 esse
2737 2321 3078 2377 occasionem
3130 2321 3520 2389 persuadebit?

1941 2426 2122 2466 nonne
2143 2420 2334 2466 contra
2370 2406 2631 2467 exercitia
2663 2427 2758 2466 sua
2791 2409 3028 2481 augebit,
3077 2416 3134 2466 et
3158 2411 3516 2479 przecedentia

1939 2499 2284 2557 cnttﬁrmabit
2316 2495 2654 2572 majoribus?
2701 2499 2802 2568 Tu,
2837 2501 3085 2558 obductis
3108 2503 3378 2567 sensibus,
3404 2489 3516 2556 rei.

1941 2608 2064 2647 reus
2091 2587 2157 2646 ad
2189 2607 2406 2647 omnem
2440 2592 2680 2647 auditum
2711 2596 2804 2646 aut.
2834 2592 3006 2648 visum
3043 2591 3238 2658 factus,
3277 2591 3517 2646 ostendis

1943 2682 2207 2738 malorum
2226 2685 2473 2740 molestia
2501 2700 2606 2738 non
2627 2678 2768 2740 vinci
2789 2683 3131 2755 sapientiam,
3156 2684 3249 2738 sed
3270 2683 3515 2752 digniora

1939 2788 2214 2848 appetere.
2250 2773 2384 2842 luto,
2423 2777 2633 2831 etiamsi
2665 2777 2868 2830 dixeris
2902 2775 3124 2830 Sirenas
3157 2776 3240 2830 rel
3285 2790 3516 2831 conver-

1941 2879 2139 2926 tentem
2189 2871 2369 2924 oinuia
2399 2868 2616 2932 Circen,
2654 2868 2831 2923 vincet
2867 2883 3040 2923 novus
3062 2861 3303 2940 Ulysses,
3358 2870 3519 2922 modo

1941 2977 2071 3016 usus
2110 2961 2271 3033 moly,
2327 2962 2378 3016 id
2427 2970 2528 3025 est,
2573 2971 2632 3014 ut
2679 2970 2826 3032 puto,
2863 2961 2950 3015 illa
2989 2975 3090 3030 qua
3131 2959 3388 3031 praeditus
3434 2969 3519 3014 est

1943 3057 2174 3122 ratione;
2211 3057 2369 3110 modo
2400 3055 2634 3124 seipsum
2660 3054 2847 3109 virtuti
2867 3051 3120 3124 alligans,
3169 3062 3223 3108 et
3248 3051 3320 3107 ita
3347 3049 3515 3106 multa

1943 3149 2214 3219 rapientes
2235 3157 2583 3204 transnatans
2608 3147 2929 3218 voluptates.

2445 3411 2577 3472 th.
2613 3403 3021 3496 APpLLONto.

2012 3507 2412 3565 Timidissimus
2441 3508 2752 3581 ltlartyrius,
2796 3509 2964 3564 dives
3023 3507 3238 3579 quidem
3291 3509 3515 3572 virtute.

1943 3601 2155 3680 fortuna
2183 3617 2312 3656 vero
2339 3614 2561 3671 pauper,
2597 3601 2799 3671 indiget
2831 3610 3012 3654 vestro
3041 3601 3305 3654 subsidio.
3345 3599 3516 3653 Maxi-

1943 3711 2082 3750 mam
2115 3697 2305 3757 ltabeo,
2365 3707 2420 3748 ut
2451 3697 2547 3755 ait.
2597 3711 2664 3748 ex
2710 3695 3206 3763 przedeeessoribus
3229 3693 3516 3764 experien-

1943 3789 2108 3851 tiam;
2143 3797 2420 3850 caeterum,
2479 3797 2562 3840 me
2596 3779 2756 3840 facile
2788 3786 3052 3854 persuasit
3089 3785 3349 3838 scientem
3381 3800 3517 3854 quo-

1899 3918 1906 3924 .
1939 3880 2101 3933 modo
2135 3889 2347 3932 manum
2382 3877 2628 3947 porrigas
2674 3877 2929 3930 omnibus
2978 3875 3206 3930 relevari
3249 3891 3385 3943 opus
3416 3877 3516 3929 lia-

1939 3971 2191 4024 bentibus
2233 3978 2288 4024 et
2320 3985 2415 4022 vos
2445 3969 2511 4022 ad
2533 3967 2790 4022 auxilium
2823 3966 3163 4022 Vocantihus.
3216 3966 3348 4020 Nam
3376 3968 3514 4036 apud

1940 4079 2036 4118 nos
2052 4062 2138 4118 illa
2162 4071 2364 4117 tantum
2386 4062 2666 4132 reperiens
2683 4076 2802 4131 qum
2819 4075 2916 4114 nec
2945 4061 3086 4114 vires
3105 4059 3398 4122 suliicinnt,
3420 4074 3518 4112 nec

1941 4163 2167 4206 mortem
2195 4152 2516 4221 impediunt,
2548 4152 2616 4205 ad
2647 4166 2742 4204 vos
2771 4159 3002 4220 spectat,
3044 4150 3094 4202 in
3133 4149 3232 4201 hoc
3258 4147 3514 4199 utrolibe—

1941 4245 2205 4299 rationem
2251 4241 2442 4297 adesse
2488 4241 2748 4293 malorum
2798 4247 2993 4307 putans
3031 4256 3043 4288 :
3086 4252 3208 4288 eum
3277 4235 3515 4288 studiose

1938 4338 2150 4404 excipe,
2174 4334 2386 4385 oculum
2419 4339 2740 4386 convertens
2765 4328 3081 4382 benevolum
3127 4333 3181 4380 et
3226 4326 3293 4379 ad
3348 4339 3432 4378 me
3461 4336 3514 4379 et

1939 4431 2002 4480 ait
2029 4428 2258 4494 teipsum
2290 4435 2342 4478 et
2375 4426 2440 4477 ad
2470 4424 2739 4477 hominem
2772 4415 2826 4474 in
2869 4420 3188 4474 necessitate
3220 4426 3510 4472 versatum.

1940 4519 2288 4572 Conlidenter
2321 4515 2465 4569 enim
2497 4515 2710 4567 dicebat
2761 4522 2831 4575 te,
2866 4511 3078 4564 litteras
3111 4528 3138 4562 a
3167 4521 3251 4563 tne
3285 4509 3329 4584 si
3373 4509 3516 4561 arci-

1941 4624 2117 4680 percs,
2179 4605 2309 4659 nihil
2353 4618 2456 4658 non
2501 4602 2658 4658 facile
2709 4615 3124 4656 concessurum.
3206 4597 3288 4652 Me
3333 4607 3511 4651 autem

1938 4694 2272 4755 subridente,
2325 4702 2380 4746 et
2411 4693 2779 4760 interrogante
2808 4690 2950 4742 unde
2992 4690 3044 4742 id
3071 4687 3260 4750 sciret,
3284 4702 3514 4756 sponso-

1939 4803 2052 4843 rem
2080 4786 2147 4840 de
2177 4783 2356 4839 futuro
2395 4798 2454 4838 se
2488 4784 2620 4837 dare
2653 4782 2896 4850 parabat.
2958 4779 3124 4850 Imple
3183 4779 3348 4852 igitur
3389 4795 3516 4850 spes

1940 4876 2100 4940 illius,
2131 4893 2195 4931 ne
2224 4891 2354 4938 non,
2389 4877 2710 4929 necessitate
2745 4875 2938 4927 iterum
2990 4884 3237 4944 urgente,
3289 4887 3518 4941 sponso-

1939 4985 2051 5024 rem
2078 4969 2145 5024 de
2170 4967 2352 5022 futuro
2396 4981 2454 5021 se
2501 4969 2593 5020 det
2634 4963 2900 5033 me_nihil
2943 4979 2972 5017 a
3003 4965 3153 5019 vobis
3181 4979 3302 5019 esse
3327 4963 3516 5018 obten:

1941 5070 2139 5113 lurlllll.

2469 5141 2578 5204 LX.
2623 5140 2987 5206 NEPIIALIO.

1950 5259 1957 5265 '
2010 5237 2218 5300 Vestra:
2247 5243 2442 5298 litterae
2475 5244 2541 5296 ad
2576 5244 2880 5313 convivium
2908 5243 3019 5311 jam
3064 5256 3162 5295 nos
3193 5251 3517 5301 convocem,

1939 5355 2003 5395 ac
2028 5338 2247 5390 domum
2289 5335 2446 5390 nobis
2481 5335 2776 5405 praeparari
2833 5334 3041 5399 dicunt,
3099 5339 3153 5386 et
3187 5333 3365 5386 omnia
3399 5347 3520 5400 qua:

1941 5417 2206 5489 continet,
2230 5428 2537 5482 communia
2566 5425 2792 5481 faciunt.
2850 5413 3043 5480 Sermo
3067 5416 3518 5492 vesteroptimum

1940 5525 2070 5578 mihi
2123 5523 2283 5577 aﬂ’ert
2332 5521 2600 5586 ntmtium,
2651 5528 2704 5574 et
2739 5518 3110 5573 benevolentia
3159 5528 3338 5571 vestra
3374 5532 3522 5571 sum-

1940 5627 2080 5666 mam
2107 5612 2237 5666 mihi
2269 5620 2447 5665 movet
2485 5609 2942 5672 admirationem;
2989 5617 3149 5677 atque
3187 5607 3313 5660 mini
3337 5607 3520 5658 videor

1939 5715 2138 5760 coetum
2188 5705 2566 5774 complevisse,
2625 5701 2867 5770 epistolae
2917 5701 3098 5755 habita
3151 5701 3519 5773 proportione.

1945 5799 2170 5866 Verum,
2192 5798 2483 5869 quominus
2513 5796 2636 5851 hinc
2665 5796 2912 5852 recedam
2942 5796 3110 5854 multa
3148 5795 3278 5851 mihi
3302 5795 3520 5851 obstant
