4014 6482
1809 361 2125 422 PROCOPI
2134 361 2158 421 Ι
2189 358 2431 420 GAZAZI

537 479 945 552 impedimenta.
985 475 1068 532 Tu
1098 484 1302 540 autem,
1352 484 1502 545 opto,
1557 487 1902 546 prosperare,
1956 475 2111 528 vince

2233 471 2272 526 ῑέ
2305 488 2396 542 μοι
2419 469 2514 524 καὶ
2543 467 2752 539 πρᾶττε
2782 464 2986 531 καλῶς,
3019 460 3116 517 καὶ
3138 461 3264 516 νίκα
3285 459 3354 514 τὰ
3375 456 3802 552 λυποῦντα,κώ

539 571 839 635 molestias,
871 585 933 624 ac
956 581 1226 628 memento
1247 583 1352 623 non
1384 567 1722 622 solummodo
1744 566 2112 636 praesentium.

544 665 697 732 Quod
741 672 918 718 autem
977 661 1081 714 luis
1126 660 1320 714 litteris
1367 673 1465 714 nos
1501 657 1740 728 dejectos
1782 658 1980 728 erigas,
2013 657 2118 712 hoc

544 759 714 812 satius
749 756 888 809 duco
928 767 1085 820 quam
1121 751 1420 821 Polycratis
1471 749 1808 804 felicitatem.
1862 748 2115 804 Nostrum

545 846 690 901 enim
747 842 984 896 auditum
1027 839 1126 894 viri
1163 840 1522 910 simpliciores
1551 848 1978 904 commoverant,
2023 837 2116 892 tibi

549 932 832 992 videlicet'
861 935 1034 989 diram
1087 934 1351 988 accidisse
1405 931 1808 998 calamitatem;
1856 946 1920 986 ac
1952 931 2018 986 de
2063 938 2120 984 te

549 1030 824 1094 dicebant,
855 1027 1054 1096 Captus
1099 1036 1183 1081 est
1225 1027 1365 1081 inter
1390 1025 1757 1089 vendendum,
1801 1024 1852 1078 in
1884 1023 2121 1078 obscuro

550 1122 788 1176 inclusus
818 1129 921 1174 est.
962 1118 1025 1172 Et
1059 1118 1188 1172 talia
1208 1117 1498 1179 narrando.
1535 1125 1701 1171 testes
1727 1115 2120 1192 producebapt;

549 1228 685 1283 quos
716 1211 868 1266 illinc.
907 1212 1093 1265 venire
1121 1209 1379 1263 audacter
1422 1208 1794 1272 afﬁrmabant;
1853 1207 1988 1261 alius
2033 1207 2121 1261 alii

551 1304 863 1365 cuarrabat,
898 1311 952 1356 et
983 1318 1080 1372 per
1106 1315 1293 1356 omnes
1311 1299 1449 1354 fama
1476 1300 1863 1355 bacchabatur.
1895 1300 2123 1365 Verum,

553 1396 734 1450 statim
757 1410 820 1448 ac
855 1405 998 1447 tuam
1035 1394 1208 1463 recepi
1238 1393 1521 1461 epistolam
1555 1402 1762 1444 tantum
1805 1389 2005 1458 iniusto
2037 1407 2124 1444 ru-

557 1487 689 1541 mori
724 1486 1185 1542 contradicentem
1215 1493 1274 1538 ut
1308 1486 1370 1538 ad
1405 1494 1603 1537 castum
1643 1483 1846 1536 amicos
1880 1491 2123 1545 vocaret,

555 1579 840 1635 confestim
887 1579 1083 1650 gaudio
1111 1577 1398 1640 exsultavi,
1434 1585 1488 1630 ct
1539 1575 1807 1630 mendacii
1839 1588 2128 1644 argumen-

560 1685 669 1729 tum
706 1674 931 1737 habens,
969 1674 1167 1739 ubique
1216 1671 1358 1725 illam
1407 1670 1764 1738 praedicabant
1799 1686 1812 1722 :
1848 1668 2002 1720 itaut
2036 1666 2126 1736 qui

557 1768 682 1820 olim
710 1763 1305 1824 fuerantaudacissimi,
1333 1761 1668 1816 nunctnmsti
1694 1761 1896 1830 pudore
1919 1757 2128 1813 suffun-

2221 563 2470 632 μέμνησο
2512 559 2586 630 μὴ
2617 558 2777 629 μόνον
2805 555 3090 626 παρόντων
3109 554 3200 606 “si
3229 552 3286 605 δὲ
3317 551 3642 621 γράμμασιν
3667 549 3803 605 ἀθυ-

2213 649 2461 725 μοῦντας
2492 651 2744 718 ἀνάγοος,
2780 648 2940 703 τοῦτο
2974 648 3074 718 μέν
3107 646 3206 716 τῆς
3229 643 3614 714 Πολυκράτους
3643 642 3806 694 εὐτυ-

2220 741 2344 811 χίας
2371 740 2691 812 σεμνότερον
2707 739 2919 810 ’.πολλᾶ
2940 737 3050 809 γὰρ
3073 738 3122 790 οί
3151 737 3378 806 χρηστοὶ
3405 735 3505 797 τὰς
3526 732 3804 806 ἡμετέρας

2221 831 2499 886 διέσεισαν
2531 831 2733 898 ἀκοὰς,
2765 829 2841 894 ὡς
2877 829 3132 900 πέπραχέ
3175 845 3229 881 τι
3263 827 3466 882 δεινόν’
3506 825 3566 878 σέ
3594 823 3658 893 δὴ
3710 823 3800 874 λέ-

2223 939 2430 992 γοντες,
2459 925 2534 987 ὼς
2559 913 2674 995 ἥλῳ
2699 923 2976 995 πράττων,
3001 923 3077 984 ὡς
3096 923 3322 990 γέγονεν
3349 919 3566 989 ἀφανής
3585 933 3599 946 ·
3628 915 3798 970 ταῦτα

2221 1015 2654 1083 λογοποιοῦντες,
2683 1014 2969 1087 μάρτυρας
3003 1016 3276 1084 παρῆγονο
3291 1010 3388 1074 οὓς
3405 1009 3627 1064 ἐκεῖθεν
3644 1009 3802 1078 ἣκειν

2225 1105 2656 1177 διισχυρίζοντοο
2701 1107 2794 1160 καὶ
2847 1106 3005 1169 ἄλλος
3045 1104 3191 1174 ἄλλῳ
3240 1104 3513 1172 διηγεῖτο,
3565 1103 3666 1154 καὶ
3713 1099 3801 1152 διὰ

2225 1199 2448 1252 πάντων
2469 1200 2502 1268 ἠ
2536 1199 2717 1268 φήμηο
2741 1197 2816 1257 ὡς
2839 1197 2896 1250 δέ
2929 1198 3028 1268 τὴν
3053 1195 3185 1265 παρ’
3212 1194 3367 1265 ὑμῶν
3389 1193 3662 1262 ἐδεξάμην
3679 1195 3800 1245 ἐπι-

2226 1291 2418 1361 στολὴν
2451 1290 2706 1344 τοσοῦτον
2750 1291 3061 1360 ἀπέχουσαν
3112 1289 3211 1357 τῆς
3252 1287 3440 1340 ἀδίκου
3477 1288 3696 1354 φήμης,
3722 1285 3800 1347 ὡς

2226 1385 2480 1454 καὶπρὸς
2514 1387 2821 1454 πανήγυριν
2861 1386 2989 1447 τοίις
3025 1383 3211 1452 φίλους
3237 1381 3447 1443 καλεῖν,
3482 1378 3646 1441 εὐθὺς
3677 1380 3798 1445 ἐτε-

2226 1478 2398 1547 νόμην
2427 1477 2752 1548 περιχαρὴς,
2787 1465 2888 1543 ,καὶ
2921 1475 3015 1528 τοῦ
3045 1475 3275 1544 ψεύδους
3301 1473 3443 1544 έχων
3471 1471 3564 1524 τὸν
3585 1470 3797 1538 ἔλεγχον

2230 1567 2504 1638 πανταχοῦ
2529 1567 2734 1637 ταύτην
2770 1569 3104 1639 ἐκήρυττον·
3135 1567 3276 1621 ὥστε
3308 1566 3436 1628 τοὺς
3465 1562 3637 1616 πάλαι
3671 1561 3796 1633 θρα-

2231 1663 2342 1723 σεῖς
2386 1660 2539 1730 μόλις
2584 1659 2843 1733 ἐρυθριᾷ-ι
2890 1659 2984 1714 καὶ
3036 1657 3265 1712 κύπτειν
3304 1659 3386 1718 εἰς
3413 1656 3554 1724 γῆν·
3589 1653 3680 1705 καί
3705 1653 3794 1719 τῆς

2229 1739 2425 1822 τύχης,
2445 1748 2627 1824 οἶμαι,
2658 1753 2961 1824 καταῦοᾷν,
2987 1752 3071 1805 ὅτι
3116 1752 3189 1822 μὴ
3220 1749 3392 1803 πλείω
3423 1747 3617 1818 χρόνον
3649 1744 3797 1798 ἐλάν-

559 1861 836 1921 dereutur,
870 1857 920 1910 in
951 1867 1146 1911 terram
1171 1856 1355 1909 oeulos
1387 1854 1706 1925 deligerent,
1739 1868 1800 1906 ac
1823 1853 1889 1907 de
1909 1851 2125 1906 fortuna
2159 1843 2202 1904 Β
2232 1844 2410 1903 θανον.

559 1958 914 2018 quererentur
961 1948 1105 2018 quod
1159 1963 1261 2001 non
1315 1946 1516 2000 diutius
1568 1946 1620 1998 itt
1669 1943 1941 2002 oblivione
1990 1945 2126 2000 deli-

559 2044 800 2099 tuissem.
1176 2101 1184 2108 ,
2025 2043 2032 2088 .’

1132 2132 1269 2188 LXI.
1308 2132 1576 2190 SILANO.

629 2227 861 2283 Pulcher
883 2223 1174 2289 Macarius,
1215 2227 1377 2282 studii
1412 2229 1734 2294 morumque
1785 2228 1957 2294 gratia
2011 2238 2130 2279 mea

559 2321 746 2376 fruens
773 2318 1170 2382 benevolentia,
1195 2318 1325 2371 mihi
1352 2317 1529 2372 attulit
1552 2327 1786 2372 vestram
1814 2317 2130 2386 epistolam;

558 2427 661 2482 ego
691 2427 841 2476 vero,
873 2415 1223 2480 characteres
1254 2409 1429 2479 primo
1463 2418 1682 2481 aspectu
1717 2425 2042 2478 agnoscens,
2077 2420 2134 2466 et

559 2499 970 2570 inscriptionem
1013 2498 1285 2564 osculans,
1334 2491 1528 2552 statim
1577 2499 1798 2552 minime
1856 2499 2040 2553 curavi
2073 2498 2128 2552 in

561 2593 676 2663 ipsa
719 2592 926 2660 scripta
971 2583 1279 2660 penetrare.
1339 2589 1406 2643 Et
1446 2591 1702 2645 continuo
1739 2605 1941 2661 cycnus
1996 2591 2132 2646 meis

561 2682 798 2737 acciuuit
841 2683 1082 2746 auribus,
1133 2695 1196 2736 ac
1236 2680 1394 2735 veluti
1445 2695 1649 2748 pennas
1686 2692 1848 2737 vento
1879 2683 2128 2747 credens,

559 2773 814 2828 orantibus
837 2788 897 2828 se
921 2773 1065 2828 dedit
1095 2772 1410 2827 accentibus
1439 2771 1804 2838 suavissimis;
1839 2782 1986 2828 tuam
2003 2789 2133 2830 vero

561 2863 846 2921 lusciniam
898 2865 1088 2935 agnovi
1122 2879 1247 2920 vere
1293 2862 1460 2918 fuisse
1485 2863 1820 2918 Athenarum
1878 2865 2131 2936 puellam,

561 2966 616 3010 et
641 2955 834 3009 factam
861 2969 978 3010 esse
1002 2970 1178 3017 avem,
1203 2961 1257 3008 et
1285 2955 1507 3008 atticum
1533 2969 1755 3009 servare
1787 2955 1954 3010 melos
1988 2973 2003 3010 :
2033 2956 2134 3011 sub

563 3047 868 3118 hujusmodi
920 3046 1088 3114 figura
1142 3045 1313 3116 ipsam
1355 3044 1656 3118 depingunt
1702 3047 1986 3117 epistolam
2034 3048 2134 3102 ltu-

563 3137 968 3193 maumlitterm.
1005 3136 1116 3206 Ego
1157 3148 1334 3189 autem
1379 3139 1480 3191 hoc
1526 3137 1826 3194 delectatus
1877 3155 2130 3208 maguum

564 3221 787 3300 spiravi,
842 3239 896 3283 et
937 3229 989 3282 in
1018 3228 1333 3284 memoriam
1361 3229 1609 3282 revocavi
1639 3230 1872 3298 priscam
1905 3228 2135 3284 felicita-

568 3331 696 3385 tem,
733 3331 790 3374 ut
815 3321 969 3376 nobis
1006 3320 1238 3375 invicem
1270 3320 1412 3376 obvii
1444 3319 1704 3376 fuerimus
1741 3320 1891 3390 juxta
1930 3319 2133 3386 Nilum,

565 3423 623 3468 ut
653 3414 784 3468 mibi
819 3413 1030 3467 dederit
1059 3412 1268 3467 fortuna
1316 3423 1367 3467 te
1391 3428 1582 3470 secure
1610 3411 1738 3476 frui,
1784 3423 1840 3466 ut
1860 3421 1910 3469 te
1932 3413 2136 3467 amisso

565 3505 794 3560 afllictus
844 3502 1062 3570 fuerim,
1125 3513 1185 3556 ut
1215 3503 1474 3572 gaudeam
1512 3511 1565 3557 te
1619 3518 1761 3557 llllllC
1791 3514 2132 3575 recuperato,

566 3612 662 3664 per
684 3607 826 3650 tuam
855 3596 997 3649 enim
1035 3595 1320 3665 epistolam
1361 3606 1412 3650 te
1447 3595 1558 3665 jam
1582 3597 1860 3666 possidere
1897 3597 2027 3651 mibi
2053 3597 2134 3652 vi-

563 3689 714 3752 deor,
737 3697 792 3742 et
823 3702 995 3743 meam
1021 3689 1300 3742 confessus
1328 3703 1446 3742 smn
1465 3689 1847 3758 gratitudincm
1868 3689 1916 3743 ei
1951 3690 2040 3759 qui
2069 3690 2134 3744 ad

569 3795 652 3833 me
687 3779 830 3832 illam
860 3778 1060 3834 attulit.
1099 3779 1271 3846 Quam
1317 3777 1552 3844 felicem,
1608 3793 1642 3834 ο
1692 3795 1842 3851 puer,
1900 3781 2132 3844 aiebam,

566 3871 733 3926 habes
770 3869 1032 3924 familiam
1059 3871 1072 3922 l
1105 3869 1169 3923 Et
1197 3869 1273 3924 illi
1298 3871 1693 3940 exprobraham
1727 3871 1866 3938 quod
1900 3887 1959 3927 se
1986 3872 2052 3926 ad
2084 3873 2139 3926 te'

566 3960 840 4026 pertinere
884 3976 990 4012 non
1028 3960 1322 4028 detegeret.
1361 3961 1501 4027 Quid
1527 3961 1764 4017 faciam?
1801 3961 1890 4032 qui
1932 3963 2134 4031 possim

565 4050 613 4102 ei
637 4057 843 4102 tantum
874 4061 1132 4119 prastare
1154 4060 1414 4120 quantum
1453 4053 1715 4120 cupioisi
1747 4054 2132 4123 gratitudinetn

565 4138 632 4192 ad
675 4138 868 4192 bonam
917 4139 1246 4195 voluntatem
1301 4143 1724 4208 mensuraveris,
1775 4143 1909 4196 nihil
1950 4160 2054 4198 non
2104 4159 2133 4198 a

565 4229 721 4284 nobis
741 4229 992 4300 accipiet.
1033 4229 1104 4285 Ut
1131 4232 1310 4286 audivi
1345 4242 1524 4287 autem
1557 4243 1608 4288 te
1654 4234 1947 4302 nuptialem
1995 4233 2136 4299 ferre

559 4321 769 4390 jugum,
808 4330 933 4375 vota
959 4321 1069 4376 fudi
1105 4331 1162 4376 ut
1186 4330 1308 4379 tuos
1335 4325 1567 4380 viderem
1595 4325 1790 4380 libet'os
1818 4337 2027 4397 patrem
2056 4328 2132 4382 vi-

565 4409 827 4486 dentibus
851 4411 1230 4482 praedicantes.
1989 4421 1993 4424 ’

1076 4502 1237 4560 LXII.
1272 4503 1590 4560 DIODORO.

636 4593 774 4658 Quid
809 4596 900 4647 tibi
935 4595 1154 4659 accidit,
1179 4611 1210 4649 ο
1240 4596 1420 4664 lingua
1445 4597 1743 4668 multiplex,
1771 4599 1860 4668 qui
1895 4597 2003 4654 aite
2019 4599 2134 4654 cla-

565 4686 753 4738 mabas
794 4695 983 4739 contra
1031 4687 1306 4744 silentes?
1343 4686 1542 4743 Eorum
1583 4705 1704 4759 qua:
1765 4693 2136 4761 exprobrahas

565 4773 682 4843 ipse
697 4775 974 4830 convictus
998 4793 1074 4841 es,
1103 4787 1157 4832 et
1185 4787 1350 4834 temet
1376 4780 1578 4835 inscius
1605 4781 1923 4844 accusabas,
1952 4793 2007 4838 et
2031 4784 2135 4839 tuis

564 4865 865 4934 illaqueans
892 4877 1082 4935 captus
1115 4885 1172 4923 es
1198 4871 1428 4925 retibus.
1467 4871 1588 4927 Tibi
1625 4874 1822 4928 accidit
1853 4874 1995 4944 quod
2027 4875 2133 4931 fert

563 4955 850 5025 adagibm:
890 4974 908 5008 ι
943 4955 1290 5025 Exprobrans
1333 4976 1454 5030 quae
1496 4963 1608 5032 ipse
1651 4962 1846 5028 fecisti,
1897 4967 2130 5035 teipsum

561 5059 804 5110 accusas,
833 5047 1050 5115 tuisque
1080 5049 1291 5116 caperis
1328 5049 1450 5104 alis.
1493 5050 1699 5122 Itaque,
1721 5054 1766 5107 si
1791 5055 1892 5110 hoc
1913 5055 2130 5112 decuis-

559 5147 660 5202 set,
697 5147 842 5190 tuam
883 5139 978 5192 tibi
1018 5139 1240 5192 omnino
1290 5142 1619 5196 rcmisissem
1656 5145 1936 5213 episwlam
1971 5163 1984 5200 :
2019 5147 2133 5202 for-

559 5243 655 5281 san
690 5229 837 5282 enim
872 5231 1125 5286 scivisses
1149 5242 1198 5285 te
1222 5218 1590 5289 accusatorem
1621 5235 1784 5291 fuisse
1819 5241 1972 5308 quasi
2014 5241 2129 5308 ipse

561 5334 685 5373 rcus
741 5337 846 5374 non
881 5321 1101 5387 fuisses,
1145 5333 1200 5378 et
1252 5339 1397 5380 nunc
1443 5327 1755 5397 delinquere
1807 5330 1962 5398 quasi
1993 5331 2130 5386 nihil

557 5409 963 5480 cxprobrasses.
995 5413 1053 5467 In
1069 5429 1133 5469 eo
1161 5423 1337 5472 autem
1371 5417 1604 5473 maxime
1624 5421 1938 5489 peccavisti,
1961 5425 2125 5492 quod,

558 5499 780 5556 induere
815 5502 1078 5561 affectans
1106 5509 1404 5563 cothurnos
1425 5510 1582 5565 Valde
1608 5512 1942 5593 pulcliros‘et
1974 5514 2128 5584 pedi-

555 5587 656 5642 bus
709 5590 1029 5648 concinuius
1083 5605 1315 5666 aptatos,
1382 5609 1439 5652 ut
1489 5601 1767 5655 cortitedize
1810 5587 1921 5656 vult
1973 5618 2126 5672 usus,

555 5689 798 5749 agrestes
829 5683 964 5740 istas
991 5687 1183 5742 misisti
1221 5688 1432 5745 litteras
1471 5693 1696 5748 nomine
1748 5704 1799 5748 et
1831 5696 2006 5750 salute
2035 5712 2127 5752 ca-

555 5780 770 5841 rentes;
813 5783 865 5830 et
896 5776 962 5830 de
1003 5777 1122 5834 istis
1148 5787 1328 5836 tamen
1365 5783 1535 5853 magis
1565 5784 1942 5854 superbiebas,
1963 5801 2123 5856 quant

2165 4522 2214 4581 ῐ)

2793 2128 2912 2183 εΑι.
2958 2125 3226 2198 ΣΙΛΑΝῼ.

2294 2221 2376 2275 "0
2419 2221 2583 2285 καλὸς
2625 2221 2912 2290 Μακάριος
2962 2221 3200 2289 σπουδῆς
3242 2218 3402 2272 ’ἕνεκα
3454 2219 3551 2274 καὶ
3590 2217 3801 2289 τρόπων

2231 2317 2330 2386 τῆς
2373 2315 2512 2386 ἐμῆς
2560 2314 2851 2370 ἀπολαύων
2895 2313 3138 2383 εὐνοίας,
3192 2313 3435 2369 ἐπέδωκέ
3491 2333 3583 2385 μοι
3628 2314 3803 2386 φέρων

2234 2408 2507 2480 ὑμετέραν
2543 2409 2864 2478 ἐπιστολήν·
2910 2407 3022 2477 ἐγὼ
3051 2408 3110 2460 δὲ
3149 2407 3275 2471 τοὺς
3310 2405 3518 2470 τύπους
3552 2409 3805 2476 ἐπιγνοῦς

2234 2499 2350 2570 ἅμα
2379 2503 2446 2571 τῇ
2483 2497 2579 2570 θέᾳ
2613 2499 2711 2552 καὶ
2731 2499 2830 2569 τὴν
2859 2498 3172 2571 ἐπιγραφὴν
3196 2500 3586 2569 ἀσπασάμενος
3605 2541 3620 2564 ,
3650 2501 3803 2562 εὐθὺς

2239 2591 2478 2662 μελήσας
2507 2591 2682 2657 οὐδὲν,
2712 2590 2820 2644 τῶν
2848 2591 3248 2661 γεγραμμένων
3282 2591 3413 2644 εῐσω
3443 2591 3801 2660 γεγενῆσθαιο

2236 2682 2330 2735 καὶ
2376 2683 2404 2736 δ
2453 2681 2553 2752 μὲν
2600 2681 2799 2746 κύκνος
2847 2681 3011 2744 εὐθὺς
3040 2681 3240 2751 ·ἐνήχει
3274 2681 3399 2744 ταῖς
3449 2681 3673 2743 ἀκοαῖς,
3713 2683 3804 2733 καὶ

2235 2773 2426 2844 ὥσπερ
2462 2773 2542 2844 τῷ
2573 2773 2792 2846 ζεφύρῳ
2823 2773 2884 2827 τὸ
2924 2771 3124 2843 πτερὸν
3157 2771 3336 2836 ἀνεὶς,
3380 2770 3532 2834 ὅλαις
3561 2771 3807 2824 ἀνέκειτο

2235 2867 2351 2928 ταῖς
2396 2864 2559 2935 ᾠδαῖς
2605 2866 2699 2919 καὶ
2746 2863 3220 2935 μουσικωτάταις·
3270 2862 3371 2932 τὴν
3426 2861 3528 2934 σὴν
3575 2863 3804 2933 ἀηδόντςν

2235 2956 2330 3012 νῦν
2376 2956 2544 3020 ὅντως
2586 2957 2758 3026 ἔγνων
2801 2957 2877 3021 ὡς
2915 2955 3157 3027 Ἀθηνῶν
3179 2955 3423 3026 ὑπῆρχεν
3450 2955 3486 3024 ἡ
3514 2954 3682 3024 κόρη,
3714 2955 3805 3008 καὶ

2235 3049 2458 3119 γέγονεν
2499 3049 2681 3120 ὅρνις,
2716 3051 2810 3104 καὶ
2839 3049 2938 3120 τὴν
2977 3048 3228 3120 Ἀττικὴν
3267 3048 3521 3119 φυλάττει
3563 3050 3676 3112 τοῖς
3711 3049 3804 3118 μέ-

2235 3143 2384 3196 λεσι·
2418 3142 2658 3198 τοιοῦτον
2698 3139 2870 3212 αὐτῆς
2915 3133 2975 3195 τὸ
3015 3137 3202 3212 σχῆμα
3249 3140 3348 3212 τῆς
3387 3141 3679 3209 ἐτππολῆς
3708 3141 3802 3212 δη-

2240 3230 2591 3304 μιουργοῦσιν
2608 3232 2658 3284 οἱ
2675 3231 2824 3300 λόγοι
2843 3247 2856 3261 '
2888 3230 2998 3299 ἐγὼ
3025 3231 3081 3284 δέ
3108 3229 3268 3284 τοῦτο
3296 3228 3484 3295 ⁴ἡσθεὶς
3503 3230 3804 3283 ἀνέπνευσα

2235 3323 2295 3376 τὸ
2340 3322 2513 3394 μέγα,
2565 3321 2660 3376 καὶ
2710 3320 2950 3384 παλαιᾶς
2998 3321 3347 3391 εὐδαιμονίας
3394 3319 3679 3392 ἀνηγόμην
3728 3324 3808 3385 εἰς

2239 3414 2482 3486 μνήμην,
2514 3414 2590 3479 ὡς
2621 3417 2871 3484 συνεῖμεν
2905 3412 3156 3483 ἀλλήλοις
3186 3413 3337 3485 παρὰ
3371 3412 3464 3466 τὸν
3491 3414 3706 3474 Νεῖλον,
3735 3415 3808 3478 ὡς

2234 3505 2407 3570 ἀδεῶς
2445 3504 2798 3575 ἐμφορεῖσθαι
2829 3522 2928 3558 σου
2952 3495 3216 3576 παρεῖχεν
3253 3505 3289 3576 ἡ
3322 3505 3484 3576 τύχη,
3521 3505 3601 3569 ὡς
3622 3522 3809 3576 στερη-

2237 3595 2351 3662 Θεὶς
2380 3595 2649 3669 ἠχθόμην,
2691 3597 2768 3661 ὡς
2802 3597 2976 3669 χαίρω
3011 3596 3109 3652 νῦν
3136 3587 3535 3668 κομισάμενος⁸
3563 3599 3661 3651 καὶ
3706 3599 3808 3668 γάρ

2238 3705 2297 3742 σε
2326 3689 2411 3743 διὰ
2437 3688 2534 3758 τῆς
2561 3689 2855 3760 ἐπιπολῆς
2881 3689 3026 3759 ἔχειν
3049 3689 3150 3760 ἤδη
3179 3689 3338 3755 δοκῶ,
3373 3691 3465 3745 καὶ
3491 3691 3649 3762 χάριν
3666 3692 3810 3762 ὠμο-

2235 3779 2427 3854 λόγουν
2454 3777 2533 3850 τῷ
2561 3779 2766 3850 ταύτην
2788 3781 2911 3851 ἐμοὶ
2940 3780 3190 3835 δεδωκότι
3207 3797 3222 3812 ⁸
3250 3783 3366 3846 καὶ,
3403 3779 3492 3847 Ὦς
3516 3782 3808 3854 εὐδαίμων,

2235 3872 2392 3944 ἔφην,
2410 3865 2455 3927 ὦ
2468 3875 2587 3940 παῖ,
2610 3872 2704 3926 τοῦ
2722 3873 2914 3952 γένους
2933 3873 3200 3944 ὑπάρχεις
3221 3873 3236 3927 ι
3255 3875 3352 3928 καὶ
3374 3875 3708 3946 ἐμεμφόμην
3728 3878 3811 3931 ὅτι

2238 3983 2321 4020 σοι
2345 3967 2637 4038 προσήκων
2672 3966 2931 4020 ἐλάνθανε
2952 3984 2966 3999 ο
2998 3967 3082 4030 τίς
3110 3963 3205 4021 οὖν
3235 3969 3517 4037 γένωμαι;
3550 3968 3716 4022 πόθεν
3745 3970 3808 4023 ἂν

2233 4059 2501 4130 δυναίμην
2530 4054 2681 4130 αύτῷ
2705 4060 2966 4130 παρέχειν
3001 4057 3176 4114 ὁπόσα
3213 4061 3310 4113 καὶ
3343 4059 3645 4131 βούλομαι;
3679 4064 3728 4114 εξ
3755 4062 3808 4114 δὲ

2239 4155 2530 4224 μετρήσεις
2570 4155 2636 4224 τῇ
2669 4152 2949 4225 προθυμίᾳ
2980 4153 3080 4225 τὴν
3108 4149 3291 4222 χάριν,
3321 4153 3476 4207 οὐδέν
3503 4155 3654 4206 ἐστιν
3685 4154 3715 4206 ὃ
3757 4171 3807 4206 τι

2238 4244 2313 4313 μὴ
2345 4243 2574 4314 λήψεται
2616 4245 2746 4316 παρ’
2787 4244 2980 4315 ἡμῶν
3027 4243 3267 4310 ἀκούσας
3311 4243 3368 4298 δέ
3414 4261 3475 4297 σε
3506 4247 3602 4300 καὶ
3632 4245 3806 4315 γάμου

2234 4333 2421 4405 φέρειν
2459 4333 2646 4404 ζυγὸν,
2692 4335 2956 4407 εὐξαίμην
3006 4352 3099 4389 σου
3151 4338 3249 4390 καὶ
3295 4336 3494 4401 παῖδας
3527 4336 3659 4391 ίδεῖν
3699 4342 3805 4400 τοῖς

2233 4423 2401 4495 ὁρῶσι
2431 4425 2524 4478 τὸν
2560 4424 2771 4497 πατέρα
2798 4423 3193 4495 κηρύττοντας.
3353 4481 3358 4486 ,

2800 4515 2923 4571 sua
2959 4517 3258 4587 Atoaopa.

2307 4606 2374 4661 Τί
2399 4607 2557 4660 τοῦτο
2587 4606 2860 4671 πέπονθας
2885 4609 2914 4660 ὀ
2933 4607 3104 4670 πολὺς
3126 4608 3225 4677 τὴν
3247 4605 3517 4676 γλῶτταν,
3542 4608 3638 4662 καὶ
3669 4609 3808 4676 μέγα

2237 4698 2412 4750 πνέων
2458 4698 2600 4751 κατὰ
2637 4699 2747 4752 τῶν
2791 4696 3148 4751 σιωπώντωνο
3189 4697 3335 4768 ἥλως
3375 4692 3460 4761 οἷς
3499 4699 3802 4763 ἐνεκάλεις,

2237 4791 2331 4843 καὶ
2361 4791 2503 4845 κατὰ
2534 4790 2733 4846 σαυτοῦ
2779 4791 3167 4863 κατηγορήσας
3209 4789 3520 4854 ἐλάνθανες,
3566 4791 3662 4844 καὶ
3698 4793 3806 4854 τοῖς

2236 4879 2430 4934 ἑαυτοῦ
2469 4879 2705 4944 δικτύοις
2734 4881 2906 4944 ἑάλως
2939 4879 3327 4950 σαγηνευθείςο
3357 4879 3395 4934 ἃ
3424 4881 3533 4952 γὰρ
3577 4879 3806 4951 ἐμέμψω

2233 4969 2470 5042 δράσας,
2495 4969 2708 5026 οἴκοθεν
2753 4969 2899 5040 ἔχεις
2925 4969 3017 5022 τὸν
3047 4969 3290 5041 ἔλεγχον,
3331 4970 3427 5023 καὶ
3465 4973 3581 5033 τοῖς
3613 4971 3803 5024 ἑαυτοῦ

2235 5063 2454 5133 πτεροῖς
2496 5061 2696 5128 ἑάλως,
2735 5061 2838 5132 τὴν
2885 5060 3186 5132 παροιμίαν
3228 5059 3452 5114 παθών·
3501 5060 3632 5114 ὥστ’
3679 5063 3730 5112 εῖ
3756 5077 3805 5112 τι

2232 5152 2340 5206 τῶν
2371 5153 2756 5224 προσηκόντων
2796 5151 3035 5220 ἐγίνετο,
3087 5153 3190 5220 τὴν
3233 5151 3332 5222 σὴν
3358 5151 3422 5204 ἄν
3467 5167 3549 5204 σοι
3594 5150 3804 5212 πάντως

2232 5246 2524 5316 ἐπιστολὴν
2558 5243 2941 5315 ἀντεπέθηκα·
2989 5244 3134 5314 τάχα
3167 5243 3276 5314 γὰρ
3323 5242 3389 5296 ἂν
3412 5243 3586 5311 ἔγνως
3630 5245 3801 5296 ἐπιτι-

2235 5338 2418 5408 μήσας
2449 5335 2548 5406 μὲν
2573 5334 2647 5399 ὡς
2693 5331 2792 5388 ούκ
2826 5334 2892 5388 ἂν
2939 5335 3222 5405 ἁμαρτὼν,
3258 5333 3594 5404 πλημμελῶν
3622 5332 3682 5386 δὲ
3712 5331 3802 5386 νῦν

2231 5429 2306 5491 ὡς
2337 5428 2725 5497 κατηγορήσας
2753 5425 2901 5481 οὐδέν
2921 5442 2935 5456 ο
2971 5426 3066 5480 καὶ
3094 5427 3156 5478 τὸ
3187 5425 3443 5496 μέγιστον
3487 5426 3566 5478 ὅτι
3601 5425 3802 5495 φιλοτιο
3831 5427 3834 5443 ²

2233 5519 2548 5588 μησάμενος
2580 5515 2907 5587 ὑποδήματα
2938 5516 3076 5570 καλά
3104 5533 3164 5570 τε
3204 5515 3324 5571 λίαν
3351 5516 3617 5587 καὶπερὶ
3645 5517 3800 5578 πόδας

2234 5609 2454 5681 μᾶλλον,
2480 5608 2557 5673 ὡς
2595 5611 2661 5679 τῇ
2699 5608 2961 5680 κωμῳδιᾳ
2992 5609 3142 5663 δοκεῖ
3161 5650 3176 5674 ,
3219 5609 3312 5662 καὶ
3341 5607 3516 5662 ταῦτα
3547 5607 3800 5678 γραμμά-

2227 5721 2337 5758 των
2365 5701 2549 5771 Empta
2578 5703 2872 5770 πέπομφας
2891 5741 2908 5766 ,
2937 5703 3072 5774 μήτε
3128 5704 3190 5755 τὸ
3232 5701 3402 5766 δεῖξαι
3434 5701 3574 5772 μήτε
3602 5700 3665 5752 τὺ
3691 5698 3800 5768 χαί-

2232 5805 2344 5860 ρειν
2399 5789 2602 5845 εἰπών·
2644 5789 2822 5844 καίτοι
2879 5791 3084 5862 μεῖζον,
3138 5793 3214 5856 ὡς
3259 5792 3426 5856 εἰκός,
3467 5793 3558 5846 ἐπὶ
3601 5791 3798 5850 τούτοις
