4046 6386
323 350 470 417 2769

324 558 579 624 πλίνθους
616 557 697 630 τῷ
730 558 915 627 Πυθίῳ
940 558 1313 629 δωρούμενος·
1361 559 1513 630 δηλοῖ
1541 559 1598 613 δὲ
1642 558 1705 613 τὸ
1733 558 1901 615 πάλαι

325 664 388 703 σε
433 645 607 703 ταῦτα
637 646 891 718 περὶτοῦ
919 686 935 702 .
976 688 991 704 .
1028 687 1043 702 .
1077 647 1210 719 ργοῦ
1250 649 1638 719 κομισάμενον,
1686 649 1899 715 μέλλειν

324 739 413 793 ἀεὶ
442 748 542 795 και
570 740 1067 811 καταστοχάζεσθαι
1094 740 1187 813 τοῦ
1222 741 1446 811 καιροῦ,
1478 741 1626 805 ὅπως
1650 741 1716 797 ἂν
1739 742 1902 812 ἐρχο-

327 832 497 903 μένης
526 832 624 902 τῆς
657 832 1018 905 πανηγύρεως
1034 872 1050 900 ,
1076 832 1252 888 ταῦτα
1272 833 1454 888 λαϐὼν
1482 835 1761 906 προσέλθω
1786 838 1901 900 τοῖς

322 925 495 996 όρῶσι
524 925 622 997 τὴν
651 928 965 998 φιλοτιμίαν
993 928 1161 998 βοῶν’
1194 930 1316 983 ὅθεν
1348 947 1441 982 σου
1494 930 1553 983 τὸ
1580 929 1751 995 πάθος
1793 947 1899 1000 μα·

326 1018 455 1086 θὼν,
480 1021 707 1093 προῄειν
731 1021 875 1075 κατά
894 1022 986 1076 τὸν
1017 1023 1314 1093 Ὁμηρικὸν
1330 1026 1532 1079 Αἴαντα
1558 1025 1700 1094 μέγα
1718 1022 1898 1095 βιϐἀςο

328 1110 422 1165 καὶ
467 1111 835 1184 κατεκρότουν
884 1111 1007 1182 τὴν·
1034 1112 1141 1181 γῆν
1176 1114 1521 1182 ίπιστρέφων
1571 1111 1722 1182 παρὰ
1774 1114 1899 1175 τοὺς

328 1202 496 1265 πόδας
532 1204 625 1255 τὸν
676 1203 912 1272 θεατήν*
960 1204 1056 1256 καὶ
1093 1205 1256 1266 εἴτις
1306 1205 1442 1274 δρᾷν
1474 1203 1574 1256 οὑκ
1621 1202 1884 1270 ἠϐούλετο

326 1291 587 1362 ὑϐριστὴν
608 1291 796 1346 τοῦτον
827 1293 1065 1359 ἐδόκουν,
1096 1294 1188 1347 καὶ
1213 1293 1363 1356 τέλος
1388 1294 1520 1365 ὀρᾷν
1555 1293 1900 1362 κατηνάγκα-

324 1384 440 1448 ζον,
470 1384 569 1438 καὶ
596 1384 820 1456 μηδενὸς
840 1385 1149 1454 ἐρωτῶντος
1178 1386 1371 1440 ὁπόθεν
1404 1386 1512 1456 ἔχω
1539 1385 1900 1447 λαϐὼν,‹Διό-

322 1475 496 1545 δωρος
523 1477 552 1529 ό
582 1475 756 1540 δοὺς,ι
776 1477 1143 1548 ἀνεκήρυττον
1158 1493 1172 1507 ⁸
1190 1478 1284 1530 καὶ
1307 1477 1394 1531 διὰ
1413 1478 1629 1530 πάντων
1653 1477 1899 1548 ὑπῆρχεν

326 1569 414 1621 ἐπ’
445 1568 570 1639 ἐμοὶ
601 1569 718 1651 μὲν.
747 1570 1140 1641 ἀπειροκαλίας
1163 1572 1192 1624 ὁ
1220 1571 1428 1640 γέλωςο
1458 1570 1551 1625 ἐπὶ
1584 1570 1667 1623 σοὶ
1685 1570 1762 1636 δὲ,
1797 1569 1900 1640 τῆς

324 1661 537 1722 εὐνοίας
567 1664 601 1731 ἡ
641 1663 861 1733 μνήμηο
912 1664 1139 1719 τοιαῦτά
1179 1681 1262 1718 σοι
1294 1664 1405 1718 τῶν
1455 1663 1639 1719 καλῶν
1683 1664 1901 1717 ὑποδει-

326 1751 552 1820 γμάτων
589 1753 910 1823 ἀπήλαυσα,
955 1755 1154 1825 μικροῦ
1198 1755 1309 1809 δεῖν
1337 1756 1430 1809 ἐπὶ
1476 1755 1717 1828 κεφαλὴν
1748 1754 1896 1826 βαδί.

328 1861 446 1909 σας,
480 1844 627 1908 ὅπως
656 1847 713 1898 ἑν
748 1844 896 1917 καλῷ
930 1847 1028 1917 τῆς
1057 1846 1185 1911 θέας
1217 1846 1372 1901 ἔσται
1408 1847 1469 1900 τὸ
1495 1846 1686 1920 δῶρον.

406 1964 409 1969 ι
864 1938 983 1992 ειν.
1028 1940 1373 2011 sntoAth.
1627 1960 1635 1965 -

400 2028 567 2104 Οἶμαί
599 2050 661 2087 σε
696 2034 968 2088 ποιεῖσθαι
1002 2034 1121 2088 λίαν
1164 2035 1222 2087 ἐν
1247 2034 1504 2105 θαύματι,
1535 2032 1589 2086 τί
1628 2033 1765 2102 δῆτα
1804 2012 1900 2087 νῦν

330 2124 517 2196 μαθὼν
549 2125 650 2198 ἤδη
691 2126 785 2179 καὶ
817 2126 1162 2197 γραμμάτων
1205 2126 1552 2197 κατάρχομαι
1573 2141 1588 2156 ⁸
1621 2126 1812 2179 τούτου
1838 2125 1901 2196 δὲ

326 2222 425 2289 τὴν
454 2220 639 2273 αἰτίαν
661 2220 711 2272 εί
757 2218 935 2289 βούλει
955 2260 969 2286 ,
1002 2220 1336 2289 Στρατήγιος
1367 2222 1479 2281 τοῖς
1509 2218 1690 2288 λόγοις
1730 2235 1918 2289 στραο.

327 2313 545 2367 τεύεται
591 2312 733 2365 κατά
773 2311 897 2375 σοῦ,
935 2312 1029 2365 καὶ
1082 2311 1248 2374 πολὺς
1311 2310 1410 2378 μὲν
1438 2312 1560 2373 ταῖς
1612 2308 1902 2379 λοιδορίαις

328 2407 520 2475 χωρεῖ,
573 2402 792 2474 μακρὰν
825 2402 884 2455 δὲ
922 2403 1230 2457 κατατείνει
1264 2401 1619 2473 κατηγορίαν,
1684 2401 1780 2455 καὶ
1818 2400 1902 2454 δι-

329 2496 627 2566 καστήριόν
661 2512 750 2566 μοι
765 2495 862 2565 τὴν
883 2494 1062 2549 οίκίαν
1090 2492 1412 2558 πεποίηται’
1450 2493 1511 2547 τὸ
1535 2491 1593 2546 δὲ
1625 2492 1900 2563 μέγιστον,

328 2587 517 2659 ὥσπερ
545 2588 655 2659 γὰρ
688 2589 737 2639 oi
767 2587 928 2640 δεινοὶ
952 2586 1059 2639 τῶν
1088 2584 1353 2656 ρητόρων,
1378 2585 1479 2638 οὑκ
1509 2585 1764 2656 ἀρκεῖται
1789 2586 1903 2647 τοῖς

334 2677 569 2749 παροῦσι
618 2678 779 2746 μόνον
834 2675 1196 2746 ἐγκλήμασιν,
1250 2675 1387 2729 ἀλλά
1443 2674 1661 2744 μίγνυσι
1700 2673 1905 2728 παλαιά

334 2768 559 2831 χαινρῖς,
588 2768 682 2819 καὶ
710 2765 910 2837 μύθους
935 2765 1194 2836 ἀρχαίους
1218 2766 1493 2819 ἀνακινεῖο
1524 2765 1618 2819 καλ⁸
1652 2764 1905 2836 μάρτυρα

243 2906 255 2915 .
336 2859 476 2912 κατὰ
524 2857 620 2911 σοῦ
661 2857 815 2911 πόλιν
843 2858 971 2929 ὅλην
1008 2858 1107 2927 τὴν
1171 2856 1517 2928 Ἀλεξάνδρου
1567 2858 1903 2927 παρέχεται,

334 2949 460 3012 θέας
498 2949 731 3013 ἱππικὰς
758 2948 1144 3019 διηγούμενος,
1177 2948 1270 3001 καὶ
1303 2946 1485 3001 κύϐων
1526 2947 1780 3018 σπουδὴν,
1812 2948 1906 3000 καὶ

332 3042 615 3112 διαλόγους
665 3042 793 3113 περὶ
843 3042 952 3095 τῶν
1002 3042 1185 3098 ἵππων
1239 3042 1590 3113 δημοτικοὺς,
1642 3043 1737 3095 καὶ
1771 3042 1907 3096 ἅττα

335 3136 505 3214 πολλά
531 3135 707 3206 τούτῳ
752 3134 930 3203 λέγειν
975 3135 1208 3205 ἐπέλθῃ·
1244 3133 1384 3189 ἀλλά
1426 3136 1520 3188 καὶ
1572 3132 1666 3187 νῦν
1702 3151 1761 3186 σε
1793 3134 1907 3193 τοῖς

336 3230 525 3291 ἵπποις
564 3226 935 3282 ἀνακινεῖσθαί
964 3243 1127 3297 φησι,
1164 3226 1257 3282 καὶ
1283 3228 1395 3287 τοῖς
1428 3226 1642 3296 τρέχειν
1670 3226 1905 3296 δυναμέ·

335 3337 447 3383 νοις
476 3317 831 3390 παρεδρεύειν
869 3320 986 3381 ἀεὶ,
1018 3319 1115 3372 καὶ
1147 3319 1344 3387 τέχνην
1369 3334 1429 3370 σε
1463 3316 1712 3369 κολάκων
1743 3318 1908 3368 ἐπαν-

336 3409 577 3481 ῃρῆσθαι
633 3412 699 3480 τῇ
729 3411 929 3479 γαστρὶ
959 3390 1337 3481 χαριζόμεπῖον.
1384 3409 1499 3464 υύκ
1549 3407 1615 3463 ἂν
1645 3409 1910 3480 δυναίμην

339 3506 420 3567 είς
458 3503 605 3570 ἅπαξ
645 3505 822 3556 εἰπεῖν
852 3504 952 3555 ὅσα
977 3502 1041 3571 δὴ
1073 3501 1332 3564 πολλάκις
1359 3503 1477 3565 ταῖς
1521 3503 1681 3571 ἐμαῖς
1722 3503 1912 3564 ἀκοαῖς

339 3595 620 3650 ἐπαντλεῖ·
637 3596 695 3648 τὸ
717 3594 771 3647 δὲ
798 3596 989 3658 αίτιον,
1008 3593 1236 3665 Γυμνὸτ,
1263 3595 1417 3664 φησὶ,
1443 3595 1504 3646 τὸ
1523 3592 1712 3647 τούτου
1747 3591 1912 3663 μέρος

339 3688 480 3757 ὲγώ’
512 3687 573 3743 ἒν
617 3687 776 3758 μόνον
812 3705 900 3758 μοι
946 3687 1158 3757 ἱμάτιον
1191 3687 1512 3741 ὑπελείπετο
1545 3685 1680 3756 πρὸς
1710 3686 1910 3753 ταφὴν,

342 3782 433 3835 καὶ
447 3780 537 3835 διὰ
564 3780 750 3834 τοῦτον
766 3779 1055 3833 ἀνάλωται·
1078 3778 1218 3831 λίνον
1246 3778 1377 3848 γὰρ,
1404 3778 1588 3847 φησὶν,
1617 3776 1914 3846 εἰργασμέ-

340 3891 432 3928 νον
469 3873 672 3937 λαϐὼν,
715 3872 789 3934 ὡς
821 3872 886 3944 δὴ
932 3872 1089 3941 χερσὶ
1133 3870 1242 3923 τῶν
1291 3868 1471 3933 αὑτοῦ,
1517 3867 1916 3938 θεραπαινίδων

342 3964 640 4031 ἀποδείξων
687 3964 923 4034 ἱμάτιον,
970 3964 1117 4033 Ἴρου
1165 3979 1232 4032 με
1269 3960 1493 4032 παρεῖδε
1545 3959 1912 4030 γυμνότερον·

342 4056 535 4127 χρόνος
574 4054 759 4121 πολὺς,
787 4055 953 4124 φησὶ,
990 4055 1083 4107 καὶ
1122 4055 1505 4124 παρατέταμαι
1532 4055 1651 4116 ταῖς
1682 4052 1914 4105 ἐλπίσιν.

346 4150 408 4203 EI
437 4150 619 4202 τοίνυν
648 4166 730 4202 σοι
761 4149 912 4218 μέλει
935 4148 1037 4220 τὴν
1068 4149 1274 4200 ἐκείνου
1313 4144 1560 4214 γλῶτταν
1599 4145 1917 4215 πραοτέραν

345 4242 685 4314 ἐργάσασθαι
709 4242 801 4294 καὶ
830 4241 929 4304 τάς
958 4240 1097 4310 ὲμάς
1126 4238 1443 4311 ἐλευθεροῦν
1463 4240 1653 4304 ἀκοάς,
1680 4237 1754 4301 ὡς
1778 4238 1918 4306 τάχα

344 4337 531 4405 πέμπε
567 4334 843 4404 θοιμάτιον
866 4346 880 4362 ⁶
904 4333 954 4385 εί
991 4333 1048 4385 δὲ
1076 4332 1149 4403 μὴ
1172 4373 1186 4396 ,
1216 4331 1331 4384 ἀλλ’
1357 4330 1417 4383 οὑ
1444 4333 1593 4400 φέρω
1614 4329 1793 4396 λέγειν
1820 4328 1919 4379 ὅσα

347 4428 441 4481 καὶ
459 4428 665 4494 λέξειεν
684 4443 696 4456 ·
725 4426 799 4489 ὡς
823 4426 918 4479 καὶ
950 4424 1118 4495 μηδὲν
1150 4423 1289 4494 ἔχων
1324 4422 1573 4491 ἐγκαλεῖν
1599 4460 1615 4484 ,
1649 4418 1919 4489 φλυαρίαν

1741 353 2145 418 ΕΡΙΞΤΟΙΛΞ.

214 514 219 519 .
322 465 664 535 ἑφρόνησας,
708 464 745 537 ἦ
788 465 1020 537 Κροῖσος
1065 467 1272 530 ἐκεῖνος
1320 468 1417 530 τὰς
1461 466 1782 538 θασμαστάς
1836 467 1901 539 δὴ

2012 469 2092 524 ille
2138 469 2357 526 Croesus
2420 471 2696 531 mirabiles
2764 470 2998 542 Apollini
3047 470 3248 528 lateres
3312 471 3568 542 largiens.

3430 359 3589 424 2770'

2000 558 2154 613 Patet
2188 561 2513 630 jampridem
2569 571 2644 631 te,
2701 578 2770 618 ex
2808 578 2918 633 quo
2954 562 3197 619 carmina
3222 560 3316 619 illa
3338 576 3567 633 compo-

2000 652 2181 716 suisti,
2215 663 2406 722 optare
2441 670 2658 725 semper
2693 664 2749 710 et
2781 652 3039 724 auCupari
3070 655 3436 716 occasionem,
3488 665 3569 719 ut,

1999 742 2328 810 adventante
2360 755 2531 811 emta,
2565 746 2648 800 his
2665 747 2893 817 sumptis
2911 748 3164 817 prodeam
3200 761 3379 801 coram
3411 745 3569 799 bomu

2002 837 2299 890 certamina
2353 838 2747 907 spectantibus.
2803 837 2979 905 Unde,
3028 848 3173 892 tuam
3217 836 3570 906 cupiditatem

2000 942 2365 996 cognoscens,
2443 944 2763 999 progressus
2807 945 2963 996 sum,
3021 929 3176 998 juxta
3226 926 3570 983 Homericum

1999 1018 2238 1085 Ajacem,
2273 1035 2466 1089 magno
2500 1021 2746 1085 incessu;
2780 1035 2845 1075 ac
2881 1031 3078 1079 terram
3106 1019 3334 1089 strepitu
3360 1018 3572 1087 quatie-

2002 1110 2145 1174 bam,
2180 1126 2501 1167 convertens
2532 1113 2597 1166 ad
2622 1113 2784 1180 pedes
2820 1122 3219 1180 spectatorem;
3269 1121 3347 1175 et,
3379 1111 3423 1165 si
3452 1110 3573 1179 quis

2000 1204 2244 1269 aspicere
2301 1204 2487 1268 nollet,
2544 1205 2704 1261 istum
2763 1219 2861 1273 pro
2919 1204 3171 1259 insolenti
3215 1202 3479 1257 habebam
3517 1210 3572 1255 et

2003 1299 2161 1351 linem
2196 1299 2378 1354 videre
2421 1298 2714 1367 cogebam;
2778 1308 2863 1364 et,
2932 1299 3144 1353 nemine
3202 1298 3572 1364 interrogante

2001 1390 2144 1444 unde
2201 1406 2419 1451 scenam
2450 1391 2779 1457 habuissem,
2826 1390 3167 1444 clamitabam
3201 1407 3216 1445 :
3258 1406 3278 1440 ι
3309 1387 3572 1441 Diodorus

2002 1483 2179 1548 dedit;
2217 1502 2238 1537 ι
2276 1491 2332 1537 at
2361 1484 2427 1537 ab
2457 1484 2708 1538 omnibus
2732 1482 3148 1553 superveniebat
3173 1482 3301 1535 mihi
3330 1474 3570 1535 stultitim

2002 1574 2308 1641 ludibrium,
2340 1576 2435 1630 tibi
2480 1586 2662 1631 autem
2691 1574 3077 1631 benevolentia}
3105 1573 3567 1628 commemoratio.

2003 1669 2316 1740 Huiusmodi
2351 1669 2584 1726 fructum
2610 1686 2675 1727 ex
2709 1680 2799 1725 tuo
2823 1670 3116 1739 specimine
3144 1668 3358 1738 collegi,
3400 1683 3573 1737 quau—
3640 1688 3643 1691 ·

2002 1777 2160 1832 quam
2179 1777 2315 1831 pene
2335 1777 2496 1832 supra
2519 1772 2680 1832 caput
2701 1760 3107 1826 ambulaverim,
3129 1770 3185 1815 ttt
3203 1770 3352 1814 tuum
3379 1774 3571 1813 munus

2001 1852 2281 1921 pulchrum
2313 1855 2578 1923 praeberet
2610 1852 2997 1921 spectaculum.

2489 1943 2670 1999 LXIII.
2713 1943 3094 1999 EPII’IIANIO.

2071 2036 2335 2092 Existimo
2363 2044 2413 2093 te
2443 2037 2600 2091 valde
2629 2036 2883 2090 admirari
2916 2052 3013 2089 cur
3032 2036 3142 2103 jam
3172 2050 3314 2090 nunc
3334 2035 3573 2090 scribere

1999 2129 2252 2200 incipiam
2286 2146 2301 2184 :
2333 2128 2488 2197 cujus
2522 2144 2743 2184 causam
2766 2129 2810 2183 si
2836 2143 3054 2197 quaeris,
3091 2130 3204 2183 haec
3231 2136 3334 2183 est.
3366 2127 3575 2181 Strate-

2000 2222 2119 2293 gius
2164 2221 2506 2277 sermonibus
2538 2222 2798 2276 adversus
2839 2230 2890 2276 te
2919 2219 3163 2285 dimicat,
3198 2219 3456 2274 conviciis
3485 2234 3575 2287 ag-

2000 2315 2317 2386 greditur,et
2333 2314 2548 2384 longam
2575 2314 2809 2382 explicat
2831 2313 3250 2376 accusationem,
3272 2327 3335 2367 ac
3353 2314 3571 2366 domum

2002 2416 2179 2455 meam
2218 2400 2380 2468 elegit
2407 2401 2496 2457 ubi
2529 2401 2820 2456 discrimen
2853 2401 3213 2471 judicaretur.
3254 2402 3407 2468 Quod
3442 2415 3571 2455 vero

2003 2493 2297 2547 maximum
2350 2501 2457 2558 est,
2519 2493 2817 2563 peritorum
2868 2492 3039 2548 instar
3096 2493 3397 2556 rhetorum,
3467 2507 3572 2545 non

2002 2594 2291 2640 contentus
2338 2594 2423 2640 est
2462 2585 2817 2653 praesentibus
2866 2584 3199 2639 solummodo
3235 2582 3573 2646 criminibus,

2005 2675 2099 2729 sed
2135 2674 2327 2729 miscet
2355 2684 2536 2730 vetera
2570 2676 2748 2739 novis,
2789 2685 2842 2730 et
2870 2677 3120 2745 antiquos
3142 2676 3349 2730 reducit
3374 2690 3577 2729 sermo-

2007 2780 2132 2831 nes;
2167 2764 2279 2818 imo
2314 2764 2365 2817 iu
2396 2765 2763 2819 testimonimn
2784 2765 3045 2820 adversus
3086 2775 3137 2819 te
3159 2776 3321 2820 totam
3347 2765 3579 2819 Alexau-
3620 2783 3643 2813 ι.

2007 2856 2137 2910 d-riaa
2197 2856 2384 2911 urbem
2431 2855 2683 2921 suscitat,
2728 2858 2927 2926 equina
2971 2856 3214 2912 referens
3246 2867 3574 2926 spectacu.a,

2005 2959 2059 3002 et
2083 2948 2310 3002 talorum
2343 2949 2601 3013 studium,
2620 2960 2671 3004 et
2694 2950 2979 3019 pupularcs
3010 2950 3075 3004 de
3095 2950 3250 3019 equis
3277 2965 3578 3014 sermones,

2006 3048 2061 3095 et
2110 3040 2275 3094 multa
2310 3041 2413 3096 alia
2462 3058 2795 3111 qna'ettnque
2826 3042 2965 3097 illius
3010 3042 3205 3112 lingua:
3234 3053 3529 3097 occurrunt
3566 3064 3577 3097 :

2007 3134 2301 3188 etiamnum
2343 3150 2472 3189 vero
2524 3135 2654 3189 dicit
2708 3145 2760 3190 te
2805 3138 2873 3191 ab
2914 3136 3068 3204 equis
3115 3135 3261 3199 vehi,
3312 3145 3366 3190 et
3420 3152 3578 3191 cursu

2011 3227 2285 3282 velocibus
2316 3228 2553 3282 assidere
2592 3243 2826 3296 semper,
2860 3228 3271 3283 etadulatormu
3309 3238 3425 3283 arte
3462 3244 3581 3283 ere-

2011 3329 2160 3373 ctum
2185 3317 2351 3374 fuisse
2372 3320 2460 3388 qui
2491 3320 2642 3390 prius
2664 3321 2835 3374 ventri
2869 3320 3203 3390 indulgebas.
3226 3319 3341 3376 Non
3370 3335 3581 3391 possem
3637 3372 3639 3374 .

2013 3428 2115 3465 una
2139 3413 2256 3466 vice
2286 3412 2467 3466 dicere
2501 3413 2759 3481 quidquid
2792 3428 2932 3480 saepe
2955 3414 3151 3480 srepius
3182 3415 3318 3467 meis
3360 3414 3581 3469 auribus

2014 3498 2329 3560 instillabat.
2397 3504 2533 3557 Audi
2586 3520 2853 3558 causam:
2899 3522 2919 3555 ι
2954 3504 3136 3560 Nudus
3190 3520 3331 3567 sum,
3387 3504 3581 3573 inquit,

2013 3604 2274 3663 quantum
2299 3595 2432 3649 ineo
2460 3603 2560 3656 est,
2585 3610 2685 3664 ego
2716 3612 2730 3648 :
2763 3611 2925 3647 unum
2958 3596 3086 3649 mihi
3114 3606 3396 3663 supererat
3422 3597 3585 3649 vesti-

2016 3696 2254 3740 mentum
2279 3688 2344 3741 ad
2371 3688 2701 3756 sepulturam
2724 3704 2738 3752 ;
2775 3699 2827 3742 et
2856 3702 2951 3756 per
2976 3688 3134 3742 istum
3161 3688 3291 3740 mihi
3317 3690 3582 3757 perditum

2017 3778 2147 3845 fuit;
2188 3795 2311 3834 nam
2344 3781 2509 3835 linum
2534 3780 2887 3844 fabricatum,
2927 3789 2985 3834 ut
3010 3780 3209 3845 aiebat,
3264 3795 3482 3835 sumens
3529 3792 3587 3834 ut

2016 3880 2163 3926 esset
2211 3873 2483 3940 specimen
2534 3879 2590 3926 et
2642 3872 2920 3941 exemplar
2978 3872 3287 3927 vestimenti
3340 3873 3586 3927 manibus

2019 3961 2342 4016 famularum
2377 3978 2597 4016 suarmn
2626 3964 2867 4028 texendi,
2918 3963 3001 4017 lro
3043 3948 3324 4017 nudiorcm
3349 3978 3433 4017 me
3467 3979 3586 4018 esse.

2019 4070 2124 4110 non
2171 4055 2404 4110 advertit
2434 4072 2448 4107 :
2470 4053 2583 4122 jam
2616 4055 2830 4124 longum
2869 4054 3075 4109 etlluxit
3102 4050 3336 4124 tempus,
3371 4066 3425 4110 et
3466 4072 3589 4125 spes

2021 4161 2141 4201 mea
2172 4161 2388 4215 semper
2409 4145 2675 4201 differtur.
2718 4167 2737 4198 ι
2781 4146 2837 4200 Si
2864 4147 3026 4216 igitur
3049 4148 3182 4200 velis
3204 4148 3439 4215 linguam
3472 4147 3591 4214 ejus

2021 4241 2290 4295 mitiorem
2325 4241 2521 4304 facere,
2549 4250 2605 4293 et
2629 4254 2775 4293 meas
2806 4237 3035 4292 liberare
3064 4253 3243 4302 aures,
3294 4254 3454 4307 quant
3485 4239 3591 4292 cito

2021 4328 2175 4382 mitte
2198 4328 2578 4382 vestimentum
2608 4341 2623 4390 ;
2678 4326 2723 4379 si
2756 4340 2884 4389 non,
2931 4341 3038 4379 non
3077 4325 3227 4379 valeo
3258 4326 3436 4379 dicere
3463 4328 3590 4395 quid

2022 4399 2266 4469 dicturus
2293 4413 2384 4478 sit,
2424 4415 2551 4483 quia
2597 4412 2761 4466 etiam
2794 4427 2900 4467 non
2936 4413 3139 4467 habens
3163 4414 3305 4468 unde
3346 4414 3593 4469 incrimi-

346 4522 438 4574 τὸν
483 4519 597 4590 βίον
630 4518 959 4587 πεποίηται’
995 4515 1124 4569 εἰδὲ
1164 4515 1258 4568 καὶ
1284 4513 1580 4586 προσλάϐοι
1606 4531 1658 4565 τι
1696 4511 1906 4565 δίκαιον

2024 4522 2202 4576 netur,
2250 4510 2303 4563 in
2334 4508 2661 4576 loquacitate
2695 4507 2859 4585 vitam
2892 4521 3044 4561 suam
3082 4506 3323 4574 reponit;
3387 4508 3429 4561 si
3464 4510 3592 4577 quid

347 4614 524 4676 εἴποις
551 4612 619 4666 ἀν
649 4610 813 4666 αὐτοῦ
836 4611 902 4680 τῇ
935 4608 1151 4681 γλώττῃ
1172 4608 1264 4661 τὸν
1291 4606 1462 4677 θυμὸν
1492 4605 1743 4660 ἐνοικεῖν.

350 4792 464 4848 ειν.
506 4792 742 4862 ΓΕΣΣΙῼ
788 4787 1284 4859 ΙΑΤΡΟΣΟΦΙΣΤῌ
1342 4786 1539 4859 [Baud.
1567 4783 1921 4856 ΓΕΝΗΣΙῼΙ.

422 4884 636 4955 Ἥσοην
667 4884 749 4938 ὅτι
775 4884 867 4938 τὸν
894 4882 1059 4936 καλὸν
1086 4880 1357 4951 Δωρόθεον
1384 4879 1442 4932 ὃν
1468 4880 1596 4950 ὑμῖν
1629 4878 1716 4931 διὰ
1745 4896 1923 4949 γραμ-

355 4978 542 5048 μάτων
580 4975 889 5045 συνέστησα
930 4974 1219 5045 πρότερον,
1268 4969 1460 5025 τοῦτον
1508 4971 1573 5023 ἐκ
1610 4969 1924 5040 ’μεταϐολῆς

352 5068 504 5123 αὐτοί
533 5085 625 5139 μοι
652 5066 1011 5128 συνιστιῖωτες
1047 5064 1343 5135 ἐγράψατε.
1375 5063 1441 5116 Τί
1481 5062 1587 5133 γάρ
1613 5061 1699 5132 εἴη
1742 5061 1927 5132 μεῖζον

353 5163 651 5233 τεκμήριον
687 5160 783 5213 τοῦ
812 5161 934 5214 κατ’
965 5158 1184 5218 ἐλπίδας
1210 5160 1341 5228 ἡμῖν
1379 5156 1628 5227 χωρῆσαι
1656 5154 1723 5207 τὰ
1748 5154 1929 5226 γράμ-

357 5272 537 5328 ματα;
574 5252 745 5309 ἐλθὼν
780 5252 838 5306 δὲ
885 5252 1022 5324 πρὸς
1048 5254 1195 5321 ἡμᾶς
1223 5251 1374 5304 οὐδὲν
1412 5249 1570 5321 ἤθελε
1600 5249 1799 5315 λέγειν,
1823 5250 1852 5302 ὃ
1876 5265 1928 5300 τι

358 5347 434 5419 μὴ
476 5348 535 5401 σὲ
568 5346 737 5416 κάμοὶ
776 5344 1086 5416 χαριεῖσθαι
1124 5342 1316 5409 θέλων,
1369 5344 1465 5396 καὶ
1493 5345 1559 5413 τῇ
1599 5342 1786 5413 μνήμῃ
1822 5341 1929 5395 τῶν

358 5441 468 5497 σῶν
504 5440 949 5512 εὐφραινόμενος,
974 5437 1067 5492 καί
1094 5453 1153 5490 σε
1173 5436 1341 5490 πολὺν
1362 5435 1454 5488 ἐπὶ
1480 5435 1744 5505 στόματος
1771 5430 1926 5505 ἦγεν,

354 5534 431 5597 ὼς
474 5533 696 5597 εῦνουν,
737 5531 812 5594 ὡς
873 5529 1099 5599 ἀγαθὸν,
1139 5529 1215 5591 ὡς
1248 5526 1464 5598 γλώττῃ
1519 5526 1614 5580 καὶ
1648 5528 1794 5597 χειρὶ
1839 5527 1931 5580 τὸν

371 5628 697 5697 ’Δσκληπιὺν
726 5626 1149 5698 παρακείμενον.
1178 5625 1284 5677 Καὶ
1302 5622 1445 5676 οὑτω
1469 5623 1531 5692 δὴ
1553 5623 1614 5675 τὸ
1636 5626 1732 5693 τῆς
1758 5623 1930 5692 ίατριο

361 5723 461 5793 κῆς
500 5721 772 5791 αὐστηρὸν
795 5721 851 5772 αἱ
882 5719 982 5789 τῆς
1022 5718 1293 5788 ὑμετέρας
1327 5716 1572 5786 γλώττης
1604 5714 1929 5785 παρεμυθή-

365 5832 523 5869 caveo
580 5812 827 5884 χάριτες·
872 5808 1041 5864 ταῦτα
1065 5807 1311 5878 λέγοντος
1344 5803 1760 5877 προυλάμϐανον
1808 5802 1932 5865 τοὺς

2022 4612 2202 4655 autem
2232 4600 2361 4670 justi
2397 4600 2738 4669 proﬁteatur,
2776 4598 2927 4653 dicas
2950 4597 3023 4651 illi
3055 4599 3293 4651 animant
3326 4598 3378 4652 in
3414 4598 3591 4668 lingua

2023 4693 2278 4748 residere.

2412 4783 2597 4839 LXIV.
2638 4783 2883 4840 GESSIO
2914 4782 3188 4839 MEDICO.

2094 4879 2324 4935 Gavisus
2352 4894 2472 4933 sum
2492 4894 2557 4933 eo
2580 4878 2723 4947 quod
2748 4878 3031 4947 pulchrum
3057 4876 3406 4943 Dorotheum,
3435 4894 3593 4947 qucnt

2026 4974 2177 5029 vobis
2208 4987 2301 5043 per
2342 4971 2547 5027 litteras
2584 4972 3092 5026 commendaveram
3134 4971 3303 5039 prius,
3348 4973 3595 5025 eumdem

2026 5066 2145 5120 vice
2160 5080 2314 5119 versa
2330 5079 2426 5119 vos
2450 5062 2550 5131 ipsi
2581 5063 2709 5117 mihi
2737 5063 2789 5116 in
2814 5063 3039 5133 epistola
3059 5061 3596 5118 comtnendavcritis:

2027 5156 2156 5227 quid
2185 5157 2326 5212 enim
2361 5156 2531 5226 magis
2558 5156 2761 5210 indicet
2794 5155 3002 5209 litteras
3055 5165 3267 5209 nostras
3322 5164 3598 5225 speratum

2027 5251 2330 5307 obtinuisse
2359 5248 2711 5304 successum?
2768 5247 2838 5303 Ut
2861 5248 2927 5301 ad
2961 5263 3058 5303 nos
3088 5248 3357 5315 pervenit,
3388 5248 3602 5303 nolebat

2029 5344 2324 5415 quidquam
2348 5340 2550 5405 dicere,
2594 5339 2722 5408 quin
2753 5348 2802 5393 te
2835 5337 2965 5391 mihi
2990 5338 3352 5406 gratissimum
3388 5337 3632 5416 edicere}

2030 5440 2276 5502 cuperet,
2332 5438 2657 5495 tuorumque
2689 5426 3072 5481 beneficiorum
3104 5426 3365 5479 memoria
3392 5418 3634 5480 laetare-'

2032 5533 2154 5589 tur;
2189 5538 2251 5577 ac
2278 5531 2327 5576 te
2351 5519 2847 5590 frequentissimum
2879 5516 2929 5570 iu
2958 5532 3052 5570 ore
3076 5517 3325 5581 habebat,
3358 5527 3417 5572 ut
3441 5520 3605 5572 bene-

2032 5616 2233 5681 volum,
2297 5622 2355 5666 ut
2413 5612 2697 5681 optimum,
2760 5620 2817 5663 ut
2861 5609 3040 5677 lingua
3071 5617 3124 5662 et
3162 5623 3320 5662 manu
3356 5607 3602 5680 Esculapi

2033 5709 2339 5779 proximum
2367 5724 2382 5761 :
2418 5720 2590 5775 usque
2608 5705 2743 5758 adeo
2772 5701 3053 5757 medicinae
3071 5701 3418 5771 asperitatem
3439 5703 3605 5758 vestri

2037 5798 2302 5855 sermonis
2332 5796 2518 5868 gratia:
2559 5793 2951 5865 temperabant.
2995 5788 3143 5845 Talia
3194 5791 3460 5860 loquentis
3492 5794 3599 5849 clue
