4046 6386
413 363 515 427 277
528 359 550 424 l

1745 351 2092 415 PROCOPII
2131 352 2374 412 GAZAEI

3577 349 3681 413 772
3741 413 3744 416 ι

414 479 518 546 gius
575 486 678 544 ego
729 473 1162 544 praecurrebam,
1217 473 1529 544 priusquam
1573 455 1865 537 audirem.
1903 479 1990 522 tua

2097 466 2352 530 ἐπαίνους
2394 465 2505 534 ἐγὼ
2535 466 2667 535 πρὶν
2693 464 2924 520 ἀκοῦσαι
2966 463 3034 518 τά
3065 463 3136 518 σά
3164 463 3549 533 διηγούμενος’
3583 464 3683 516 καὶ

416 579 640 621 narrans
658 573 743 631 ;et
773 581 788 618 :
829 582 848 616 ι
866 565 1002 619 Eum
1029 564 1138 619 fers
1158 565 1223 618 ad
1240 563 1450 634 glaucae
1463 563 1700 618 Palladis
1725 563 1936 628 urbem,
1963 578 1982 612 ›

414 656 490 710 illi
513 656 745 711 aiebam.
788 654 893 710 Sed
916 658 992 724 {eo
1019 656 1300 710 ardentior
1331 664 1470 720 eral,
1519 664 1574 709 et
1628 654 1836 723 aliquid
1865 653 1988 709 novi

411 763 472 803 sc
493 746 693 801 addere
715 754 930 814 putans,
963 744 1018 801 id
1047 746 1188 814 apud
1225 733 1659 814 me'jampridem
1693 743 1988 810 repositum

414 836 740 900 inveniebat,
807 843 919 889 tum
973 836 1206 891 libenter
1237 838 1432 890 silebat
1487 836 1782 904 deinceps;
1840 843 1992 904 post-

412 940 577 996 quam
609 924 954 981 dictitaverat
978 941 1037 980 se
1060 927 1265 997 gratias
1288 925 1488 980 habere
1516 925 1639 993 diis,
1663 925 1805 994 quod
1829 923 1987 978 talem

362 1036 366 1040 ’
409 1017 732 1073 obtinuisset
760 1017 1100 1088 magistrum,
1135 1018 1202 1072 de
1249 1033 1356 1085 quo
1405 1019 1585 1072 omnia
1620 1017 1725 1072 dici
1759 1024 1990 1086 possunt

409 1115 466 1162 et
486 1106 620 1162 nihil
643 1123 844 1164 novum
860 1108 1120 1164 nuntiari.
1147 1109 1228 1163 Tu
1249 1123 1377 1163 vero
1401 1119 1451 1162 te
1479 1118 1648 1163 totum
1685 1110 1750 1162 da
1777 1107 1986 1178 juveni,

411 1198 502 1267 qui
533 1197 747 1254 etiamsi
776 1197 911 1253 nihil
938 1197 1083 1254 aliud
1111 1198 1356 1265 haberet,
1378 1208 1528 1254 certe
1555 1197 1658 1254 scit
1675 1197 1990 1254 meminisse

411 1287 843 1345 benefactorum.

912 1380 1072 1437 LXV.
1112 1380 1482 1438 ANTIOCHO.
1782 1437 1787 1442 ,

485 1471 756 1538 Quantum
793 1473 938 1529 circa
967 1482 1018 1528 te
1052 1488 1146 1542 spe
1181 1472 1449 1527 fallebar!
1532 1471 1796 1546 Putabam
1841 1471 1990 1527 enim

412 1573 489 1629 te,
532 1564 621 1617 vix
653 1579 684 1619 e
714 1565 1017 1619 medicinali
1066 1565 1208 1618 victu
1260 1564 1568 1631 liberatum,
1622 1564 1689 1618 ad
1733 1579 1831 1620 nos
1861 1577 1991 1618 vena

361 1684 367 1689 -
415 1666 596 1710 turum
636 1656 912 1725 deinceps,
937 1656 1050 1711 sive
1069 1666 1126 1710 ut
1155 1656 1512 1725 philosophiae
1544 1666 1594 1711 te
1614 1656 1772 1715 dares
1801 1671 1988 1710 secun-

414 1746 544 1800 dum
591 1756 679 1800 tua
727 1748 1016 1816 promissa,
1075 1749 1189 1803 sive
1233 1750 1496 1804 duntaxat
1543 1758 1600 1802 ut
1627 1763 1724 1803 nos
1753 1749 1987 1802 videres.

2091 557 2310 612 Γλαῦκα
2334 558 2521 628 φέρεις
2554 557 2834 627 Ἀθήναζε,
2855 557 2992 626 πρὸς
3015 555 3205 610 τοῦτον
3225 555 3410 624 ἔλεγον
3435 555 3680 626 μειδιιῖινο

2090 650 2119 702 ὁ
2142 648 2198 700 δὲ
2228 649 2660 719 φιλονεικότερος
2684 644 2773 719 ἦν,
2804 648 2902 701 καὶ
2935 646 3110 702 δοκῶν
3132 664 3185 700 τι
3215 647 3399 700 καινὸν
3425 647 3679 715 ἐπάγειν,

2097 741 2267 794 πάλαι
2300 739 2557 811 κείμενον
2584 739 2808 811 εὕρισκε
2838 739 2968 809 παρ’
3001 737 3144 810 ἐμοί.
3185 739 3295 793 Καὶ
3337 739 3456 809 μεθ’
3484 738 3682 809 ἡδονῆς

2089 832 2251 901 ἐσίγα
2291 833 2476 887 λοιπόν
2495 833 2688 904 ’ίχάριν
2718 827 2889 885 εἰπὼν
2909 830 3056 902 ἔχειν
3084 833 3196 894 τοῖς
3219 830 3392 896 θεοῖς,
3418 831 3467 883 εί
3495 828 3681 883 τοιοῦ-

2089 940 2180 977 τον
2230 923 2495 995 εὐτύχησε
2551 922 2912 978 διδάσκαλον·
2953 924 3084 993 περὶ
3126 917 3189 975 οὗ
3227 923 3325 976 καὶ
3376 922 3556 975 πάντα
3584 921 3680 974 λέ-

2097 1029 2220 1081 γειν
2250 1012 2366 1067 ἐστι
2389 1013 2487 1068 καὶ
2522 1013 2706 1067 καινὸν
2729 1011 3089 1081 ἐπαγγέλλειν
3111 1011 3292 1066 οὐδέν’
3315 1011 3452 1065 ἀλλά
3478 1009 3681 1064 σαυτὸν

2093 1102 2214 1156 ὅλον
2256 1102 2440 1174 φέρων
2473 1103 2657 1166 ἐπίδος
2685 1101 2765 1170 τῷ
2793 1103 2922 1173 νέῳ,
2951 1101 3012 1165 ὃς
3047 1101 3098 1154 εί
3133 1101 3227 1155 καὶ
3258 1102 3426 1177 μηδὲν
3463 1102 3681 1174 ἕτερον,

2094 1195 2406 1267 μεμνῆσθαι
2429 1195 2558 1264 γοῦν
2585 1191 2693 1249 οἶδε
2716 1196 2826 1249 τῶν
2849 1195 2911 1249 εὖ
2937 1193 3254 1258 ποιούντων.

2522 1389 2525 1391 ·
2625 1378 2748 1432 ΞΕο.
2819 1378 3146 1447 ΑΝΤΙΟΧῼ.

2166 1473 2338 1542 Ὅσης
2366 1469 2459 1524 ἐπὶ
2487 1471 2572 1523 σοὶ
2599 1470 2701 1540 τῆς
2728 1470 2948 1533 ἐλπίδος
2990 1469 3328 1542 διήμαρτονί
3359 1466 3520 1539 ᾢμην
3565 1461 3684 1540 γάρ

2090 1583 2153 1619 σε
2203 1564 2359 1635 μόλις
2401 1563 2649 1634 ἰατρικῆς
2698 1561 2830 1632 ὕλης
2875 1559 3296 1638 ἀπηλλαγμένον
3344 1560 3485 1631 πρὸς
3526 1562 3680 1630 ἡμᾶς

2095 1658 2230 1711 ίέναι
2280 1656 2495 1709 λοιπόν
2547 1654 2658 1707 εἴτε
2708 1653 3148 1722 φιλοσοφήσαντα
3203 1652 3344 1706 κατά
3388 1651 3492 1716 τὰς
3544 1651 3680 1723 πρὶν

2093 1750 2448 1819 ὑποσχέσεις,
2491 1747 2604 1801 εἴτε
2635 1749 2729 1801 καὶ
2768 1747 2927 1816 μόνον
2969 1745 3268 1816 ὀψόμενονο
3307 1745 3371 1798 σὺ
3403 1745 3458 1798 δὲ
3504 1762 3676 1798 κατα-

415 1837 496 1904 Tu
513 1854 640 1893 vero
665 1840 818 1894 nobis
840 1854 1018 1896 moras
1039 1841 1232 1903 nectis,
1253 1840 1636 1895 Alexandriam
1653 1839 1987 1906 desiderans,

2094 1815 2288 1901 τεῖνε-ις
2331 1839 2506 1908 ἡμᾶς,
2551 1837 2650 1907 τὴν
2702 1815 3053 1907 Ἀλεξάνδρου
3079 1815 3305 1898 ποθῶν,
3354 1836 3449 1889 καὶ
3482 1836 3679 1905 ὥσπερ

413 1936 470 1983 et
505 1928 658 1998 quasi
687 1928 1124 1998 Lot0phagorum
1184 1941 1343 1984 terra:
1397 1929 1688 1987 inhaerens.
1735 1928 1838 1984 Sed
1871 1945 1989 1984 mea

413 2021 588 2090 gratia
625 2019 744 2075 sine
773 2019 1082 2075 Macedonis
1119 2021 1304 2074 urbem
1329 2020 1513 2074 multis
1537 2035 1763 2090 regnare
1789 2021 1990 2090 lepori-

417 2113 517 2169 bus
571 2123 627 2168 et
679 2112 782 2168 Nili
837 2114 1110 2182 marisque
1180 2112 1584 2182 pulchritudine
1638 2114 1862 2183 gestire.
1933 2111 1990 2167 Si

417 2219 598 2262 tamen
623 2206 764 2260 hanc
793 2206 964 2276 ipsam
996 2208 1183 2260 urbem
1209 2206 1375 2261 Musa:
1406 2207 1672 2272 habitant,
1713 2221 1797 2260 me
1825 2208 1988 2261 etiam

369 2311 372 2315 ‘
418 2298 582 2353 babes
633 2297 996 2361 laudatorem;
1060 2297 1155 2353 sed
1209 2299 1325 2353 haec
1359 2298 1472 2352 sint
1502 2299 1571 2352 ad
1601 2298 1989 2367 quiescendum

415 2375 696 2455 apud‘nos
743 2398 799 2442 et
827 2388 1259 2457 amplectendam
1309 2389 1454 2443 illam
1492 2405 1656 2458 quam
1689 2400 1847 2458 saepe
1875 2404 1994 2457 spe-

417 2481 654 2534 ravimus
698 2478 1114 2548 philosophiam.
1159 2479 1298 2546 Ergo
1346 2480 1556 2551 reliqua
1611 2495 1790 2536 meras
1847 2480 1993 2534 velut

416 2572 649 2638 ineptias
681 2571 954 2641 rcjiciens,
999 2574 1212 2628 imitare
1246 2574 1490 2644 Ulyssem
1537 2573 1603 2627 ad
1633 2589 1818 2628 veram
1847 2573 1992 2627 Itha-

417 2673 534 2712 cem
586 2659 917 2726 respiciens;
966 2675 1031 2714 ac
1063 2660 1194 2716 nihil
1253 2648 1302 2716 te
1347 2660 1625 2729 impediat,
1679 2676 1784 2715 non
1825 2660 1988 2726 lotus,

418 2765 522 2804 non
552 2748 728 2812 Circe,
754 2764 857 2804 non
893 2749 1143 2821 Calypso,
1175 2752 1270 2806 sed
1293 2760 1498 2819 quanto
1531 2751 1736 2821 majora
1769 2750 1990 2809 feminas

415 2847 482 2905 ad
512 2843 720 2911 bravia,
753 2852 899 2898 tanto
931 2842 1272 2898 Laertiadem
1303 2859 1644 2914 superemus.

911 2934 1098 2993 LXVI.
1141 2935 1524 2993 STEPHANO.

485 3021 651 3087 Nihil,
688 3035 749 3079 ut
770 3023 1001 3091 videtur,
1028 3040 1137 3080 non
1170 3041 1396 3082 aureum
1425 3027 1603 3083 cernis
1634 3045 1648 3082 :
1683 3028 1785 3085 hoc
1807 3039 1988 3086 autem

2091 1929 2420 1999 λωτοφάγων
2464 1931 2568 2000 γῆς
2591 1927 2970 1998 ἀντεχόμενος.
3019 1927 3159 1981 Ἀλλ’
3200 1925 3340 1997 ἐμοῦ
3375 1927 3473 1997 μὲν
3503 1927 3674 1980 ἓνεκα

2092 2004 2298 2074 νικάτω
2325 2019 2511 2091 χάρισι
2541 2019 2764 2083 πολλαῖς
2800 2019 2894 2073 τοῦ
2923 2019 3236 2084 Μακεδόνος
3280 2021 3313 2090 ή
3366 2019 3544 2086 πόλις,
3576 2021 3676 2080 καὶ

2091 2114 2286 2190 Νείλου
2318 2114 2416 2168 καὶ
2438 2113 2707 2184 Θαλάττης
2730 2111 2900 2183 ἐχέτω
2926 2111 3105 2174 καλῶς
3124 2128 3138 2142 ·
3167 2112 3216 2164 εί
3240 2111 3298 2166 δὲ
3333 2111 3429 2165 καὶ⁵
3457 2110 3678 2168 Μοῦσαι

2091 2207 2297 2276 ταύτην
2322 2205 2583 2272 οἰκοῦσιν,
2610 2205 2753 2276 ἔχεις
2780 2205 3104 2260 ἐπαινοῦντα
3128 2205 3306 2275 κάμέ·
3330 2204 3467 2258 ἀλλὰ
3495 2205 3674 2260 ταῦτα

2093 2296 2230 2365 πρὸς
2255 2296 2355 2366 τὴν
2388 2297 2520 2367 παρ’
2565 2297 2700 2366 ἡμῖν
2731 2294 2960 2365 ἡσυχίαν
3003 2296 3099 2348 καὶ
3128 2293 3225 2366 τήν
3263 2295 3584 2364 φιλοσοφίαν
3606 2294 3675 2365 ήν

2093 2384 2355 2446 πολλάκις
2394 2383 2741 2454 ὴλπίκαμενυ
2797 2383 2992 2437 οὐκοῦν
3043 2383 3214 2437 τᾶλλα
3265 2383 3519 2454 καθάπερ
3553 2385 3675 2439 τινὰ

2094 2477 2363 2548 φλυαρίαν
2417 2477 2868 2547 ἀποσεισάμενος,
2906 2475 3075 2548 μιμοῦ
3121 2475 3380 2530 Ὀδυσσέα
3409 2477 3548 2547 πρὸς
3571 2479 3675 2548 τῂν

2095 2545 2264 2631 ὅπως
2321 2565 2534 2636 Ἰθάκην
2574 2545 2736 2637 ὁρῶν.
2788 2545 2917 2620 Καί
2960 2545 3126 2637 μηδέν
3175 2583 3234 2619 σε
3271 2545 3560 2630 κωλυέτω,
3597 2545 3676 2638 pii;

2092 2647 2290 2722 λωτὸς,
2327 2657 2402 2726 μὴ
2435 2658 2638 2728 Κίρκη,
2667 2657 2742 2728 μὴ
2783 2657 3026 2727 Καλυψώ
3046 2674 3060 2688 °
3108 2658 3225 2711 ἀλλ’
3257 2659 3367 2730 ὅσῳ
3393 2661 3523 2730 περὶ
3555 2677 3676 2730 μειο

2093 2752 2262 2818 ζόνων
2287 2751 2482 2824 ἐπείγῃ
2513 2750 2620 2806 τῶν
2649 2751 2847 2818 ἄθλων,
2873 2751 3126 2806 τοσοῦτον
3151 2751 3392 2824 Λαέρτου
3435 2753 3672 2824 νικήσωο

2096 2860 2217 2913 μεν.

2620 2935 2760 3002 Ξςν.
2799 2935 3136 3007 nmmo.

2165 3027 2350 3094 Οὐδὲν,
2375 3026 2450 3090 ὡς
2472 3025 2669 3094 ἔοικεν,
2703 3028 2730 3080 ὃ
2757 3044 2811 3080 τι
2832 3027 2908 3098 μὴ
2928 3029 3154 3099 χρυσίον
3181 3029 3313 3100 ὁρᾷς
3333 3045 3349 3060 ·
3377 3029 3500 3098 ἄγει
3529 3028 3583 3082 δέ
3609 3044 3672 3083 σε

417 3113 592 3182 ipsum
628 3115 921 3179 telexlollit
955 3125 1008 3170 et
1045 3117 1245 3170 elatum
1280 3115 1430 3184 facit,
1459 3129 1515 3172 et
1545 3119 1753 3180 auratis
1802 3120 1991 3192 imagi-

2096 3121 2230 3174 αὑτὸ
2257 3121 2352 3174 καὶ
2408 3122 2555 3172 ποιεῖ
2594 3119 2910 3191 μετάρσιον,
2939 3121 3036 3174 καὶ
3061 3138 3280 3192 χρυσων
3311 3121 3549 3176 εἰδώλων
3575 3125 3673 3205 ἀνα-

416 3207 577 3265 uibus
611 3217 756 3261 tuam
792 3207 977 3277 implet
1029 3207 1490 3278 imaginationem.
1560 3209 1638 3265 Ex
1701 3227 1808 3280 quo
1847 3215 1991 3266 enim

419 3300 512 3353 tibi
541 3299 608 3354 ad
631 3303 996 3356 excusandam
1037 3315 1242 3359 moram
1267 3301 1460 3371 scripsi
1491 3317 1595 3356 non
1623 3303 1803 3357 omnia
1837 3304 1995 3359 nobis

413 3391 548 3453 dare
580 3391 1043 3459 circumstantias,
1092 3393 1188 3448 sed
1241 3407 1304 3448 ea
1340 3408 1460 3463 qua:
1494 3395 1559 3448 ad
1612 3395 1992 3450 necessitatem

418 3481 588 3552 fatum
613 3495 890 3548 mensurat
916 3483 1033 3554 (per
1061 3483 1440 3540 necessitatem
1481 3484 1858 3554 intelligendo,
1886 3503 1991 3540 non

417 3574 730 3632 divitiarum
763 3579 1069 3645 penuriam,
1120 3578 1216 3648 sed
1258 3578 1384 3632 illud
1442 3579 1495 3632 in
1545 3582 1742 3647 quoda
1777 3579 1992 3635 fortuna

416 3665 724 3736 ducimur);
752 3676 805 3722 tu
839 3667 892 3722 in
917 3683 1106 3728 aurum
1141 3681 1283 3726 totus
1305 3670 1573 3737 insiliens,
1600 3672 1728 3726 mihi
1756 3673 1991 3742 compati

418 3755 690 3813 videbaris
730 3757 1011 3828 indigenti,
1057 3767 1112 3813 et
1143 3761 1428 3829 qumrebas
1468 3761 1632 3816 solari
1663 3761 1993 3818 conferendo

418 3845 816 3914 philosophiam
852 3848 1081 3914 divitiis,
1124 3850 1353 3919 perinde
1381 3867 1445 3908 ac
1496 3853 1540 3906 si
1586 3868 1686 3921 ego
1720 3869 1992 3924 gemerem

416 3939 558 4005 quod
589 3953 695 3992 non
718 3937 895 3996 Crmsi
928 3940 1145 3997 talentis
1163 3943 1431 3997 abundcm
1466 3951 1494 3996 :'
1517 3944 1661 3999 hunc
1689 3947 1991 4002 tibisonum

417 4041 581 4082 aures
605 4037 916 4094 susurrant,
954 4039 1009 4086 et
1047 4045 1235 4092 omnes
1255 4033 1322 4087 de
1338 4048 1472 4088 auro
1503 4034 1787 4103 loquentes
1806 4037 1994 4092 audire

419 4118 511 4174 tibi
533 4119 751 4175 videris.
773 4119 932 4192 Quid,
968 4137 1062 4192 per
1084 4121 1299 4192 Jovem,
1325 4133 1378 4180 te
1409 4124 1461 4179 in
1498 4125 1802 4195 hujusmodi
1827 4128 1993 4184 hence.

418 4209 703 4270 volentiam
735 4207 1296 4283 induxit‘l'Quomodo
1331 4231 1415 4271 me
1445 4233 1762 4276 excusarem
1796 4234 1827 4272 a
1859 4218 1994 4279 scri-

419 4303 575 4361 bendi
613 4321 784 4372 mora,
815 4307 1455 4379 peculiiaa_indigentiam
1494 4310 1820 4380 allegando?
1870 4321 1992 4372 tan-,-

416 4410 576 4463 quam
611 4398 656 4451 si
697 4397 863 4452 multo
895 4397 1273 4457 circumﬂuere
1315 4416 1450 4456 auro
1496 4402 1716 4456 deberet
1746 4403 1837 4471 qui
1887 4405 1993 4472 epi,

2095 3211 2296 3282 έπληοέ
2329 3227 2422 3265 σου
2451 3210 2541 3263 τὸν
2574 3209 2720 3266 νοῦν.
2765 3210 2930 3281 Ἐμοῦ
2960 3211 3069 3283 γάρ
3095 3229 3177 3266 σοι
3208 3212 3338 3285 περὶ⁵
3357 3212 3557 3284 σχολῆς
3580 3229 3675 3282 γε-

2094 3302 2390 3370 γραφότος,
2425 3301 2501 3364 ὼς
2522 3301 2584 3354 ού
2623 3299 2802 3355 πάντα
2835 3301 3051 3358 δίδωσιν
3075 3305 3208 3374 ἡμῖν
3233 3306 3261 3358 ὁ
3291 3304 3506 3376 καιρὸς,
3553 3302 3672 3358 ἀλλ’

2094 3395 2196 3448 ὅσα
2231 3392 2368 3465 πρὸς
2396 3393 2493 3462 τὴν
2515 3393 2706 3463 χρείαν
2735 3395 2946 3467 ἀνάγκη
2975 3398 3184 3468 μετρεῖ,
3217 3395 3314 3449 καὶ
3345 3396 3540 3468 χρείαν
3589 3397 3672 3450 εί-

2095 3483 2312 3549 πόντος,
2351 3483 2411 3537 οὐ
2463 3483 2562 3555 τὴν
2599 3503 2701 3539 των
2757 3486 3058 3557 χρημάτων
3085 3487 3315 3552 ἔνδειαν,
3347 3487 3464 3541 ἀλλ’
3492 3487 3578 3556 ἐφ’
3621 3481 3676 3557 ᾧ

2094 3577 2224 3646 περὶ
2253 3577 2350 3645 τῆς
2374 3575 2542 3646 τύχης
2572 3577 2843 3647 ἀγόμεθα,
2874 3578 2940 3631 σὺ
2987 3579 3126 3650 πρὸς
3173 3578 3234 3633 τὸ
3261 3579 3484 3649 χρυσίον
3534 3578 3674 3644 ὅλως

2093 3667 2362 3736 ὁρμήσας,
2390 3669 2482 3720 καὶ
2515 3667 2873 3738 συνάχθεσθαί
2902 3686 2994 3738 μοι
3046 3669 3252 3732 tamen;
3278 3671 3457 3740 ὴπορη
3467 3668 3615 3740 μένῳ
3641 3683 3658 3697 ⁸

2093 3758 2189 3811 καὶ
2219 3757 2573 3828 παραμυθίαν
2613 3759 2850 3829 ἐζήτεις,
2898 3760 2997 3830 τὴν
3054 3759 3378 3830 φιλοσοφίαν
3413 3759 3669 3814 ἁντιτάτο

2092 3865 2201 3904 των
2229 3852 2341 3911 τοῖς
2373 3851 2652 3926 magna“:
2672 3865 2689 3882 ο
2717 3851 2792 3914 ὡς
2823 3851 2958 3922 ἐμοῦ
3010 3851 3075 3922 δὴ
3111 3852 3414 3916 στένοντος,
3453 3851 3537 3904 ὅτι
3591 3853 3671 3922 μὴ

2091 3943 2204 4004 τοῖς
2234 3941 2466 4011 Κροίσου
2523 3940 2806 4007 ταλάντοις
2850 3942 3176 4012 ἁϐρύνομαι,
3223 3942 3364 3996 οὓτω
3410 3941 3670 4013 περιᾶομο

2093 4029 2179 4084 δεῖ
2216 4048 2308 4084 σου
2338 4031 2408 4084 τὰ
2433 4025 2569 4097 ὦτα,
2617 4033 2712 4086 καὶ
2734 4032 2951 4087 πάντων
2983 4033 3162 4098 δοκεῖς
3207 4034 3431 4105 χρυσίον
3475 4033 3668 4103 λεγόν-

2092 4138 2200 4174 των
2233 4121 2452 4174 ἀκούειν
2473 4138 2486 4152 ο
2516 4122 2570 4174 τί
2597 4122 2704 4193 γάρ
2737 4138 2820 4189 σε,
2853 4123 2989 4194 πρὸς
3019 4123 3160 4188 Διὸς,
3203 4123 3298 4176 ἐπὶ
3335 4123 3539 4194 ταύτην
3572 4124 3673 4184 ἐπ-

2093 4211 2195 4282 ῆγε
2222 4211 2319 4282 τὴν
2340 4211 2582 4278 εύνοιαν;
2609 4212 2643 4282 ἢ
2669 4212 2784 4276 πῶς
2804 4212 2872 4266 ἂν
2901 4213 3283 4285 ἀπελογούμην
3316 4217 3448 4284 περὶ
3471 4214 3565 4271 τοῦ
3590 4217 3671 4286 μὴ

2093 4304 2325 4376 γράφειν
2363 4304 2654 4367 ἐπιστολὰς
2680 4304 2980 4376 χρημάτων
3032 4304 3237 4361 ἔνδειαν
3287 4306 3668 4378 προϐαλλόμε-

2093 4412 2217 4462 νος;
2243 4395 2318 4458 ὡς
2367 4395 2485 4449 δέον
2529 4393 2710 4466 πολλῷ
2743 4396 3140 4466 καταρρεῖσθαι
3171 4396 3378 4468 χρυσίῳ
3420 4399 3512 4451 τὸν
3547 4399 3673 4457 ἐπι..

417 4489 610 4544 stolam
638 4491 840 4554 mittit;
876 4490 1006 4557 imo,
1034 4492 1078 4548 si
1098 4493 1312 4561 quidem
1337 4494 1536 4563 aliquid
1563 4495 1729 4560 aliud,
1753 4496 1991 4552 scribere

2099 4486 2407 4552 στέλλοντα.
2439 4487 2548 4541 Καὶ
2581 4485 2687 4557 μὴν
2745 4486 2904 4558 εἴπερ
2932 4504 2985 4539 τι
3014 4487 3106 4540 καὶ
3157 4489 3306 4554 ἄλλο,
3344 4489 3403 4542 τὸ
3433 4490 3671 4561 γράφειν

415 4593 500 4637 est
529 4582 897 4650 independens
933 4591 988 4643 et
1023 4597 1053 4644 a
1086 4583 1226 4638 Pluti
1271 4582 1479 4642 ditione
1517 4585 1768 4640 liberum.
1809 4585 1993 4656 Itaque

419 4690 570 4729 mens
604 4683 691 4728 tua
725 4675 978 4744 passione
1012 4675 1260 4731 laborare
1293 4675 1527 4742 videtur,
1557 4693 1678 4730 nam
1710 4677 1990 4739 inclinatio

418 4768 471 4821 in
505 4766 707 4835 aliquid
735 4766 916 4820 omnia
946 4766 999 4820 in
1031 4771 1132 4822 hoc
1159 4768 1448 4834 convertit,
1499 4777 1554 4825 et
1583 4768 1797 4823 illusum
1829 4772 1994 4826 habet

416 4858 678 4913 auditum.
703 4860 780 4912 Ac
805 4872 994 4913 vereor
1020 4873 1108 4924 ne,
1141 4859 1186 4914 si
1218 4858 1287 4915 de
1312 4860 1422 4931 lyra
1456 4858 1648 4930 loquar
1686 4861 1768 4920 vel
1790 4876 1991 4932 equum
2024 4865 2029 4871 ’

414 4951 711 5011 nominem,
765 4959 818 5004 tu
848 4965 1037 5004 rursus
1066 4965 1257 5010 aurum
1287 4952 1475 5006 audire
1508 4952 1602 5007 tibi
1636 4952 1890 5018 videaris,
1932 4965 1988 5009 et

415 5042 552 5096 alios
573 5042 737 5106 solari
769 5058 1022 5110 quaarens
1069 5043 1183 5113 ipse
1212 5044 1419 5113 medico
1449 5059 1626 5114 egeas.
1686 5043 1778 5100 Sic
1813 5046 1992 5116 pueri-

355 5145 360 5148 ‘
415 5136 538 5191 liter
569 5145 747 5200 tecum
774 5135 961 5200 ludere
984 5145 1204 5194 coactus
1228 5150 1370 5201 sum,
1399 5137 1642 5204 meisque
1684 5137 1880 5196 litteris
1905 5137 1989 5192 in-

415 5243 598 5284 serere
634 5229 778 5282 risus
825 5245 963 5298 quos
992 5228 1206 5284 cohibui
1245 5238 1390 5282 tuam
1420 5227 1648 5298 legendo
1680 5229 1985 5299 epistolam.

416 5320 495 5376 Tu
524 5336 673 5384 vero,
693 5321 760 5374 de
777 5331 865 5373 tua
902 5319 1152 5389 passione
1179 5319 1457 5388 paululum
1483 5322 1787 5389 remittens,
1812 5323 1988 5378 scribe

417 5413 672 5480 deinceps
704 5413 1086 5481 sapientiorem
1119 5413 1425 5482 epistolam.

927 5553 1132 5649 LXvu.
1174 5595 1490 5652 DlODORO.

488 5687 916 5744 Timidissimum
939 5688 1281 5743 Timotheum
1317 5705 1410 5743 sua
1443 5690 1657 5758 quidem
1686 5690 1893 5746 indoles
1920 5691 1983 5744 ad

423 5785 655 5867 quietem
693 5780 1156 5874 iuvituthiuolesta
1196 5796 1320 5838 vero
1354 5781 1564 5839 fortuna
1601 5783 1705 5839 vim
1747 5781 1981 5839 inftrens

2096 4579 2396 4648 αὐτόνομον
2422 4579 2481 4632 τέ
2497 4579 2613 4646 ἐστι
2631 4579 2726 4638 καὶ
2750 4579 2848 4649 τῆς
2871 4581 2934 4633 ἐκ
2957 4580 3051 4634 τοῦ
3084 4580 3316 4635 πλούτου
3347 4582 3669 4647 δυναστείας

2094 4671 2414 4744 ἐλεύθερον
2443 4672 2586 4726 οὕτω
2644 4689 2726 4727 σοι
2765 4673 2834 4727 τὰ
2878 4673 2978 4743 τῆς
3010 4673 3247 4740 διανοίας
3301 4676 3405 4730 ὑπὸ
3437 4678 3532 4731 τοῦ
3562 4677 3671 4731 πάρ

2096 4764 2219 4829 θους
2253 4764 2536 4835 ἐλέγχεται
2561 4780 2575 4795 ο
2600 4764 2837 4836 escam
2871 4765 2980 4836 γὰρ
3027 4767 3262 4821 ἐνταῦθα
3310 4768 3492 4822 πάντα
3527 4768 3668 4838 πρὸς

2093 4857 2253 4912 τοῦτο
2275 4859 2578 4927 μεταποιεῖ,
2605 4860 2698 4910 καὶ
2718 4859 3188 4930 συναπατωμένην
3203 4859 3316 4931 ἔχει
3337 4860 3437 4932 τὴν
3455 4861 3624 4931 ἀκοήν
3643 4875 3663 4892 ο

2093 4948 2190 5002 καὶ⁵
2222 4948 2454 5013 δέδοικα,
2482 4948 2557 5020 μὴ
2578 4949 2684 5012 κᾶν
2700 4949 2761 5003 λυ
2771 4949 2894 5020 ρίαν
2915 4951 3053 5005 εἴπω
3069 4952 3172 5005 κᾶν
3197 4952 3361 5006 ἵππον
3385 4953 3661 5024 ὀνομάσω,

2093 5043 2254 5103 πάλιν
2286 5043 2455 5108 δόξεις
2484 5043 2705 5114 χρυσίον
2734 5044 2954 5097 ἀκούειν
2975 5059 2991 5074 ·
3025 5045 3118 5098 καὶ
3149 5046 3277 5108 τοὺς
3329 5044 3520 5109 ἄλλους
3552 5063 3662 5099 πα-

2092 5135 2527 5207 ραμυθούμενος,
2560 5134 2722 5205 αὐτὸς
2750 5135 2920 5208 δεήσῃ
2933 5135 3467 5206 τοῦλθεραπεύοντος·
3487 5134 3660 5190 ταῦτα

2091 5227 2306 5295 παίζειν
2352 5225 2601 5297 ὑπήχθην
2632 5225 2770 5296 πρὸς
2801 5226 2883 5290 σὲ,
2919 5228 3012 5280 καὶ
3062 5229 3175 5290 τοῖς
3218 5228 3540 5298 γράμμασιν
3569 5229 3660 5281 ἐν·

2089 5318 2259 5372 θεῖναι
2281 5319 2372 5370 τὸν
2409 5319 2643 5386 γέλωτα,
2661 5317 2718 5371 ὃν
2741 5317 2982 5384 ὑπέστην
3021 5317 3411 5387 ἀναγινώσκων
3440 5336 3532 5373 σου
3559 5319 3661 5389 τὴν

2090 5411 2384 5480 ἐπιστολήν
2408 5426 2420 5439 ·
2453 5411 2517 5463 σὺ
2552 5408 2608 5462 δὲ
2639 5410 2836 5480 μικρὸν
2880 5410 2974 5463 τοῦ
3009 5411 3214 5475 πάθους
3240 5411 3446 5478 ἐνδοὺς,
3479 5411 3657 5482 γράφε

2088 5504 2274 5557 λοιπὸν
2307 5500 2687 5573 σωφρονοῦσαν
2720 5502 3026 5574 ἐπιστολήν.

2627 5593 2750 5648 ΞΖο.
2801 5594 3098 5668 ΔΙΟΔΩΡῼ.

2169 5687 2272 5740 Τὸν
2308 5685 2700 5739 εύλαϐἐστατον
2735 5685 2997 5755 Τιμόθεον
3026 5687 3086 5740 τὸ
3137 5686 3236 5756 μὲν
3292 5687 3481 5758 σχῆμα
3519 5688 3656 5759 πρὸς

2095 5779 2323 5851 ἡσυχίαν
2357 5777 2530 5845 καλεῖ,
2560 5777 2628 5832 τὰ
2659 5779 2714 5832 δὲ
2731 5780 2827 5849 τῆς
2854 5779 3021 5852 τύχης
3049 5778 3267 5851 λυπηρά
3297 5781 3393 5853 τὴν
3414 5781 3655 5856 ἀνάγκην
