4046 6386
360 277 503 378 ait:

1783 317 1905 378 ΕΡ]
1915 316 2194 379 STOLz‘E.

3481 317 3623 383 2774

357 429 638 495 ὲπαγοντα
688 428 783 482 καὶ
816 428 914 500 τὴν
957 430 1093 508 πρὸς
1133 431 1279 503 ὑμᾶς
1320 429 1438 486 ὁδὸν
1479 425 1724 483 κελεύει⁸
1774 426 1923 480 τοῦτ(

2039 419 2161 484 eum
2181 430 2247 484 ad
2267 443 2360 485 vos
2377 429 2457 503 ire
2479 429 2640 501 cogit.
2665 429 2800 485 Huic
2814 427 2958 485 enim
2975 435 3062 483 est
3079 435 3234 498 pater
3248 440 3427 482 rerum
3447 435 3629 481 muta-
3656 432 3659 436 '

353 521 466 589 γάρ
489 520 611 574 ἐστι
659 522 844 594 πατὴρ
874 524 939 577 ὲκ
993 525 1302 598 μεταϐολῆς
1328 525 1550 596 ἀπόρων
1580 539 1594 554 ⁸
1628 518 1848 588 ἀδελφοὶ
1878 519 1936 572 δὲ

355 608 555 678 πλήθει
585 612 679 665 καὶ
711 613 888 684 χρόνῳ
907 612 1236 677 λυποῦντες·
1270 614 1459 667 πολλοὶ
1503 611 1610 682 γὰρ
1658 610 1810 672 ὅντες
1840 609 1937 662 καὶ

353 703 455 770 τὴν
478 703 697 774 ἠλικίαν
732 705 973 777 βραχεῖς,
997 707 1078 771 εἰς
1099 706 1199 772 τὰς
1225 706 1319 761 τοῦ
1355 705 1558 778 πατρὸς
1581 706 1768 775 χεῖρας
1799 702 1937 773 ὁρῶ-

356 811 465 848 σιν⁸
506 796 760 850 ἐντεῦθεν
781 798 1018 868 χρῆσται
1062 798 1163 877 μὲν
1213 798 1419 864 πολλοὶ,
1462 797 1597 852 ἀλλὰ
1644 796 1785 865 πλὴν
1815 795 1933 858 ἑνὸς

356 886 559 950 πάντες
582 887 956 960 φιλάνθρωποι
980 907 994 922 ⁸
1034 882 1187 954 οὗτος
1215 889 1272 943 δὲ
1316 890 1415 959 τῆς
1447 887 1619 959 τύχης
1661 885 1934 940 συνεπιτι-

353 976 539 1031 θεται⁸
574 979 639 1049 ἣν
669 978 779 1050 γὰρ
805 979 960 1049 μόλις
977 981 1161 1043 αὐτοῖς
1182 978 1358 1032 οὶκίαν
1377 979 1403 1031 ὁ
1428 977 1638 1044 δαίμων
1666 975 1930 1029 κατέλιπε

350 1068 629 1130 τοσούτοις
645 1070 908 1140 χρήσταις
933 1069 1352 1140 ὑποτιθεμένην,
1387 1068 1592 1139 ταύτην
1626 1067 1786 1138 μόνος
1835 1065 1934 1120 λα-

355 1158 470 1210 ϐεῖν
503 1159 648 1225 άξιοί
702 1160 941 1214 νικῶσαν
984 1161 1176 1215 τούτου
1231 1162 1292 1215 τὸ
1349 1163 1560 1233 χρέως⁸
1595 1162 1712 1215 δέον
1760 1161 1792 1231 ἢ
1838 1160 1929 1214 τὸν

358 1247 672 1320 ὠνούμενον
699 1251 873 1320 ἄγειν,
890 1252 1086 1306 καὶτοῦ
1113 1253 1314 1318 παντὸς
1335 1258 1642 1324 τιμήματος
1674 1254 1735 1307 τὸ
1759 1271 1928 1322 προσ-

351 1339 487 1407 ἧκον
528 1341 735 1408 λαδεῖν,
771 1342 803 1411 ἢ
849 1343 1100 1413 δέχεσθαι
1129 1346 1333 1416 ταύτης
1359 1345 1523 1416 μέρος
1545 1344 1573 1398 ὃ
1595 1342 1697 1397 τοῦ
1732 1347 1926 1416 χρέους

352 1430 744 1501 ἀναπληρώσει
775 1434 835 1484 τὸ
871 1434 1072 1506 μέτρον
1096 1452 1109 1466 ⁸
1153 1435 1181 1488 ὁ
1212 1435 1268 1488 δὲ
1295 1437 1394 1505 τὴν
1445 1435 1553 1488 τῶν
1597 1435 1924 1505 ὠνουμένων

352 1523 491 1592 πρὸς
541 1525 602 1576 τὸ
643 1526 816 1592 παρὸν
855 1527 1093 1599 ἀπορίαν
1116 1528 1346 1598 ἕρμαιον
1389 1531 1625 1600 ἡγεῖται,
1684 1531 1780 1583 καὶ
1823 1531 1925 1598 τῆς

349 1615 520 1685 τύχης
538 1617 657 1670 ἐστὶ
693 1618 1048 1690 πικρότερος⁸
1086 1620 1225 1689 ἀλλὰ
1253 1620 1397 1675 δίδου
1427 1621 1504 1692 τῷ
1521 1623 1760 1693 δεομένῳ
1788 1623 1924 1693 πρὸς
1965 1675 1967 1677 ,

353 1703 673 1774 συμμαχίαν
694 1704 792 1776 τὴν
813 1706 1082 1775 γλῶτταν,
1113 1709 1206 1762 τὸν
1245 1710 1508 1781 δικαστὴν
1537 1712 1687 1784 αὐτῷ
1743 1730 1926 1785 παρα-

349 1794 633 1858 σκευάζων
656 1797 1036 1867 φιλάνθρωπον
1053 1819 1064 1831 ⁸
1090 1802 1116 1854 ὁ
1132 1800 1187 1854 δὲ
1209 1801 1392 1857 λυπῶν
1411 1803 1688 1872 πειράσθω
1709 1804 1925 1869 δικαίας
1953 1801 1996 1856 Β

347 1884 614 1959 ἀνάγκης,
647 1890 741 1944 καὶ
777 1891 877 1964 τῆς
912 1895 1074 1948 αὑτοῦ
1105 1896 1331 1968 γνώμης
1369 1897 1731 1969 ήμεροτέρας.
1767 1899 1922 1969 ἢπε-

350 1979 598 2048 ριμένειν
638 1983 731 2036 τὸν
779 1985 1149 2058 ὠνησόμενον,
1184 1990 1217 2061 ἢ
1250 1990 1351 2060 τῆς
1384 1989 1561 2053 οἰκίας
1608 1990 1773 2060 μέρος
1799 1991 1922 2045 ὅσον

346 2072 572 2126 ἀπαιτεῖ
609 2075 670 2129 τὸ
696 2077 856 2148 χρέος
884 2079 1069 2134 λαϐεῖν
1089 2099 1103 2112 ⁸
1135 2082 1282 2144 ὅπως
1318 2081 1688 2152 θαυμάσωμεν
1722 2085 1813 2137 καὶ
1859 2084 1920 2138 σὲ

343 2164 440 2234 τῆς
476 2171 814 2239 συμμαχίας,
854 2173 950 2226 καὶ
971 2174 1068 2240 τῆς
1097 2173 1278 2244 ψήφου
1302 2173 1393 2227 τὸν
1421 2175 1702 2246 δικαστήν.

937 2263 1063 2319 Ell'.
1095 2266 1354 2337 NON-ne.

416 2351 489 2405 Σὺ
523 2352 623 2420 μὲν
651 2353 750 2424 τὴν
781 2355 1065 2426 ἐρωμένην
1102 2359 1341 2428 ἠρνήσω,
1390 2358 1459 2412 τὰ
1492 2360 1660 2431 μείζω
1713 2361 1916 2429 ποθῶν,

346 2445 442 2498 καὶ
499 2445 633 2514 πρὸς
671 2448 975 2518 ἱερωσύνην
1015 2450 1513 2520 κατεπειγόμενος·
1563 2452 1672 2522 ἐγὼ
1727 2453 1784 2507 δέ
1823 2471 1918 2508 σου

348 2541 463 2611 τὴν.
484 2542 656 2610 καλὴν
686 2546 860 2616 κόμην
893 2548 1180 2618 θαυμάσας
1206 2550 1310 2615 ἀεὶ,
1348 2549 1442 2604 νῦν
1469 2552 1680 2606 δέδοικα
1709 2556 1783 2626 μή
1823 2571 1918 2608 σου

348 2636 724 2706 παρεμποδὼν
779 2639 1004 2710 γένηται
1063 2643 1128 2711 τῇ
1174 2640 1452 2715 προθυμίᾳ
1481 2661 1497 2676 ⁸
1542 2645 1763 2699 ἐπειδὰν
1811 2647 1918 2719 γάρ

348 2725 463 2796 ἴδῃς
493 2729 733 2796 παρόντα
766 2731 856 2783 τὸν
907 2731 1098 2799 καιρὸν
1149 2735 1244 2786 καὶ
1281 2734 1378 2798 τὰς
1411 2735 1675 2810 ᾀδομένοις
1721 2739 1916 2809 τρίχας

349 2817 652 2887 μελλούσας
686 2825 893 2887 πεσεῖν,
919 2823 1216 2894 δακρύσας,
1241 2822 1416 2896 οἶμαι,
1443 2827 1504 2880 τὸ
1531 2810 1699 2892 πάθος
1723 2831 1920 2902 οἰχήσῃ

345 2911 566 2978 φυγών·
595 2912 689 2964 καὶ
717 2912 974 2985 ζητήσεις
1007 2914 1125 2969 ἀνθ’
1163 2917 1374 2988 ἱερέως,
1411 2921 1642 2988 νυμφίος
1685 2921 1918 2992 ὀφθῆναι

345 3003 512 3066 καλός
535 3019 550 3033 ⁸
583 3005 678 3057 καὶ
715 3006 870 3059 πάλιν
904 3006 970 3060 ἂν
1030 3007 1173 3062 οὕτω
1207 3009 1368 3080 τύχῃ,
1424 3011 1784 3082 μνηστεύσευς
1829 3013 1920 3066 κό-

348 3111 449 3165 ρην
474 3111 486 3123 ⁸
529 3095 738 3150 καὶτοῦ
769 3099 949 3168 γάμου
988 3101 1252 3170 παρόντος
1277 3105 1410 3171 πρὸς
1437 3104 1739 3175 ἱερωσύνην
1793 3106 1920 3176 σχή-

2046 525 2188 579 tione
2213 525 2264 576 in
2292 523 2572 593 penuriam
2603 521 2862 592 deiectus,
2892 521 3086 576 fratres
3107 530 3283 574 autem
3308 529 3363 574 et
3384 518 3619 573 multitu—
3675 538 3681 545 ·

2043 616 2170 672 dine
2200 625 2254 670 et
2281 624 2438 670 aetate
2464 614 2610 668 illum
2637 622 2926 684 gravantes
2947 629 2960 665 :
2985 627 3107 667 cum
3143 609 3289 665 enim
3327 607 3621 683 sint_mnlti

2039 719 2095 764 et
2121 709 2279 763 annis
2311 709 2505 774 teneri,
2529 722 2557 759 a
2585 706 2756 778 patris
2781 703 3035 758 manibus
3050 702 3254 758 victum
3277 708 3620 767 exspectant.

2041 800 2179 856 Hinc
2216 799 2364 854 inulti
2392 798 2712 860 creditores,
2737 796 2828 868 qui
2861 795 3079 865 quidem
3105 801 3232 847 sunt
3255 790 3617 858 indulgentes,

2038 910 2145 950 uno
2171 903 2349 948 tamen
2376 901 2623 960 excepto.
2667 892 2775 944 iste
2807 897 2987 943 autent
3019 899 3087 940 ex
3110 882 3410 939 infortunio
3441 881 3618 934 Inera-

2039 997 2170 1042 tur:
2207 1001 2368 1056 quam
2394 983 2540 1040 enim
2583 981 2687 1036 illis
2726 982 2815 1034 vix
2855 979 3073 1046 reliquit
3110 977 3351 1037 fortuna,
3391 971 3614 1026 domum

2038 1097 2073 1139 a.
2101 1087 2178 1134 tot
2201 1075 2569 1133 creditoribus
2594 1072 2895 1144 bypotheca
2919 1066 3187 1130 all‘ectatn,
3219 1064 3365 1118 lianc
3394 1060 3493 1114 sibi
3511 1058 3613 1113 soli

2035 1171 2386 1243 appmpriare
2417 1166 2720 1240 praetendit,
2759 1164 2884 1218 licet
2906 1159 3191 1230 pecuniam
3225 1155 3328 1222 ipsi
3369 1152 3609 1207 debitam

2034 1271 2296 1330 excedat;
2341 1265 2468 1318 dum
2511 1260 2807 1335 requiritur
2833 1265 2892 1310 ut
2921 1255 3005 1308 vel
3028 1263 3330 1321 emptorem
3363 1248 3526 1301 ducat
3555 1252 3610 1299 et

2033 1375 2099 1414 ex
2126 1367 2239 1414 toto
2274 1356 2446 1426 pretio
2478 1353 2620 1424 quod
2649 1366 2805 1406 suum
2837 1357 2918 1404 est
2945 1353 3208 1409 assumat,
3262 1341 3344 1396 vel
3375 1339 3609 1407 accipiat

2033 1451 2230 1505 domus
2272 1458 2481 1518 partem
2527 1445 2735 1499 credito
2777 1456 2875 1496 suo
2909 1436 3446 1506 correspondentem.
3503 1429 3610 1485 Iste

2033 1558 2161 1597 vero
2191 1541 2491 1596 ementium
2529 1546 2850 1608 praesentem
2904 1531 3282 1587 necessitatem
3327 1541 3426 1596 pro
3458 1523 3610 1577 lucro

2033 1636 2202 1704 ducit,
2238 1643 2293 1689 et
2326 1632 2543 1687 fortuna
2594 1629 2782 1683 dttrior
2822 1636 2926 1682 est.
2963 1623 3044 1678 Tu
3093 1633 3273 1676 autem
3317 1619 3382 1674 da
3429 1615 3607 1687 egenti

2031 1729 2268 1797 linguam
2305 1726 2358 1780 in
2398 1720 2941 1789 auxilinm,jndicem
2973 1719 3022 1773 ei
3059 1716 3299 1786 parando
3324 1709 3611 1778 indulget].-

2029 1795 2134 1874 tein
2163 1838 2177 1885 ;
2215 1824 2530 1888 persecutor
2560 1829 2688 1870 vero
2729 1812 2927 1881 iustam
2962 1809 3280 1880 experiatur
3307 1803 3610 1860 necessita-
3661 1795 3664 1798 ’

2031 1921 2136 1965 tein
2163 1910 2303 1979 (ipso
2334 1906 2450 1975 ejus
2474 1905 2657 1960 animo
2689 1901 2987 1973 mitiorem)
3024 1901 3111 1955 vel
3168 1907 3466 1968 emptorem
3512 1909 3612 1950 ex-

2028 2001 2328 2070 spectandi,
2371 1999 2452 2052 vel
2496 1997 2743 2052 sumendi
2776 1996 2919 2050 hanc
2960 1995 3150 2047 domus
3193 1999 3399 2060 partem
3442 2001 3606 2056 quam

2028 2093 2268 2148 debitmn
2298 2091 2527 2160 requirit
2558 2107 2569 2143 :
2604 2098 2662 2143 ut
2690 2088 3024 2155 admiremur
3045 2092 3099 2140 et
3127 2093 3274 2138 tuum
3298 2077 3608 2151 praisidium

2026 2192 2080 2238 et
2107 2184 2308 2254 jndicis
2334 2183 2682 2237 sententiam.

2577 2270 2664 2337 LX
2679 2269 2804 2324 VIII.
2832 2266 3087 2323 ΝΟΝΝΟ.

2101 2365 2181 2420 Tu
2214 2380 2341 2419 vero
2369 2378 2532 2432 quam
2565 2362 2827 2435 diligebas
2868 2357 3116 2422 renuisti,
3146 2355 3353 2426 majora
3384 2353 3610 2435 cupiens

2027 2469 2079 2514 et
2120 2458 2186 2512 ad
2229 2454 2602 2512 sacerdotium
2653 2465 2973 2520 properans.
3010 2448 3120 2518 Ego
3147 2462 3277 2502 vero
3309 2455 3454 2499 tuam
3490 2434 3610 2514 pul-

2027 2551 2213 2606 cltram
2247 2562 2457 2602 comam
2484 2558 2698 2612 semper
2738 2543 3037 2597 admiratus
3075 2555 3231 2606 sum;
3274 2554 3416 2597 nunc
3445 2538 3606 2592 timce

2028 2658 2096 2697 ne
2131 2642 2204 2695 sit
2247 2639 2338 2694 tibi
2380 2639 2826 2709 impedimentum
2870 2635 3000 2689 voti.
3042 2632 3178 2688 Cum
3223 2631 3366 2686 enim
3407 2629 3609 2685 videris

2031 2745 2242 2803 tempus
2272 2726 2508 2801 p'rmsens
2539 2730 2685 2784 illabi
2720 2738 2775 2783 et
2801 2728 3103 2784 celebratos
3157 2727 3339 2781 crines
3358 2737 3607 2790 casuros,

2027 2826 2094 2882 de
2143 2825 2394 2896 passione
2435 2810 2642 2885 dolens,
2684 2819 2865 2886 credo,
2912 2818 3082 2888 fugies
3121 2825 3174 2871 et
3219 2828 3430 2884 quaeres
3469 2814 3610 2867 inter

2027 2919 2335 2976 sacerdotes
2364 2916 2644 2984 speciosus
2691 2927 2921 2982 sponsus
2959 2909 3148 2965 videri.
3196 2907 3261 2962 Et
3310 2922 3520 2970 rursus,
3558 2905 3606 2960 si

2028 3011 2139 3066 fors
2167 3011 2369 3073 tulerit,
2389 3007 2650 3078 virginem
2675 3005 2764 3059 tibi
2790 3001 3168 3073 desp‘ondebis,
3213 3013 3265 3056 et
3306 3016 3332 3054 a
3352 2998 3600 3069 praisentl

2029 3104 2378 3158 matrimonio
2411 3115 2651 3155 amorem
2684 3097 2749 3151 ad
2791 3097 3155 3151 sacerdotium
3207 3093 3603 3149 transilientem

347 3203 458 3249 σεις
491 3188 894 3260 μεταπηδῶντα
929 3191 1018 3244 τὸν
1063 3193 1240 3264 ἔρωτα
1275 3213 1288 3226 ⁸
1344 3195 1478 3248 ἀλλὰ
1523 3197 1730 3251 παῦσαί
1786 3216 1918 3252 ποτε

2028 3197 2268 3251 habebis.
2325 3192 2429 3250 Sed
2477 3193 2730 3255 tandem,
2787 3189 3120 3260 experientia
3149 3171 3373 3256 doctus,
3414 3186 3609 3243 desine

346 3277 531 3348 κύκλῳ
552 3280 869 3351 φερόμενος,
903 3282 1003 3354 τὴν
1037 3287 1232 3354 πεῖραν
1267 3286 1409 3356 ἔχων
1441 3287 1799 3343 διδάσκαλον
1835 3292 1924 3345 ἵνα

346 3368 419 3437 μὴ
445 3365 628 3422 πάλιν
643 3371 718 3441 μὴ
744 3376 762 3393 ‘
787 3373 1088 3441 ύποϐόλων,
1113 3377 1205 3430 καὶ
1231 3379 1338 3432 σῶν
1374 3378 1658 3435 σπαλίκων
1678 3381 1918 3449 ἀκούσω,

343 3461 432 3513 καλ⁵
467 3461 569 3514 ὅσα
601 3463 695 3514 νῦν
724 3466 874 3534 ἡμᾶς
907 3466 1310 3531 ἐξεπαίδευσεν.

623 3555 742 3612 ΞΘ’.
779 3559 1132 3631 ΙΕΡΩΝΥΜῼ
1157 3579 1162 3585 ·
1186 3563 1306 3617 ΚΑΙ
1356 3563 1677 3639 ΘΕΟΔΩΡῼ.

409 3647 520 3699 Tiw
550 3648 826 3720 ὑμετέραν
860 3651 1054 3720 σοφίαν
1088 3652 1258 3721 ἔγνων
1289 3656 1387 3725 μὲν
1419 3660 1514 3711 καὶ
1555 3660 1725 3714 πάλαι
1777 3680 1917 3717 παν-

336 3737 503 3806 ταχοῦ
537 3738 615 3810 τῷ
655 3739 798 3812 λόγῳ
854 3744 1290 3815 προλάμπουσαν
1315 3763 1331 3780 ⁸
1369 3749 1464 3801 καὶ
1515 3748 1574 3802 ὃν
1623 3751 1654 3820 ἠ
1692 3751 1790 3804 θέα
1841 3753 1916 3826 μὴ

337 3830 635 3900 παρέσχεν,
666 3833 701 3903 ἦ
741 3851 805 3902 γε
850 3837 1010 3908 φήμη
1066 3839 1370 3909 χαρίζεται,
1417 3841 1581 3912 κοινῷ
1610 3841 1789 3912 βοῶσα
1816 3848 1916 3914 κηέ

338 3921 579 3994 ρύγματι
612 3925 714 3978 τὸν.
735 3931 960 3982 πάππον
991 3930 1266 4002 ὑφήγησιν
1297 3932 1478 4002 νόμων
1533 3937 1913 4009 ἐπιγραφόμε-

333 4032 446 4078 νον,
479 4016 570 4068 τὸν
603 4019 813 4087 πατέρα
843 4019 1090 4091 γλώττης
1112 4023 1292 4093 χάριτι
1314 4029 1450 4097 πρὸς
1475 4027 1572 4097 τὴν
1602 4027 1710 4080 τῶν
1727 4030 1910 4097 νόμων

334 4106 642 4177 αὐστηρίαν
673 4110 774 4180 τὴν
806 4113 976 4181 ἀκοὴν
1032 4112 1377 4185 ὑποσύροντα
1402 4131 1417 4144 ⁸
1454 4117 1549 4171 καὶ
1598 4118 1662 4171 ὲκ
1704 4119 1910 4174 τούτων

333 4197 478 4265 ὑμᾶς
505 4199 677 4252 πάντα
701 4200 986 4270 φέροντας,
1009 4201 1152 4273 ἅπερ
1173 4203 1371 4258 ἐκεῖνοι
1397 4206 1909 4276 προσλαϐόντες...⁶⁹

331 4288 639 4357 ἐνείμαντο.
670 4293 766 4344 Ὃν
799 4291 891 4346 οῦν
919 4293 1091 4362 ἔγνων
1139 4294 1353 4366 πρῶτον
1387 4297 1466 4368 τῷ
1516 4296 1680 4367 λόγῳ,
1712 4298 1807 4351 νῦν
1840 4301 1905 4369 τῇ

333 4381 498 4461 πείρᾳ
523 4382 734 4452 μαθὼν,
763 4384 1069 4456 Εὐδαίμων,
1117 4386 1274 4459 ἔφην,
1311 4389 1344 4460 ἡ
1402 4377 1574 4455 πόλις,
1609 4392 1666 4444 ὲν
1751 4392 1904 4460 γένος

329 4473 474 4552 οῦτω
516 4477 735 4572 σεμνὸν,
762 4480 858 4572 καὶ
889 4481 1018 4572 παῖς
1045 4481 1109 4534 ὲκ
1138 4482 1341 4553 πατρὸς
1367 4480 1464 4552 τὴν
1492 4481 1670 4556 ἀρχὴν
1725 4483 1904 4538 διαδέ-
1938 4517 1982 4572 D

332 4582 486 4633 χεται
508 4585 522 4598 ⁸
554 4569 894 4640 εὐδαιμόνων
923 4571 980 4625 δὲ
1011 4572 1259 4645 πατέρων
1281 4575 1488 4639 παῖδες,
1515 4575 1629 4635 ὅσοι
1658 4575 1754 4628 τοῦ
1787 4575 1904 4643 βίου

326 4661 428 4722 τὰς
460 4661 683 4725 ἐλπίδας
735 4662 822 4732 ἐφ’
853 4666 987 4739 ἡμῖν
1050 4667 1377 4736 ἐποιήσαντο
1403 4681 1418 4696 ’
1473 4667 1586 4722 ἀλλ’
1622 4657 1734 4721 εἴθε
1787 4685 1906 4734 πως

329 4750 604 4821 ἐδυνάμην
634 4756 872 4813 συνεῖναι
908 4756 1120 4826 καὶτῆς
1157 4756 1256 4826 σῆς
1282 4759 1643 4829 ἐμφορεῖσθαι
1674 4760 1897 4813 παιδεύω

331 4858 468 4904 σεως
500 4860 514 4874 ⁸
547 4843 684 4896 ἀλλὰ
712 4845 856 4914 μέγα
897 4849 1011 4909 τοῖς
1042 4847 1353 4919 ἀνθρώποις
1381 4851 1462 4912 εἰς
1483 4851 1649 4904 πόθον
1694 4853 1898 4926 ὲστὶνή

326 4934 528 5002 πατρίς
559 4951 575 4966 ⁸
610 4935 705 4989 καὶ
734 4937 946 5008 μάρτυς
987 4939 1278 5003 Ὀδυσσεὺς
1325 4941 1424 5014 τὴν
1475 4943 1719 5014 Καλυψὼ
1756 4963 1897 5018 παρ-

2023 3287 2361 3345 circumferri

2153 3540 2160 3547 ’
2196 3555 2385 3617 Lth.
2424 3551 2838 3611 umnonrno
2880 3551 2969 3607 ET
3016 3549 3416 3607 rneooono.

2090 3648 2244 3703 llaud
2289 3631 2600 3718 ignorabam
2652 3661 2782 3701 sane
2823 3645 3141 3715 sapientiam
3198 3654 3430 3698 vestram
3474 3640 3596 3713 qua:

2017 3741 2173 3810 longe
2215 3742 2414 3795 abhinc
2462 3750 2705 3806 tempore
2743 3737 2972 3793 aliorum
3019 3736 3366 3794 sermonibus
3414 3735 3482 3790 ad
3511 3751 3597 3790 me

2019 3843 2362 3904 pervenerat.
2396 3831 2559 3901 Cujus
2593 3832 2636 3886 si
2678 3848 2780 3886 non
2812 3831 3040 3902 proprio
3077 3831 3277 3884 intuitu
3316 3829 3467 3884 testis
3494 3827 3593 3893 fui,

2019 3927 2158 4005 fatua
2188 3935 2335 3980 recte
2360 3924 2427 3979 ad
2463 3911 2557 3979 ιιιὲ
2574 3923 2779 3994 perlata
2801 3934 2884 3978 est
2917 3939 3075 3977 avum
3108 3939 3172 3978 ex
3214 3921 3392 3977 ollieio
3423 3921 3593 3992 legem

2018 4024 2466 4082 n'tonstraturum,
2519 4026 2724 4084 patrem
2765 4015 2920 4068 dulce
2968 4010 3377 4068 co'nversantetn
3418 4012 3594 4082 legum

2016 4107 2390 4160 austeritatem
2427 4106 2689 4174 obsequio
2715 4119 2815 4159 suo
2853 4105 3121 4175 mitigare,
3155 4113 3207 4158 et
3233 4119 3327 4159 vos
3357 4100 3445 4168 ex,
3474 4105 3595 4160 istis

2011 4201 2192 4253 omnia
2256 4198 2402 4251 ferre
2467 4212 2585 4266 quae
2630 4196 2704 4250 illi
2767 4205 3210 4265 prmoccupantes
3248 4235 3262 4249 .
3297 4233 3314 4249 .
3361 4235 3376 4250 .
3417 4237 3434 4250 .
3487 4195 3590 4251 sibi

2011 4291 2193 4359 partiti
2255 4300 2399 4344 sunt.
2457 4289 2626 4355 Quem
2676 4287 3022 4342 sermonibus
3079 4289 3305 4341 aliorum
3364 4289 3590 4359 cognovi

2011 4388 2152 4433 nunc
2181 4379 2509 4450 experientia
2542 4377 2661 4429 novi
2690 4395 2704 4443 ;
2735 4377 2926 4440 Beata,
2959 4377 3204 4447 inquam,
3236 4379 3364 4432 urbs
3390 4379 3443 4432 in
3483 4395 3590 4448 qua

2008 4487 2178 4545 genus
2211 4482 2318 4526 tam
2349 4469 2656 4554 venerabile
2699 4477 2753 4523 et
2781 4469 2932 4524 ﬁlius
2967 4485 2995 4522 a
3037 4483 3190 4539 patre
3219 4471 3585 4541 principatum

2011 4571 2219 4626 obtinet
2252 4587 2264 4625 :
2301 4573 2440 4626 beati
2498 4581 2748 4642 parentes
2791 4571 3024 4626 ﬁliorum
3063 4573 3317 4641 qui_vit:e
3349 4589 3496 4642 spem
3533 4573 3586 4627 itt

2011 4663 2164 4718 nobis
2209 4673 2526 4732 posuerunt.
2562 4661 2778 4717 Utinam
2817 4663 3094 4717 vobiscum
3131 4679 3250 4718 esse
3284 4666 3584 4734 potuissent

2006 4773 2070 4812 ac
2095 4769 2269 4811 vestra
2296 4756 2401 4809 frui
2441 4756 2720 4824 disciplina
2744 4757 2756 4809 ι
2784 4755 2885 4810 Sed
2925 4757 3150 4812 tnultttm
3185 4758 3494 4813 hominibus
3531 4761 3582 4813 in

2006 4847 2271 4902 desiderio
2301 4857 2382 4900 est
2413 4848 2583 4916 patria
2614 4857 2666 4899 et
2695 4847 2845 4903 testis
2867 4859 2950 4901 est
2984 4848 3201 4920 Ulysses
3229 4851 3318 4920 qui
3350 4861 3407 4905 ut
3439 4851 3583 4906 Itba-

1957 4997 1962 5003 _
2003 4955 2119 4994 cam
2171 4940 2377 4994 videret
2419 4939 2650 5009 Calypso
2700 4940 2974 5010 despexit.
3016 4942 3240 5011 Insuper
3270 4959 3375 4998 non
3419 4944 3582 5001 licere

332 5022 458 5075 ιδὼν
489 5023 578 5078 ἵνα
608 5024 705 5096 τὴν
752 5027 971 5098 Ἰθάκην
1011 5030 1305 5102 θεάσηται·
1340 5033 1475 5103 πρὸς
1505 5033 1561 5088 δὲ
1588 5037 1683 5090 καὶ
1716 5037 1776 5092 ού
1814 5038 1901 5091 θε-

2024 5031 2133 5086 nibi
2172 5033 2386 5086 videtur
2429 5031 2614 5084 urbem
2664 5026 2894 5086 alienam
2932 5034 3032 5088 sibi
3082 5050 3347 5105 usurpare
3385 5048 3583 5108 printer

332 5115 487 5185 μιτδν
553 5112 693 5170 εἷναί
759 5137 850 5190 μοι
907 5121 1054 5175 δοκεῖ
1107 5123 1261 5178 πόλιν
1310 5125 1590 5198 ἀλλότριον
1618 5129 1772 5201 παρὰ
1805 5133 1897 5186 τὸν

2029 5126 2434 5194 atiouemjusti.
2470 5125 2589 5181 ldeo
2623 5126 2754 5185 mibi
2798 5139 3015 5185 servate
3053 5129 3378 5199 amicitiam;
3403 5141 3578 5190 avete.

324 5209 418 5264 τοῦ
475 5211 686 5266 δικαίου
743 5218 1165 5288 σφετερίσασθαι
1224 5219 1421 5288 λόγον’
1490 5224 1778 5294 τοιγαροῦν
1849 5226 2093 5301 σιῦζησθέ
2149 5242 2240 5298 μοι
2300 5222 2369 5276 τὰ
2426 5220 2629 5292 συνήθη
2693 5222 2822 5292 παρ’
2886 5223 3024 5294 ἐμοῦ
3087 5229 3594 5302 προσκυνούμενα-

923 5311 1003 5367 οσ.
1023 5314 1300 5386 ΕΡΜΕΙᾼ.

2528 5321 2691 5378 LXX.
2736 5321 3066 5378 HERMEIE.

395 5399 468 5453 Τὸ
503 5400 769 5472 ὑμέτερον
809 5402 1040 5473 μέγεθος
1071 5407 1158 5460 διὰ
1201 5408 1309 5462 τῶν
1345 5410 1480 5484 πρὸς
1511 5411 1571 5464 σὲ
1632 5417 1896 5486 γραμμά-

2073 5415 2325 5471 Vestram
2376 5416 2808 5486 magnitudinem
2853 5429 2918 5470 ex
2955 5415 3151 5470 litteris
3199 5416 3266 5469 ad
3301 5425 3352 5470 te
3395 5416 3576 5478 missis

319 5509 429 5545 των
455 5493 598 5558 ἰδὼν,
637 5495 783 5564 ὑμᾶς
810 5497 906 5565 μὲν
936 5499 1161 5562 εἰκότως
1192 5501 1292 5569 τῆς
1325 5504 1550 5574 γνώμης
1569 5506 1858 5577 ἐθαύμασα
1878 5525 1892 5538 ⁸

2024 5509 2235 5578 lignovi,
2273 5511 2502 5578 jureque
2549 5523 2642 5562 vos
2671 5508 2739 5562 ob
2773 5523 2968 5564 sensus
3014 5509 3310 5565 admiratus
3349 5496 3467 5564 sum
3512 5525 3575 5566 ac

220 5607 231 5616 -
322 5588 390 5655 τῇ
417 5585 472 5637 δὲ
503 5586 787 5656 Βηρυτίων
814 5589 1112 5659 συνήδομαι
1160 5592 1310 5645 πόλει
1345 5595 1428 5648 ὅτι
1487 5597 1734 5652 τοιοῦτον
1784 5599 1894 5670 ἔχει

2024 5605 2314 5672 let-ytorum
2356 5602 2475 5656 urbi
2512 5599 2864 5670 congratulor
2913 5601 3056 5670 quod
3090 5601 3195 5656 tale
3234 5602 3431 5686 babeat
3474 5601 3574 5657 sub

324 5676 816 5761 προϐεϐλημμένον
861 5680 937 5743 ὠς
972 5681 1175 5752 ἀρετῆς
1233 5686 1326 5738 καὶ
1385 5686 1563 5757 λόγων
1621 5691 1889 5746 ποιεῖσθαι

2024 5694 2166 5750 ιρυιίε
2195 5693 2527 5766 propositum
2559 5693 2776 5752 virtutis
2801 5709 2866 5750 ac
2894 5695 3218 5768 eloquentiae
3237 5677 3567 5766 exemplum,

397 5797 411 5814 ‘
445 5791 602 5849 Deest
632 5795 967 5851 vocabulum.
1045 5781 1085 5818 "‘
1111 5798 1223 5854 Non
1257 5803 1446 5874 legitur
1483 5807 1816 5862 vocabulum.
1893 5778 1898 5782 ⁵
