4046 6386
358 294 505 370 τιτι

1653 287 2002 350 PROCOPII
2039 286 2285 346 GAZAEI

3459 265 3606 339 2776

356 401 659 474 praesrtim
687 415 815 462 cum
851 405 1134 458 contraria
1161 399 1274 462 sint
1301 409 1566 470 tempora.
1601 399 1712 458 Sed
1752 399 1933 454 fruere

2057 397 2294 467 ρροντίδα
2311 414 2326 430 ·
2363 394 2462 448 καὶ
2489 393 2663 450 ταῦτα
2690 392 2786 448 τοῦ
2816 390 3012 463 καιροῦ
3039 390 3139 463 τὴν
3165 387 3416 447 ἐναντίαν
3441 387 3610 442 ἐλαύ-

365 497 471 554 tuis
519 494 810 550 virtutibus
848 503 902 549 et
947 494 1160 548 fructus
1215 507 1283 551 ex
1337 502 1424 546 tua
1487 491 1754 561 sapientia
1804 492 1934 554 urbs

361 584 640 654 percipiat.
676 582 804 637 Mihi
844 591 1022 638 autem
1067 581 1349 638 molestum
1377 591 1461 635 est
1487 580 1714 650 pati-iam
1752 580 1935 652 'despi—

361 691 487 732 cere
526 690 644 746 qua:
686 689 717 730 a
757 674 910 732 vobis
956 674 1168 743 accepit
1196 673 1525 741 exemplum.
1569 673 1628 727 Si
1669 673 1813 727 enim
1842 688 1936 730 vos

364 766 545 822 Omnia
575 764 800 824 tentatis
826 764 891 820 ad
916 752 1292 818 .illustrandam
1316 763 1460 817 illam
1478 777 1598 832 quze
1618 778 1712 818 vos
1728 763 1936 832 genuit,

363 863 634 928 quomodo
658 871 762 910 non
796 856 937 910 bene
965 855 1092 910 mihi
1117 865 1264 910 esset
1293 869 1354 910 ea
1383 853 1564 908 facere
1591 871 1709 923 quae
1737 853 1943 908 facien-

368 959 449 1004 tes
475 961 569 1002 vos
599 945 862 1002 laudavi?
894 945 998 1001 Sed
1018 953 1080 1022 et
1123 943 1254 1000 mihi
1288 958 1551 1008 usurpare
1579 943 1723 1012 quod
1757 944 1937 998 felici-

369 1049 450 1094 ter
495 1038 733 1093 obtinuit
757 1036 919 1103 alter,
961 1051 991 1092 a
1041 1036 1348 1092 rationabili
1395 1035 1685 1092 affectione
1730 1035 1940 1089 videtur

369 1127 627 1184 alienum.
659 1127 873 1195 Retine,
893 1142 933 1183 .o
961 1129 1185 1198 optime,
1213 1137 1358 1184 tuam
1388 1129 1439 1184 in
1467 1141 1553 1182 me
1581 1142 1646 1184 ac
1672 1127 1724 1182 in
1748 1126 1938 1182 urbem

369 1217 844 1274 benevolentiam;
1440 1281 1444 1286 ,

916 1307 1102 1364 LXXI.
1148 1307 1403 1364 ORIONI.

348 1453 350 1455 ,
443 1398 639 1456 Inutile
669 1412 799 1470 puto
835 1405 1078 1458 scribere
1105 1401 1308 1459 homini
1331 1403 1422 1470 qui
1451 1399 1732 1470 appulsum
1759 1400 1825 1454 ad
1848 1414 1942 1456 vos

369 1493 576 1562 Cogitat
607 1492 810 1562 facere,
833 1505 890 1550 ut
921 1497 1258 1566 hymenaaum
1275 1505 1434 1549 canat
1465 1494 1811 1562 pulchra-que
1829 1491 1944 1546 vir-

372 1583 514 1653 ginis
547 1584 641 1640 fiat
681 1601 933 1656 sponsus.
968 1586 1180 1644 Iustum
1229 1595 1315 1642 est
1345 1595 1616 1640 amantem
1657 1584 1759 1638 sibi
1793 1599 1945 1640 com-

375 1673 588 1743 placere
637 1675 689 1730 iu
738 1673 895 1732 laude
934 1678 1142 1743 amicae,
1173 1677 1240 1733 ob
1265 1693 1427 1747 quam
1469 1676 1664 1731 absens
1691 1690 1940 1746 corpore,

2038 504 2220 551 νοντος
2251 503 2266 518 ⁸
2300 485 2415 541 ἀλλ’
2439 485 2590 540 ὄναιο
2614 484 2789 540 καὶσὺ
2825 483 3051 550 σαυτοῦ,
3081 482 3175 537 καὶ
3211 481 3309 551 τῆς
3342 483 3441 552 σῆς
3469 497 3608 551 προσ

2037 578 2188 642 νοίας
2217 570 2264 648 η’.
2279 577 2436 642 πόλις
2467 594 2481 609 ·
2522 577 2646 647 ἐμοὶ
2683 575 2738 629 δὲ
2775 575 2914 649 βαρύ
2954 573 3215 646 πατρίδος
3243 571 3517 641 ὑπερορᾷν
3547 566 3609 632 ἐξ

2038 669 2195 740 ὑμῶν
2251 669 2478 723 λαϐόντι
2530 667 2908 742 παράδειγμα.
2965 665 3031 719 Εἰ
3073 665 3184 736 γὰρ
3216 663 3373 734 ὑμεῖς
3423 661 3607 715 πάντα

2043 757 2360 834 μηχανᾶσθε
2419 761 2648 830 κοσμεῖν
2673 759 2772 827 τὴν
2799 755 3127 829 ἐνεγκοῦσαν
3164 756 3422 824 οἰόμενοι,
3484 751 3605 813 πῶς

2039 855 2107 910 ἄν
2142 854 2258 924 ἔχοι
2307 851 2488 915 καλῶς
2513 850 2636 919 ἐμοὶ
2684 851 2758 922 μὴ
2797 849 2972 906 ταῦτα
3000 847 3294 920 ποιεῖνέφ⁹
3339 842 3424 909 οἷς
3456 845 3606 916 ὑμᾶς

2039 947 2285 1018 ἐπῄνεσα
2313 945 2680 1016 πράττοντας;
2702 942 2839 996 me
2867 944 2962 996 καὶ
2979 940 3243 996 εἰσποιεῖν
3269 940 3506 1010 ἐμαυτὸν
3527 938 3611 999 εἰς

2040 1039 2209 1093 τόπον
2235 1037 2295 1090 ὃν
2346 1036 2644 1107 εὐτύχησεν
2694 1035 2901 1104 ἕτερος,
2936 1033 3160 1105 λογικῆς
3216 1032 3612 1091 καταστάσεως

2045 1128 2332 1199 ἀλλότριον
2369 1124 2508 1182 εῖναι
2527 1127 2689 1182 δοκῶ·
2723 1128 2838 1182 ἀλλ’
2856 1124 3160 1196 εὐτυχοίης,
3194 1117 3239 1176 ὧ
3263 1125 3477 1195 ἄριστε,
3502 1120 3615 1197 ’τῆς

2045 1221 2126 1286 εἰς
2157 1221 2261 1292 ἐμὲ
2291 1220 2386 1274 καὶ
2407 1219 2505 1293 τὴν
2534 1219 2686 1274 πόλιν
2720 1219 2892 1286 αὐτὴν
2920 1218 3315 1289 προαιρέσεως.

2092 1373 2098 1378 .
2292 1332 2304 1344 '
2630 1313 2753 1366 OA'.
2783 1309 3035 1364 ΩΡΙΩΝΙ.

2117 1405 2379 1477 Περιττὸν
2427 1400 2864 1476 οἶμαιγράφειν
2909 1401 3043 1471 πρὸς
3107 1399 3276 1472 ἄνδρα
3323 1397 3424 1468 τὴν
3475 1394 3619 1467 πρὸς

2045 1501 2191 1572 ὑμᾶς
2220 1500 2407 1554 λοιπὸν
2433 1497 2877 1568 ὀνειροπολοῦντα
2921 1495 3269 1565 καταγωγὴν,
3302 1494 3454 1556 ὅπως
3505 1491 3619 1563 ᾀσῃ

2021 1593 2136 1670 ,τὸν
2169 1592 2427 1663 ὑμέναιον
2455 1592 2552 1646 καὶ
2572 1592 2798 1662 γένηται
2819 1587 3052 1659 νυμφίος
3085 1585 3354 1658 παρθένου
3395 1585 3616 1654 καλεῖ-,ς’

2045 1686 2253 1739 δίκαιον
2281 1685 2390 1754 γὰρ
2439 1684 2637 1755 ἐρῶντι
2669 1674 3000 1752 χαρίσασθαι
3050 1680 3149 1749 τῆς
3193 1677 3480 1748 ἐρωμένης
3523 1677 3622 1728 τὸν

374 1779 560 1819 amore
585 1765 635 1822 in
670 1776 847 1825 mente
875 1770 1134 1838 trepidas.
1177 1768 1257 1823 Ad
1288 1784 1385 1824 nos
1415 1770 1647 1823 moveris
1688 1778 1739 1822 et
1775 1784 1940 1838 parva

2057 1777 2296 1842 ἔπαινον,
2326 1775 2392 1828 δι’
2415 1775 2482 1847 ἠν
2512 1775 2666 1829 ἀπὼν
2693 1775 2771 1844 τῷ
2791 1773 3004 1841 σώματι
3056 1769 3296 1841 ἐρωτικά
3320 1770 3388 1839 τῇ
3417 1766 3622 1838 καρδίᾳ

377 1856 470 1912 tibi
497 1858 747 1914 videntur
790 1861 1078 1929 praesentia
1111 1862 1360 1918 bumanze
1403 1862 1677 1917 felicitatis
1720 1861 1938 1918 indicia.

375 1945 500 2002 Sola
534 1948 627 2004 tibi
661 1951 788 2010 urbs
808 1947 961 2006 loeus
989 1965 1108 2005 esse
1139 1947 1349 2007 videtur
1384 1965 1596 2009 tuarum
1627 1955 1940 2009 deliciarum

374 2047 430 2100 et
457 2037 716 2111 Byzantio
752 2043 862 2097 fere
885 2043 1265 2101 venerabilior.
1291 2048 1477 2104 Timeo
1507 2063 1575 2101 ne
1601 2048 1768 2102 multo
1793 2045 1944 2102 desi-

376 2132 526 2188 derio
543 2148 918 2206 evanescente,
941 2154 1116 2210 neque
1138 2141 1325 2197 amicis
1344 2142 1666 2203 valedicens,
1681 2141 1860 2197 subito
1873 2140 1945 2196 ad

379 2237 476 2277 nos
523 2223 756 2300 mittaris
803 2231 1162 2299 navigationis
1202 2232 1614 2288 diuturnitatem
1657 2248 1942 2290 accusans.

379 2315 485 2372 Sed
529 2319 646 2375 haec
701 2322 916 2392 quidem
952 2325 1276 2384 ludentium.
1314 2329 1395 2383 Tu
1437 2341 1616 2383 autem
1655 2327 1946 2397 aliquando

379 2412 608 2478 sap'enti
637 2414 864 2474 consilio
905 2419 1104 2474 redibis
1135 2423 1199 2474 ad
1235 2421 1466 2476 ﬁliorum
1511 2420 1944 2491 procreationem

377 2515 556 2559 actus.

865 2684 1072 2750 LXXII.
1103 2686 1473 2746 ANATOLIO.

427 2775 618 2840 Multa
674 2787 801 2834 sunt
844 2779 973 2838 mihi
1017 2780 1276 2848 praeclara
1316 2796 1437 2851 quae
1478 2791 1720 2844 educant
1765 2781 1951 2840 adole.

383 2879 652 2938 scentem;
688 2872 922 2942 primum
963 2885 1017 2930 et
1041 2872 1258 2944 quidem
1288 2873 1581 2928 maximum
1613 2884 1806 2929 vestra:
1831 2876 1948 2943 pie-

375 2963 517 3030 tatis
545 2963 739 3019 litteraa
765 2981 780 3037 ;
815 2965 1018 3021 deinde
1045 2966 1217 3021 bonus
1243 2973 1441 3035 patera
1466 2965 1634 3034 prima
1661 2966 1950 3034 experien-

2049 1867 2225 1939 πηδᾷς
2245 1881 2259 1894 ·
2287 1866 2386 1920 καὶ
2416 1864 2554 1936 πρὸς
2583 1865 2728 1935 ημᾶς
2758 1863 3112 1933 ἀνεπτόησαι,
3139 1861 3233 1914 καὶ
3279 1860 3348 1914 τὰ
3370 1858 3624 1929 παρόντα

2048 1975 2131 2012 σοι
2184 1957 2361 2029 μικρά
2418 1957 2518 2028 τῆς
2565 1957 2695 2026 παρ’
2727 1953 3040 2026 ἀνθρώποις
3088 1950 3434 2023 εὐδαιμονίας
3489 1950 3622 2002 ὄντα

2046 2031 2410 2122 γνωρίσματα
2441 2066 2455 2079 ·
2493 2050 2626 2120 μόνη
2651 2048 2708 2102 δέ
2735 2065 2817 2100 σοι
2862 2046 3016 2108 πόλις
3052 2044 3162 2099 τῶν
3200 2045 3308 2098 σῶν
3345 2041 3622 2097 παιδικῶν

2048 2139 2247 2212 χωρίον
2275 2134 2414 2192 εἶναι
2437 2139 2603 2204 δοκεῖ,
2635 2140 2729 2192 και
2753 2135 2847 2191 τοῦ
2903 2132 3198 2200 Βυζαντίου
3229 2132 3372 2204 τάχα
3419 2130 3618 2202 σεμνὸ-

2046 2247 2238 2302 τερον·
2275 2230 2371 2284 καὶ
2395 2229 2606 2284 δέδοικα
2631 2229 2705 2300 μὴ
2728 2227 2821 2282 τοῦ
2853 2226 3020 2284 πόθου
3061 2225 3257 2280 πολλοῦ
3298 2223 3615 2297 ῥεύσαντος,

2050 2324 2185 2398 μηδὲ
2217 2325 2330 2386 τοῖς
2379 2321 2555 2392 φίλοις
2591 2322 2804 2393 χαίρειν
2859 2321 3054 2384 εἰπὼν,
3090 2318 3351 2388 ἐξαίφνης
3380 2313 3623 2369 στέλλοιο

2048 2415 2186 2488 πρὸς
2224 2415 2372 2486 ἡμᾶς
2400 2412 2494 2467 τοῦ
2531 2412 2669 2465 πλοῦ
2708 2413 2768 2466 τὸ
2805 2411 2982 2483 μῆκος
3037 2409 3425 2482 μεμφόμενοςο
3482 2402 3622 2458 ἀλλὰ

2046 2507 2223 2563 ταῦτα
2248 2507 2346 2579 μὲν
2381 2505 2685 2570 παιζόντων
2712 2521 2728 2538 ·
2759 2505 3058 2575 ἐπανήκοις
3104 2501 3162 2556 δέ
3193 2517 3324 2554 ποτε
3378 2497 3620 2568 σώφρονι

2048 2597 2294 2670 λογισμῷ
2322 2597 2458 2670 πρὸς
2497 2597 2702 2656 παίδων
2723 2595 2888 2665 γονὴν
2909 2592 3288 2662 ἐπειγόμενος.

2109 2707 2116 2712 -
2570 2691 2690 2747 03'.
2731 2691 3099 2761 ANATOAm.

2123 2784 2302 2839 Πολλὰ
2341 2793 2432 2855 μοι
2463 2782 2693 2854 λαμπρά
2711 2781 2779 2836 τὰ
2806 2781 3144 2835 συνιστῶντα
3165 2779 3257 2834 τὸν
3284 2777 3403 2832 νέον
3427 2792 3442 2806 °
3473 2773 3625 2847 πρῶ-

2051 2896 2143 2932 τον
2179 2878 2273 2931 καὶ
2297 2877 2555 2948 μέγιστον
2585 2878 2684 2946 τῆς
2719 2874 2991 2946 ὑμετέρας
3014 2871 3318 2934 θεοσεϐείας
3340 2871 3410 2922 τά
3444 2868 3627 2940 γράμ-

2059 2987 2207 3040 ματα
2229 2986 2248 3043 ς
2269 2965 2390 3022 εἶτα
2423 2968 2604 3040 πατὴρ
2645 2965 2873 3036 ἀγαθὸς,
2909 2969 2973 3020 ἐκ
3003 2965 3230 3038 πρώτης
3259 2964 3456 3035 πείρας
3486 2960 3626 3033 πρὸς

377 3055 461 3115 tia
490 3055 559 3110 ad
593 3053 986 3126 indulgentiam
1013 3070 1352 3126 propensus;
1377 3067 1428 3112 et
1473 3067 1668 3126 praeter
1711 3056 1826 3112 haec
1865 3056 1950 3112 di-

2060 3061 2274 3119 εῠνοιαν
2299 3059 2662 3131 ἐφελκόμενος
2686 3075 2700 3089 ·
2722 3057 2861 3148 προς
2884 3059 2940 3112 δὲ
2967 3057 3179 3120 τούτοις
3225 3055 3325 3127 τῆς
3375 3053 3571 3124 τέχνης
3598 3051 3628 3104 ό

387 3146 638 3228 scipliuae
708 3147 830 3218 lex,
879 3148 1126 3208 strictam
1165 3148 1389 3218 exigens
1433 3149 1697 3202 rationem
1727 3147 1772 3203 si
1825 3151 1952 3220 quid

2059 3154 2241 3224 νόμος,
2266 3151 2501 3215 εὐθύνας
2530 3149 2771 3204 ἀπειλῶν
2802 3139 3052 3220 ἀκριϐεῖς
3107 3147 3160 3202 εί
3201 3165 3266 3228 Δτι
3309 3146 3418 3200 τῶν
3463 3159 3631 3214 προσ-

385 3239 825 3322 convenientium
872 3241 1223 3322 neglexeritn.
1271 3239 1430 3297 Brevi
1480 3241 1645 3298 etiam
1689 3248 1744 3296 et
1779 3242 1960 3296 adole~

393 3332 596 3388 scentis
627 3331 862 3387 studium
891 3345 1101 3403 partem
1131 3348 1234 3387 non
1259 3334 1535 3390 tinimam
1564 3334 1851 3391 obtinebit.
1885 3335 1960 3390 De

389 3429 590 3478 caetero
612 3421 768 3478 nobis
803 3423 1089 3493 impetrate
1118 3438 1148 3477 a
1183 3423 1293 3478 Deo
1327 3423 1588 3479 auxilium
1620 3427 1759 3494 quod
1784 3427 1957 3495 solum

389 3515 458 3568 ad
476 3511 693 3570 felicem
741 3513 945 3569 exitum
987 3512 1184 3570 ducere
1217 3521 1392 3584 potest
1423 3504 1778 3585 propositum.
1833 3531 1840 3538 ·

848 3603 1077 3662 Lxxm.
1107 3603 1517 3664 uonorneo.-
1549 3588 1558 3595 ’
1767 3602 1773 3607 ·

459 3695 671 3757 Peritus
697 3713 756 3754 es
785 3699 900 3756 alas
949 3700 1253 3772 cuicunque
1295 3702 1529 3759 volueris
1549 3690 1964 3776 circumponere

389 3786 789 3857 sublimemque
818 3789 871 3842 in
901 3788 1009 3845 alto
1031 3799 1268 3850 stantem
1301 3794 1607 3849 ostendere.
1653 3793 1784 3850 Tuis
1817 3793 1962 3850 litte-

392 3881 470 3935 ris
501 3881 655 3950 quasi
687 3881 864 3936 alatus
892 3879 1116 3938 eli‘ectus
1146 3881 1495 3955 (ubicunque
1537 3883 1683 3938 enim
1724 3899 1847 3940 esse
1879 3885 1961 3940 vi-

390 3975 582 4044 debar,
613 3986 670 4030 ut
703 3975 864 4039 dicis,
887 3975 1053 4046 fama)
1090 3977 1529 4046 perambulabam
1556 3978 1813 4035 civitates
1839 3983 1958 4034 oin-

393 4081 493 4122 nes
536 4080 673 4136 quas
728 4066 976 4122 homines
1005 4067 1248 4122 incolunt
1279 4079 1333 4121 et
1373 4083 1547 4138 usque.
1592 4071 1658 4124 ad
1701 4070 1964 4126 barbaros

393 4157 590 4215 deveni
621 4173 802 4216 mente
827 4160 933 4216 levi
962 4169 1138 4228 actus,
1179 4171 1440 4217 etonmes
1483 4163 1662 4232 populi
1690 4164 1818 4218 mihi
1849 4163 1962 4218 elo-

394 4251 632 4322 quentia:
675 4266 931 4306 coronam
971 4251 1102 4307 dare
1145 4252 1500 4320 videbantur;
1537 4263 1595 4308 ut
1640 4270 1746 4310 uno
1799 4255 1962 4310 verbo

395 4346 596 4407 dicam,
621 4358 719 4412 per
749 4353 890 4396 tuam
917 4343 1205 4412 epistolam
1229 4343 1320 4414 qui
1347 4343 1573 4400 effectus
1603 4359 1776 4400 essem
1808 4345 1963 4414 igno-

2058 3223 2307 3316 ηκόντων
2330 3243 2614 3314 παρίδοιμι
2634 3257 2648 3272 ⁸
2677 3241 2820 3312 τάχα
2846 3241 2904 3294 δὲ
2938 3241 3032 3294 καὶ
3060 3239 3094 3310 ἡ
3123 3223 3219 3292 τοῦ
3253 3238 3374 3292 νέου
3423 3234 3631 3304 σπουδὴ

2063 3339 2256 3410 μοῖραν
2283 3336 2383 3389 οὐκ
2414 3333 2702 3408 ἐλαχίστην
2751 3332 3048 3404 παρέξεται
3075 3346 3089 3362 ο
3141 3328 3326 3383 λοιπὸν
3369 3329 3504 3400 ἡμῖν
3543 3329 3631 3380 al-

2059 3428 2271 3482 τεῖσθαι
2299 3427 2399 3498 τὴν
2427 3427 2492 3480 ἐκ
2516 3424 2609 3478 τοῦ
2645 3424 2795 3478 θείου
2827 3421 3025 3494 ῥοπὴν,
3065 3420 3182 3492 μεθ’
3209 3415 3279 3494 ἦς
3331 3420 3429 3474 καὶ
3471 3419 3632 3490 μόνον

2064 3519 2213 3574 ἐστὶν
2236 3517 2372 3591 πρὸς
2397 3517 2569 3588 πέρας
2593 3515 2768 3569 ἐλθεῖν
2796 3515 2896 3584 τὴν
2929 3512 3268 3584 προαίρεσιν.

2609 3607 2727 3660 ora
2765 3604 3086 3676 ΔΩΡΟΘΕῼ.

2134 3702 2316 3766 Δεινδς
2352 3701 2465 3773 ἄρα
2522 3716 2608 3764 τις
2637 3692 2781 3770 ἦσθα
2807 3696 2981 3766 πτερά
3013 3694 3358 3768 περιϐάλλειν
3385 3691 3538 3764 ᾧπερ
3568 3689 3635 3744 ἂν

2066 3794 2292 3861 ἐθέλεις,
2325 3795 2416 3847 καὶ
2433 3791 2741 3846 δείκνυσθαι
2795 3789 3092 3862 μετάρσιον
3115 3807 3130 3818 ο
3168 3789 3280 3849 σοῖς
3322 3785 3431 3856 γὰρ
3460 3784 3638 3854 γράμο

2067 3905 2199 3959 μασι
2223 3885 2541 3958 πτερωθεὶς,
2559 3880 2835 3951 πανταχοῦ
2863 3881 2915 3947 γ’
2937 3879 3154 3934 ἐδόκουν
3189 3873 3351 3944 εἶναι,
3385 3875 3636 3945 καθάπερ

2068 3980 2227 4049 ἔφης,
2245 3982 2313 4050 τῇ
2340 3978 2519 4049 φήμῃ,
2549 3993 2616 4029 πε
2625 3974 2912 4048 ριεπόλουν
2930 3973 2986 4026 δὲ
3009 3973 3194 4034 πόλεις
3210 3970 3412 4041 ὁπόσας
3429 3969 3638 4038 ἄνθρω-

2068 4089 2161 4125 ποι
2185 4071 2468 4142 νέμονται,
2497 4068 2592 4129 καὶ
2625 4067 2790 4138 μέχρι
2816 4065 2924 4120 τῶν
2953 4064 3243 4136 βαρϐάρων
3267 4060 3438 4132 διῄειν
3459 4060 3636 4128 κουφῇ

2067 4160 2274 4234 διανοίᾳ
2304 4159 2623 4230 φερόμενος,
2658 4156 2754 4210 καὶ
2783 4158 2894 4210 πᾶν
2924 4155 3075 4218 ἔθνος
3101 4154 3192 4207 ἐπὶ
3234 4152 3414 4221 λόγοις
3457 4150 3638 4204 ἐδόκει

2070 4270 2138 4325 με
2169 4249 2464 4320 στεφανοῦν
2496 4266 2510 4280 ο
2542 4250 2636 4304 καὶ
2659 4246 2854 4314 ἁπλῶς
2904 4248 3080 4300 εἰπεῖν
3112 4246 3201 4299 διά
3239 4245 3340 4316 τὴν
3375 4243 3473 4312 σὴν
3514 4243 3636 4296 ἐπι-

2070 4344 2267 4414 στολὴν
2297 4343 2526 4412 ἠγνόουν
2546 4342 2574 4395 ὅ
2603 4351 2657 4394 τί
2685 4342 2930 4410 γένωμαι
2959 4355 2973 4370 ο
3001 4339 3106 4401 ἕως
3139 4336 3206 4407 μέ
3234 4353 3320 4400 τις
3363 4335 3501 4388 θεῶν
3530 4333 3642 4386 τῶν

398 4433 608 4496 rabam,
643 4434 814 4486 donec
847 4423 981 4486 deus
1012 4431 1212 4501 aliquis
1245 4431 1359 4492 alas
1393 4443 1512 4489 tuas
1539 4433 1671 4488 mihi
1709 4437 1952 4493 absmlit.

2070 4437 2179 4490 σῶν
2210 4435 2495 4507 ἀνήρπασε
2524 4431 2763 4504 πτερῶν,
2805 4433 2900 4485 καὶ
2929 4431 3030 4500 τῆς
3061 4429 3274 4499 πλάνης
3309 4427 3462 4498 μόλις
3494 4444 3638 4479 παυς-

395 4521 891 4594 Pervgriuationem
913 4537 1088 4577 meam
1103 4539 1242 4594 aegre
1264 4539 1507 4592 cessans,
1519 4541 1619 4581 cur
1633 4528 1748 4583 haec
1765 4529 1961 4598 patior,

396 4612 655 4684 inquam?
702 4613 995 4670 Considera
1043 4614 1408 4680 scribentem,
1445 4618 1678 4686 recogita
1731 4619 1965 4673 benevo-

401 4705 622 4760 lentiam
654 4717 707 4761 et
744 4706 1016 4764 admirare
1052 4718 1252 4778 quanta
1281 4709 1607 4777 persuadere
1640 4711 1742 4764 scit
1774 4711 1965 4767 antici-

402 4799 489 4852 tize
519 4795 874 4854 desiderium.
895 4797 1010 4856 Non
1042 4800 1359 4857 exsisteutia
1383 4801 1436 4855 in
1460 4801 1700 4856 animum
1735 4803 1962 4872 inducit,

402 4889 535 4944 falsa
576 4899 636 4944 ut
674 4905 798 4944 vera
848 4890 978 4948 facit
1039 4891 1391 4958 existimare;
1437 4894 1634 4949 exinde
1685 4904 1813 4964 puto
1857 4912 1964 4952 non

403 4995 560 5049 posse
591 4977 842 5036 laudibus
876 4981 1380 5052 satiari;—quamvis
1401 4986 1580 5041 omnia
1605 4986 1764 5043 facile
1799 4990 1967 5058 dicat,

404 5074 490 5126 illa
544 5073 847 5130 commodis
875 5075 1084 5130 minora
1119 5074 1392 5130 videntur.
1424 5076 1678 5134 Mensura
1727 5079 1822 5136 tibi
1856 5081 1972 5136 lau-

401 5165 527 5219 dum
573 5181 784 5232 sensus,
827 5167 918 5237 qui
953 5167 1088 5225 nihil
1127 5166 1195 5224 ad
1247 5165 1456 5222 laudem
1505 5168 1753 5227 sufﬁcere
1795 5183 1965 5244 putat.

405 5256 512 5313 Sed
544 5273 642 5327 pro
691 5268 778 5314 tua
807 5260 1071 5322 amicitia,
1104 5258 1293 5313 desine
1329 5258 1453 5314 talia
1481 5261 1724 5317 scribere
1758 5262 1967 5318 homini

405 5365 572 5417 parvo
627 5350 717 5422 qui
754 5351 810 5407 in
857 5352 1096 5434 seipsum
1160 5352 1384 5424 respicit
1427 5353 1648 5410 suisaue
1682 5356 1972 5412 erubescit

405 5440 618 5499 litteris.

2070 4535 2327 4607 σάμενος,
2361 4531 2425 4584 Τί
2468 4529 2642 4589 ταῦτα
2678 4527 2892 4599 πάσχω,
2928 4528 3102 4598 (pqu;
3135 4525 3336 4578 Σκόπει
3367 4521 3458 4578 τὸν
3502 4522 3639 4593 γρά-

2069 4629 2272 4699 ψαντα,
2303 4626 2400 4679 καὶ
2424 4622 2641 4692 λογίζου
2677 4621 2777 4694 τὴν
2807 4621 3043 4688 εὔνοιαν,
3074 4622 3168 4674 καὶ
3213 4619 3494 4689 θαύμασαι
3539 4617 3642 4669 ὅσα

2069 4719 2280 4772 πείθειν
2305 4712 2414 4774 οἶδε
2448 4715 2548 4785 τῆς
2573 4713 2757 4784 φιλίας
2788 4715 2816 4767 ό
2843 4713 3034 4776 πόθος·
3066 4711 3163 4764 καὶ
3177 4712 3244 4764 τὰ
3263 4710 3338 4781 μὴ
3369 4708 3499 4761 ὄντα
3528 4707 3638 4775 γὰρ

2069 4811 2322 4883 ἡγεῖσθαι
2351 4810 2527 4862 ποιεῖ·
2565 4807 2662 4860 καὶ
2694 4807 2762 4860 τὰ
2788 4804 2958 4876 ψευδῆ
2993 4805 3158 4874 τιμᾷν
3183 4802 3259 4867 ὡς
3295 4800 3469 4872 ἀληθῆ
3495 4815 3509 4829 '
3549 4800 3638 4852 ὲν-

2036 4901 2261 4983 ρτεῦθεν
2313 4895 2471 4968 οἶμαι
2531 4897 2641 4949 τῶν
2711 4894 2947 4949 ἐπαίνων
2995 4893 3288 4964 ἀπλήστως
3331 4890 3500 4962 ἔχειν,
3545 4889 3642 4942 καὶ

2074 4994 2252 5048 πάντα
2281 4991 2456 5058 λέγων
2479 4985 2726 5059 εὐχερῶς
2755 5002 2768 5016 ⁸
2796 4985 3086 5041 καὶταῦτα
3103 4986 3278 5049 δοκεῖς
3306 4985 3416 5038 τῶν
3467 4981 3642 5052 ὐπαρ·

2072 5086 2278 5158 χόντων
2325 5082 2586 5137 ἐλάττονα
2613 5099 2627 5112 ο
2671 5083 2872 5152 μέτρον
2931 5079 2988 5133 δέ
3028 5095 3112 5157 σοι
3165 5077 3275 5132 τῶν
3309 5075 3549 5129 ἐπαίνων
3608 5072 3644 5143 ἡ

2077 5173 2296 5246 γνώμη,
2375 5173 2542 5246 μηδὲν
2597 5173 2786 5243 ἀρκεῖν
2840 5169 3119 5241 ἡγουμένη
3177 5166 3313 5238 πρὸς
3371 5165 3591 5218 ἔπαινον
3624 5178 3643 5195 ·

2077 5265 2192 5322 ἀλλ’
2227 5265 2474 5334 ἐπίσχες,
2519 5263 2656 5333 πρὸς
2714 5262 2891 5331 φίλου,
2945 5261 3174 5314 τοιαῦτα
3220 5258 3449 5330 γράφων
3505 5254 3645 5324 πρὸς

2077 5358 2247 5428 ἄνδρα
2287 5353 2482 5428 μικρὸν
2515 5355 2594 5417 είς
2617 5354 2807 5408 ἑαυτὸν
2833 5351 3062 5424 ὁρῶντα,
3111 5351 3203 5405 καὶ
3239 5353 3350 5414 τοῖς
3381 5345 3643 5417 γράμμα-

2080 5466 2164 5502 σιν
2186 5446 2572 5517 αἰσχυνόμενον
2602 5445 2700 5516 (l).

1909 5559 2142 5617 NOTAE.

482 5652 561 5722 (l)
588 5653 723 5725 Post
747 5653 988 5725 hanc_ad
1011 5655 1339 5710 Dorotheum
1373 5656 1675 5725 epistulam,
1713 5656 1814 5708 alia
1850 5657 1984 5710 scri-

420 5725 564 5781 bitur
585 5723 640 5782 in
669 5723 857 5781 codice
893 5722 1262 5782 Laurentiano
1287 5722 1639 5792 atleumdem,
1675 5736 1808 5782 teste
1849 5726 1987 5782 Bau-

2092 5656 2262 5722 tliuio,
2297 5670 2415 5720 quat
2444 5651 2654 5720 incipit,
2680 5650 2850 5722 Παλιν
2885 5647 3163 5722 εὐσεϐείας
3199 5642 3502 5722 καιρὸς-καὶ
3533 5641 3644 5722 πά-

2095 5723 2180 5780 λιν
2233 5713 2368 5796 πρὸς
2400 5724 2498 5794 τὴν
2536 5713 2808 5792 ὑμετέραν
2843 5720 3034 5789 σοφίαν
3067 5721 3095 5773 ό
3124 5713 3342 5787 δρόμος.
3373 5713 3497 5769 Ilaec
3522 5713 3642 5784 qui-
