4046 6386
281 307 420 374 2777

347 511 427 568 Οὑ
475 509 588 583 γὰρ
633 509 809 565 δοκεῖν
854 512 1093 582 ἄριστος,
1139 507 1254 562 ἀλλ’
1301 503 1440 562 εἶναι
1488 503 1630 571 θέλε,
1686 501 1852 573 φησὶν

280 600 566 672 Αἰσχύλος,
588 601 835 653 ἐπαινεῖν
879 613 1005 653 τινα
1032 595 1428 669 προελόμενοςο
1462 593 1672 648 τοιοῦτο
1723 591 1855 662 ἡμῖν

279 691 552 760 ἀνεφάνης
585 706 598 720 ·
648 688 710 742 οὑ
742 686 901 743 τοῦτο
927 688 992 755 δ’]
1042 686 1104 740 τὸ
1135 685 1312 740 κοινὸν
1347 685 1523 757 μέχρν
1561 680 1655 736 τοῦ
1706 697 1850 752 παρ-

279 785 417 836 εῖναι
469 774 653 852 φιλίαν
675 780 1006 843 ἐπιδεικνὺς,
1033 779 1152 833 οὑδὲ
1183 775 1397 849 μετρῶν
1442 775 1520 848 τῷ
1562 775 1715 846 τόπῳ
1757 776 1856 844 τὴν

278 872 516 939 εὔνοιαν,
536 873 705 944 ἀλλ’ἢ
729 875 979 945 κρεῖττον
1009 863 1150 925 εἶναι
1178 870 1272 924 καὶ
1299 867 1492 922 σαυτὸν
1528 869 1686 940 νικᾷν
1709 868 1858 921 ὲπει-

278 965 549 1036 γόμενος*
581 964 824 1028 ,εἰκότως
869 963 979 1035 ἄρα
1041 981 1100 1018 σε
1149 963 1248 1032 τῆς
1291 962 1433 1034 ἐμῆς
1484 960 1723 1024 διανοίας
1756 958 1857 1013 οὑκ

279 1055 422 1112 οἶδεν
456 1059 791 1112 ὑποϐλέπειν
812 1061 846 1130 ἡ
866 1057 1028 1130 λήθη.
1068 1055 1208 1110 Ἀλλ’
1241 1055 1419 1109 ἔπεισί
1443 1055 1496 1108 τί
1519 1073 1608 1126 μοι
1629 1054 1854 1125 Σωκρα-

277 1149 430 1202 τικὸν
455 1151 543 1204 ἀεὶ
561 1149 762 1217 λέγειν,
793 1147 870 1212 ὡς
898 1149 947 1201 εί
975 1145 1085 1217 ἐγὼ
1115 1145 1462 1217 Παγκράτιον
1505 1144 1708 1214 ἀγνοῶ,
1761 1145 1858 1196 καὶ

278 1241 516 1310 ἐμαυτοῦ
538 1237 923 1310 ἐπιλέλησμαι,
952 1233 1014 1292 οὑ
1041 1237 1260 1310 χορεύει
1303 1237 1456 1308 μὲνὴ
1488 1236 1705 1306 γλῶττα
1735 1237 1857 1300 ταῖς

282 1334 530 1405 μούσαις,
565 1333 736 1405 ἀρετὴ
757 1332 814 1387 δὲ
849 1333 1101 1405 καθάπερ
1140 1333 1365 1403 τέμενος
1418 1331 1619 1387 ἄϐατον
1655 1324 1868 1400 κακίᾳί

277 1428 376 1499 τὴν
428 1427 580 1500 ίεράν
619 1427 799 1498 ψυχὴν
847 1426 1200 1498 ᾠκειώσατο·
1249 1424 1539 1496 τοιγαροῦν
1583 1422 1855 1493 εὐδαίμων

280 1524 381 1590 μὲν
430 1520 595 1582 αὑτὸς
629 1519 854 1573 τοιαῦτα
900 1518 1081 1589 φέρων
1108 1518 1469 1590 γνωρίσματα
1495 1530 1510 1546 ⁸
1548 1517 1645 1570 καὶ
1699 1513 1857 1569 πόλιν

275 1613 443 1676 οἰκεῖς
469 1611 567 1682 τὴν
597 1610 782 1679 κοινὴν
827 1610 938 1664 τῶν
976 1610 1422 1682 λόγωνμητέρα,
1456 1608 1524 1680 ἢν
1567 1602 1708 1680 ὧραι
1758 1624 1855 1660 πο-

277 1701 468 1756 θοῦσαι
499 1703 640 1756 κατά
663 1702 868 1772 ταύτην
896 1701 1154 1772 ἀλλήλαις
1176 1700 1524 1765 ἐσπείσαντο,
1564 1697 1632 1770 ἣν
1680 1713 1852 1768 προσ-

1697 298 2098 364 EPISTOL/E.

769 419 893 476 OA'.
942 417 1357 490 ΠΑΓΚΡΑΤΙῼ.
1878 420 1927 475 A

2174 472 2179 477 ,
2402 407 2567 463 LXXI
2579 407 2637 462 V.
2667 400 3078 462 PANCRATlO.
3407 386 3411 392 ’
3579 400 3582 404 ’

2026 499 2145 558 Noli
2181 501 2420 572 optimus
2448 503 2645 564 videri,
2681 502 2774 557 sed
2797 489 2942 564 esse,
2978 498 3055 552 ait
3085 491 3400 565 Eschylus,
3431 500 3528 548 a‘d-

1955 608 2114 664 qnem
2143 592 2363 649 laudare
2379 594 2483 665 sibi
2507 609 2830 665 praponens.
2855 591 3003 646 Talis
3028 588 3182 644 nobis
3201 585 3520 659 apparuisti,

1957 701 2063 742 non
2125 693 2331 740 tantum
2371 696 2546 741 tamen
2587 669 2724 741 boni.
2753 684 2951 754 publici
3006 682 3181 737 zelum
3244 691 3522 763 ostentans

1957 787 2016 832 ut
2041 777 2336 832 amicitiam
2391 779 2651 850 negligas,
2703 793 2803 833 nec
2843 776 2959 832 loco
2983 783 3132 831 tuam
3184 776 3528 830 circumsrri-

1958 870 2091 924 hens
2109 867 2567 934 benevolentiam,
2593 869 2687 923 sed
2728 866 3006 923 meliorem
3035 883 3155 923 esse
3178 872 3232 921 et
3261 867 3325 921 de
3357 866 3528 934 teipse

1957 967 2217 1023 victorem
2253 965 2603 1022 contendens.
2649 965 2727 1021 Te
2765 965 2816 1019 iu
2841 965 3004 1021 corde
3040 979 3158 1020 meo
3190 979 3289 1019 nec
3331 961 3529 1033 poterit

1955 1059 2156 1115 oblivio
2201 1059 2401 1114 delere.
2458 1057 2565 1114 Sed
2616 1058 2670 1113 in
2713 1068 2892 1114 mente
2929 1056 3061 1112 mihi
3111 1057 3526 1129 venitsemper

1955 1151 2085 1224 quid
2123 1152 2450 1207 socraticum
2499 1150 2680 1206 dicere
2720 1151 2934 1222 meique
2971 1165 3090 1205 sum
3117 1149 3338 1213 oblitus,
3371 1147 3524 1217 quasi

1959 1242 2308 1299 Pancratium
2354 1259 2460 1299 non
2489 1242 2729 1298 noverim
2750 1285 2766 1312 ,
2798 1243 2953 1313 cujus
2995 1242 3174 1309 lingua
3205 1253 3326 1294 cum
3360 1239 3529 1294 musis

1959 1336 2142 1402 saltat,
2181 1345 2237 1402 et
2275 1336 2449 1391 virtus
2483 1334 2636 1404 quasi
2691 1345 2833 1389 terra
2876 1334 3097 1388 ntalitiae
3141 1331 3402 1402 impervia
3441 1346 3530 1385 sa-

1956 1439 2104 1482 cram
2153 1426 2364 1482 habitat
2401 1427 2659 1481 animam.
2712 1425 2912 1480 Beatus
2959 1425 3122 1494 igitur
3170 1424 3287 1491 ipse
3325 1425 3417 1493 qui
3452 1433 3529 1476 tot

1959 1518 2126 1573 habes
2157 1532 2276 1571 rara
2310 1527 2363 1573 et
2385 1517 2697 1586 singularia.
2723 1511 2935 1572 Urbem'
2949 1515 3162 1570 habitas
3184 1530 3528 1570 communem

1953 1609 2286 1678 eloquentiae
2328 1619 2553 1665 matrem
2595 1610 2646 1665 in
2696 1627 2800 1682 qua
2835 1609 2981 1664 horae
3030 1609 3273 1680 benignae
3306 1609 3446 1664 inter
3471 1624 3529 1663 se

1959 1701 2139 1757 fmdus
2172 1702 2435 1768 inierunt,
2462 1717 2624 1771 quam
2661 1702 2893 1756 dulciter
2927 1700 3118 1771 irrigat
3164 1715 3314 1754 mare
3347 1699 3526 1754 Nilus-
3578 1701 3581 1704 ’

275 1793 462 1857 κλύζει
489 1795 681 1864 πράως
732 1796 765 1864 ἡ
797 1792 1060 1856 Θάλασσα,
1085 1793 1176 1845 καὶ
1200 1792 1394 1855 Νεῖλος
1431 1787 1846 1858 ἐναγκαλίξεται

1954 1809 2058 1862 que
2080 1795 2218 1849 sicut
2246 1811 2438 1850 amans
2467 1795 2695 1848 amicam
2723 1793 3088 1864 amplectitur,
3111 1801 3165 1847 et
3194 1809 3256 1846 ex
3287 1779 3527 1860 undique

277 1887 527 1956 καθάπερ
549 1885 800 1958 ἐρωμένῃ
827 1883 1142 1956 περιχυθείς
1163 1899 1176 1914 ·
1203 1883 1297 1936 καὶ
1321 1881 1664 1952 πανταχόθεν
1710 1879 1849 1952 ἄλση

275 1979 384 2061 καὶ.
397 1980 588 2050 δένδρα
610 1981 704 2033 καὶ
723 1978 848 2050 λήῖα
873 1979 1097 2040 καὶτοῖς
1112 1977 1413 2048 ὀφθαλμοῖς
1437 1975 1658 2028 ποικίλα
1675 1990 1850 2044 προσ-

276 2072 497 2126 ϐαλοῦσι
541 2072 793 2141 χάριτεςο
849 2072 968 2126 ἀλλ’
1019 2074 1148 2142 ὑμῖν
1203 2070 1302 2142 μὲν
1347 2069 1447 2138 τὴν
1501 2066 1850 2138 εὐδαιμονίαν

274 2163 410 2224 Θεὸς
436 2162 760 2232 ἐπαυξήσει,
792 2163 885 2216 καὶ
917 2162 1110 2233 μισθὸν
1137 2162 1238 2232 τῆς
1284 2161 1488 2231 ἀρετῆς
1512 2157 1850 2230 ¹δωρησόιμειι

272 2271 362 2319 νος
382 2272 397 2286 ο
442 2254 671 2324 μετάδος
697 2254 753 2307 δὲ
770 2254 972 2322 φίλοισι
1009 2257 1122 2317 σοῖς
1146 2254 1247 2323 σῆς
1281 2252 1608 2324 εὐπραξίας,
1639 2253 1752 2315 τοῖς
1784 2253 1850 2304 ἐκ

274 2346 522 2417 γλώττης
537 2347 762 2417 ἀγαθοῖς
788 2345 1098 2418 εὐφραίνων
1137 2346 1306 2416 ἡμᾶς,
1361 2345 1457 2398 καλ⁸
1500 2343 1735 2414 πέμπων
1763 2345 1850 2396 οῖ-

272 2439 430 2492 κοθεν
457 2439 640 2494 οἴκαδε
665 2438 802 2510 πρὸς
823 2439 970 2511 ἡμᾶς
992 2438 1060 2491 τά
1076 2438 1377 2510 ποιήματα.
1413 2436 1488 2489 Οὔ
1512 2435 1621 2508 γὰρ
1643 2435 1847 2489 δίκαιον

271 2529 560 2588 λανθάνειν
590 2531 624 2585 ἃ
656 2531 770 2595 τοῖς
839 2529 1096 2600 ἀλλήλοις
1140 2529 1520 2602 ὲπιδειχθέντα
1585 2527 1846 2594 πλείστην

269 2625 406 2677 οῖσει
423 2623 523 2694 τὴν
553 2623 760 2691 ὄνησιν.
1279 2641 1286 2648 ’

587 2712 709 2766 OE'.
737 2713 973 2786 ΓΕΣΣΙῼ
1007 2712 1525 2784 ΙΑΤΡΟΣΟΦΙΣἸᾘ.

347 2805 409 2861 Ὀ
427 2806 526 2880 τὴν
557 2804 847 2878 ἐπιστολὴν
871 2807 1144 2870 ἐπιδιδοὺς
1175 2806 1279 2860 ὑπὸ
1323 2807 1490 2876 μητρὶ
1541 2804 1687 2876 χήρᾳ
1715 2821 1846 2877 τρα-

268 2900 392 2970 φεὶς
444 2898 538 2953 καὶ
584 2899 686 2969 τὴν
745 2899 857 2952 τῶν
906 2897 1219 2966 ἀναγκαίων
1267 2897 1476 2950 ἔνδειαν
1502 2895 1842 2966 αἰτιώμενος,

267 2991 414 3062 ὅμως
437 2991 535 3061 οὑχ
563 2989 667 3043 ὑπὺ
694 2989 946 3061 νεότητος
964 2990 1243 3061 ἐπαρθεὶς,
1273 2991 1374 3043 οὐκ
1403 2991 1462 3042 ὲν
1498 2988 1718 3061 ἐξουσία
1749 2990 1844 3042 τοῦ

267 3082 530 3152 πράττειν
559 3081 659 3133 ὅτι
696 3079 839 3134 θέλοι
882 3081 1194 3150 γενόμενος,
1240 3077 1390 3149 παρά
1434 3078 1704 3150 ρᾳθυμίαν
1734 3081 1842 3133 ἁπ-

266 3173 476 3224 έκλινεν
503 3189 519 3204 ο
550 3171 663 3226 ἀλλ’
691 3171 1121 3242 ἐπανορθοῦσθαι
1150 3171 1248 3242 τὴν
1275 3170 1445 3241 τύχην
1486 3170 1706 3239 ἐθέλων,
1754 3175 1849 3226 καὶ

265 3263 581 3334 λκεγωνὲρᾷ,
613 3266 707 3316 καὶ
739 3264 874 3334 πρὸς
903 3261 1002 3334 τὴν
1031 3261 1304 3334 ὑμετέραν
1343 3261 1585 3330 γλῶτταν
1631 3264 1873 3333 ἐπείγεο,

264 3374 384 3412 ταιο
425 3357 520 3410 καὶ
546 3357 821 3429 ἀρκοῦσαν
842 3356 1093 3427 ἀφορμὴν
1124 3355 1261 3427 πρὸς
1282 3354 1616 3425 εὐσχήμονα·
1635 3355 1752 3424 βίον
1785 3357 1845 3421 ἐξ

264 3447 436 3516 αὑτῆς
475 3448 839 3518 ἀρυσάμενος,
874 3446 949 3509 ώς
980 3445 1186 3516 ἀρκοῦν
1212 3446 1366 3499 ἐστιν
1397 3445 1544 3512 ὑμᾶς
1570 3445 1716 3509 ἰδεῖν,
1754 3446 1849 3499 καὶ

161 3538 174 3554 “
263 3541 374 3596 τῶν
401 3539 715 3593 λυπούντων
749 3539 894 3609 ἔχειν
921 3539 1021 3608 τὴν
1049 3536 1224 3603 λύσιν,
1256 3541 1318 3610 τῇ
1346 3539 1498 3618 παρ’¹
1519 3537 1673 3610 ὑμῶν
1702 3538 1848 3592 6:61-

264 3632 464 3704 σκαλίᾳ
487 3632 586 3695 τὰς
616 3631 752 3702 πρὸς
775 3631 832 3684 τὸ
873 3631 1064 3702 μέλλον
1099 3631 1319 3694 ἐλπίδας
1354 3630 1844 3702 ἐπανορθούμενος·

259 3727 385 3781 ὅθεν
414 3727 513 3798 τὴν
536 3718 807 3798 ὑμετέραν
833 3724 1058 3795 γνώμην
1081 3723 1256 3791 εἰδὼς,
1288 3725 1382 3778 καὶ
1419 3726 1494 3788 ὼς
1554 3725 1846 3796 πρόκεισοε

260 3821 387 3882 τοῖς.
401 3818 460 3872 εὖ
494 3818 683 3872 παθεῖν
709 3818 1008 3887 δεομένοις,
1039 3817 1258 3888 θαρρῶν
1286 3819 1414 3887 ὑμῖν
1440 3818 1703 3890 προσάγω
1751 3819 1844 3872 τὸν

259 3912 402 3976 νέον,
435 3911 557 3966 ἀντὶ
585 3912 827 3983 μεγάλης
861 3911 1071 3982 δωρεᾶς
1101 3909 1233 3981 ὓλην
1277 3911 1404 3980 ὑμῖν
1450 3911 1700 3982 χορηγῶν
1747 3911 1842 3966 τοῦ

258 4004 518 4060 δύνασθαι
542 4005 704 4060 πάλιν
724 4005 1064 4075 γεωργῆσαι.

333 4149 336 4154 .
825 4100 963 4166 oq'.
990 4096 1298 4168 «pultine.

329 4189 499 4253 Μόλις
523 4190 672 4257 ἡμᾶς
701 4186 1118 4258 ἀμηχανοῦντας
1172 4184 1488 4257 μετέϐαλες,
1519 4186 1741 4260 γράψας
1763 4189 1842 4254 ὡς

261 4283 414 4355 ᾅδειν
435 4282 644 4344 ἐθέλεις
672 4279 954 4350 ὑμέναιον,
979 4279 1071 4332 καὶ
1104 4280 1310 4333 παίδων
1332 4279 1582 4348 γενέσθαι
1612 4283 1797 4353 πατήρ
1822 4299 1837 4314 ο

257 4370 474 4426 πολλῶν
502 4372 613 4441 γὰρ
661 4367 1040 4438 ἒπιδραμοῦσα
1083 4368 1260 4438 φήμη,
1313 4367 1506 4432 ἄλλους
1545 4368 1841 4441 ἀλλαχόθεν

1954 1883 2126 1949 lucos,
2166 1886 2391 1940 arbores
2433 1893 2487 1939 et
2540 1895 2750 1954 segetes
2802 1885 2976 1941 oculis
3015 1885 3197 1942 varias
3247 1886 3530 1953 proferunt

1953 1981 2164 2049 gratim.
2199 1979 2303 2034 Sed
2337 1980 2491 2035 vobis
2525 1979 2668 2033 Deus
2719 1978 3030 2034 felicitatem
3079 1979 3316 2049 augebit,
3352 1979 3519 2030 virtu-

1955 2070 2134 2137 tisque
2169 2070 2449 2140 pra-stabit
2491 2069 2820 2124 mercedem.
2847 2067 3066 2143 Amicos
3103 2069 3184 2122 fac
3215 2070 3522 2124 beneﬁcen-

1952 2159 2041 2215 tia!
2074 2168 2177 2214 tua:
2207 2161 2520 2228 participes,
2550 2160 2828 2214 lu'tilicans
2855 2175 2954 2215 nos
2983 2161 3175 2228 lingua:
3196 2171 3298 2214 tum
3325 2160 3526 2213 divitiis

1949 2261 2005 2308 et
2034 2253 2229 2308 exinde
2259 2253 2325 2307 ad
2370 2268 2468 2308 nos
2503 2253 2722 2308 mittens
2754 2268 2917 2321 Opera
2945 2263 3055 2308 tua.
3091 2251 3208 2307 Non
3263 2253 3406 2307 enim
3446 2251 3526 2306 fas

1949 2354 2034 2399 est
2073 2344 2412 2399 abscondere
2459 2359 2520 2400 ea
2563 2359 2684 2414 quae
2726 2344 2847 2398 aliis
2907 2345 3250 2400 manifestata
3294 2344 3522 2399 multum

1949 2434 2174 2490 all‘erent
2202 2437 2566 2491 commodum.

2188 2709 2402 2770 LXXV.
2445 2713 2694 2772 GESSIO
2727 2713 2980 2770 PERITO
3010 2713 3287 2770 MEDICO;

2018 2805 2122 2874 Qui
2169 2808 2310 2864 hanc
2363 2810 2518 2864 vobis
2557 2809 2697 2865 feret
2731 2812 3014 2881 epistolam
3065 2825 3092 2864 a
3139 2819 3311 2864 matre
3363 2809 3520 2864 vidua

1946 2901 2219 2958 enutritus
2249 2912 2303 2957 et
2333 2901 2386 2957 in
2427 2904 2669 2959 omnium
2718 2905 3146 2959 necessariorum
3179 2902 3361 2971 inopia
3390 2904 3525 2957 edn-

1949 3004 2127 3060 catus,
2175 3009 2274 3050 nec
2325 3015 2353 3050 a
2395 2996 2682 3066 juventute
2727 3008 2967 3059 erectus,
3018 3005 3114 3049 aut
3167 2995 3220 3049 in
3272 2996 3527 3049 libertate

1954 3085 2163 3154 positus
2185 3087 2376 3156 agendi
2411 3087 2540 3156 quid
2585 3086 2760 3153 vellet,
2798 3085 2864 3140 ad
2897 3088 3167 3157 ignaviam
3209 3086 3522 3142 declinavit.

1959 3177 2062 3231 Sed
2088 3177 2253 3232 sortis
2284 3177 2511 3247 injurias
2547 3178 2826 3246 corrigere
2871 3177 3057 3231 volens
3096 3177 3526 3248 eloquentizeque

1954 3269 2181 3337 cupidus
2203 3271 2268 3321 ad
2293 3268 2528 3339 linguam
2557 3278 2795 3344 vestram
2825 3269 3079 3339 pellitur;
3108 3273 3162 3326 et
3188 3284 3254 3326 ex
3278 3285 3338 3326 ea
3379 3272 3527 3326 salii-

1951 3364 2184 3418 cientem
2208 3364 2274 3417 ad
2319 3361 2602 3418 honestam
2631 3363 2794 3418 vitam
2825 3381 3045 3421 sumens
3078 3367 3442 3431 occasionem,
3467 3377 3529 3422 nt

1955 3455 2139 3510 videre
2159 3455 2428 3524 poteritis,
2455 3463 2510 3509 et
2535 3454 2888 3510 atilictionum
2913 3457 3071 3511 tinem
3099 3456 3372 3521 obtinens,
3427 3473 3524 3513 ve-

1951 3557 2064 3601 stra
2087 3546 2368 3615 disciplina
2396 3562 2524 3602 suas
2548 3563 2670 3618 spes
2689 3547 2865 3617 eriget
2894 3549 2946 3602 in
2980 3547 3242 3622 futurum.
3275 3547 3524 3604 Vestram

1952 3639 2359 3710 dispositionem
2396 3649 2451 3695 et
2495 3639 2546 3694 in
2583 3640 2890 3711 indigentes
2914 3644 3348 3712 compassionem
3401 3659 3524 3699 cum

1951 3731 2086 3786 bene
2125 3732 2391 3796 noverim,
2431 3731 2580 3786 illum
2625 3731 2690 3785 ad
2723 3748 2817 3786 vos
2863 3733 3077 3787 mittere
3121 3733 3376 3805 juvenem
3417 3750 3526 3788 nor:

1951 3821 2141 3888 timeo,
2185 3823 2304 3878 loco
2339 3815 2557 3894 'magme
2592 3825 2856 3880 mercedis
2901 3826 3186 3882 materiam
3223 3836 3282 3881 ut
3328 3826 3523 3882 iterum

1948 3916 2174 3985 possitis
2212 3915 2465 3974 laborare
2494 3928 2782 3988 praestans.

2425 4095 2662 4152 LXXVI.
2693 4093 3032 4152 PHILIPPO.

2012 4187 2236 4244 Consilii
2260 4187 2436 4257 inopia
2457 4175 2861 4254 laborabamus,
2882 4204 3100 4245 omnem
3131 4189 3518 4244 dubitationem

1945 4279 2220 4334 sustulisti
2249 4280 2496 4336 scribens
2527 4291 2576 4336 te
2604 4283 2741 4337 velle
2775 4283 3115 4354 hymenaeum
3153 4299 3349 4337 canere
3379 4283 3517 4336 lilio-

1945 4382 2178 4439 rumque
2245 4379 2451 4437 patrem
2501 4369 2640 4424 ﬁeri.
2701 4369 2992 4426 Multorum
3044 4387 3324 4426 sermones
3377 4373 3518 4426 fama

255 4465 495 4531 ἐπήγετο
521 4461 714 4528 λόγους
741 4474 755 4489 ο
779 4459 872 4512 καὶ
923 4457 1139 4511 πάντων
1186 4458 1558 4528 διηγουμένων
1588 4460 1839 4512 σωτεῶν-

1951 4473 2292 4527 praecurrens
2324 4459 2462 4513 alios
2497 4459 2602 4513 alio
2635 4469 2938 4530 sparserat.
2981 4459 3113 4514 Cum
3150 4462 3391 4513 omnium
3424 4477 3516 4511 an-

252 4571 348 4617 τες
377 4553 538 4623 ἡμεῖς
571 4547 1069 4621 ὴκροώμεθαητῶν
1094 4549 1379 4620 ὑμετέρων
1416 4548 1738 4616 ἀγνοοῦντες
1772 4550 1840 4605 τά

255 4649 511 4719 μέγιστα,
553 4647 776 4710 καὶτοῖς
803 4643 1233 4712 πυνθανομένοις
1273 4643 1492 4708 παίζειν
1531 4644 1837 4709 δοκοῦντες,

250 4741 329 4802 ώς
356 4738 573 4805 ἀγνοεῖν
605 4736 860 4807 ἐπίτηδες
891 4733 1374 4804 προσποιούμενοι.
1421 4734 1558 4787 Νυνὶ
1616 4735 1673 4788 δὲ
1727 4737 1837 4798 τοῖς

249 4833 541 4902 γραφεῖσιν
569 4827 777 4901 ἡσθεὶς,
803 4828 977 4900 ἡδέως
1003 4827 1069 4881 ἂν
1103 4826 1263 4890 εὐθὺς
1287 4827 1526 4897 Περσεὺς
1572 4827 1839 4898 ἐγενόμην

248 4924 581 4991 ὑπόπτερος,
618 4921 711 4975 καὶ
768 4920 861 4974 τοῦ
899 4917 1167 4986 πελάγους
1200 4916 1506 4985 ὑπερπτὶίς,
1553 4917 1649 4971 καὶ
1703 4918 1841 4988 πρὸς

247 5016 396 5086 ὑμᾶς
422 5014 780 5083 ἀφικόμενος,
840 5009 1086 5064 παστάδα
1133 5007 1378 5062 κατεῖδον
1419 5003 1590 5079 ῖὲράν,
1633 5010 1726 5064 καὶ
1771 5011 1834 5063 τὸ

249 5107 472 5161 πάντων
499 5105 718 5175 ἥδιστον
743 5103 950 5172 θέαμα,
983 5100 1218 5171 νυμφίον
1252 5100 1315 5152 ὲκ
1347 5098 1664 5170 φιλοσοφίας
1696 5101 1832 5172 ἐρω-

244 5190 430 5243 τικόν·
453 5190 545 5243 καὶ
572 5188 758 5242 ὑλικόν
789 5204 876 5252 τις
906 5187 1066 5241 αὑτὸν
1086 5187 1325 5259 ὀνομάζῃ
1353 5187 1656 5256 φιλοσόφως
1691 5190 1828 5243 ἀπο-

245 5282 591 5352 κρινόμενον,
645 5281 721 5346 ὡς
764 5284 988 5351 κοσμεῖν
1028 5279 1138 5333 ἔδει
1198 5279 1298 5350 τὴν
1343 5280 1578 5348 γένεσιν,
1639 5281 1831 5352 ἔρανον

194 5428 199 5435 _
243 5373 362 5428 ἀνθ’
391 5373 586 5427 ἑαυτὸῦ
622 5371 978 5444 χορηγοῦντα,
1012 5373 1106 5424 καὶ
1140 5371 1210 5423 τὰ
1234 5372 1421 5425 εἰκότα
1444 5371 1582 5442 πρὸς
1621 5374 1829 5446 ταύτην

243 5466 639 5536 ἀφοσιούμενον
659 5482 672 5496 ·
699 5465 872 5528 ἑάλως
900 5463 944 5518 δ’
975 5463 1069 5516 οὑν
1114 5463 1286 5535 ὅμως,
1305 5457 1350 5518 ὧ
1403 5463 1668 5535 βέλτιστε,
1719 5467 1823 5538 ὀψέ

1945 4548 2232 4612 diebamus
2272 4550 2638 4616 narrationes,
2667 4551 2980 4620 silebamus,
3013 4563 3228 4607 tuorum
3260 4553 3517 4621 ignoran-

1945 4651 2028 4696 tes
2062 4641 2319 4711 plurima,
2353 4641 2539 4697 ludere
2585 4642 2904 4698 videbamur
2949 4643 3431 4712 intertogantibus,
3464 4653 3517 4699 et

1943 4734 2305 4806 ignorantiam
2346 4733 2596 4790 consulto
2627 4736 2852 4805 lingere.
2897 4733 3049 4790 Nunc
3080 4747 3257 4791 autem
3302 4737 3369 4792 iis
3397 4754 3517 4808 qua:

1943 4825 2216 4896 scripsisti
2249 4825 2504 4892 recreati,
2537 4826 2770 4882 libenter
2801 4828 3010 4883 veloces
3043 4827 3227 4882 Persei
3257 4828 3372 4882 alas
3402 4846 3518 4881 tnu-

1943 4927 2253 4985 tuaremur,
2289 4925 2343 4973 et
2371 4934 2518 4974 mare
2541 4918 2911 4975 transilientes
2939 4922 3005 4974 ad
3034 4933 3086 4975 te
3121 4921 3431 4974 veniremus
3461 4929 3518 4974 ut

1943 5025 2162 5065 sacrum
2205 5009 2484 5064 videamus
2526 5010 2817 5066 thalamum
2867 5022 2921 5066 et
2967 5013 3110 5080 quod
3150 5011 3390 5064 omniutn
3434 5021 3516 5064 est

1937 5101 2397 5175 iucundissimum
2429 5103 2819 5175 spectaculum,
2856 5103 3128 5158 ltouiinem
3165 5119 3232 5156 cx
3270 5103 3516 5172 philoso-

1944 5196 2052 5264 pho
2074 5207 2370 5252 amatorem
2409 5197 2633 5250 factum.
2679 5196 2812 5263 Quis
2840 5196 2984 5250 enim
3032 5211 3276 5250 crassum
3311 5198 3518 5249 dicent

1947 5288 2098 5342 illmn
2128 5289 2217 5358 qui
2245 5287 2524 5359 sapienter
2553 5289 3178 5359 respondetornamlam
3204 5303 3324 5342 esse
3354 5305 3514 5358 gene-

1947 5381 2218 5436 rationem
2247 5421 2263 5448 ,
2306 5380 2397 5450 qui
2451 5379 2762 5434 convivium
2803 5395 2899 5448 pro
2948 5395 3043 5434 sua
3094 5389 3247 5450 parte
3299 5379 3516 5432 ordinat

1942 5471 2274 5542 conjugique
2299 5471 2476 5553 debita
2514 5471 2706 5526 reddit.
2739 5472 2946 5542 Captus
2979 5487 3058 5541 es,
3108 5487 3141 5528 ο
3167 5471 3492 5526 charissima

1755 5583 1983 5642 NOTAS.

243 5685 366 5740 dzm
390 5685 538 5740 decst
573 5683 624 5735 in
651 5681 837 5736 codice
869 5680 1175 5751 Vaticano;
1212 5690 1586 5740 verumtamen
1625 5682 1678 5738 in
1729 5682 2098 5740 Laurentiano
2140 5685 2376 5742 vicissim
2421 5686 2619 5744 desunt
2657 5685 2876 5757 reliquae
2925 5701 3044 5756 qua:
3119 5684 3172 5740 in
3241 5681 3506 5740 Vaticano

245 5769 457 5826 εαξιιυιι
465 5765 549 5810 ιιιτ
579 5768 766 5808 omnes
775 5790 789 5805 .
