4046 6386
450 345 591 412 2779

1757 337 2109 400 PROCOPII
2149 337 2392 398 GAZtEI

3576 327 3729 392 2780

450 467 508 514 et
535 453 748 511 tandem
786 451 983 509 novisti
1025 449 1322 506 amantium
1357 448 1621 520 sagittas;
1663 447 1890 519 pulchra
1937 460 2024 499 tua

2133 460 2264 498 ποτε
2301 444 2369 499 τὰ
2392 445 2499 499 τῶν
2524 443 2774 516 ἐρώντων
2807 441 3105 516 μανθάνεις
3155 437 3483 511 τοξεύματα.
3515 439 3592 493 Ἦ
3658 454 3727 492 τι

451 550 709 620 nympha,
747 546 921 610 aiunt,
969 559 1066 613 per
1107 544 1330 614 gratias,
1388 544 1462 596 ita
1504 555 1567 622 ut
1612 558 1639 595 a
1682 541 2024 612 philosophia

449 638 718 692 abducere
748 627 950 702 valeat
996 646 1321 689 amatorem.
1362 632 1617 688 Tantnm'
1664 635 1894 708 liliurum
1949 631 2029 687 sis

451 740 601 796 pater
632 728 827 779 virtute
859 724 1238 796 genuinorum,
1272 733 1332 779 ut
1369 725 1501 779 dicit
1531 724 1794 779 comoedia
1819 742 1833 791 ;
1859 731 1914 778 et
1942 722 2027 779 ci-

452 819 557 872 tius
597 832 662 871 ex
714 816 865 870 vobis
907 813 1186 868 videamus
1228 828 1455 884 puerum
1501 813 1589 882 qui
1631 812 1778 866 vultu
1811 822 2024 880 patrem

451 911 722 981 praedicet,
766 908 1065 978 prrcsertim
1089 907 1187 978 ipsi
1224 909 1296 962 sit
1328 907 1760 974 mansuetudine,
1801 921 2024 977 magna-

451 1002 717 1065 nimitate,
743 1010 796 1054 et
822 999 944 1054 aliis
971 995 1266 1053 virtutibus
1291 996 1623 1052 simillimus.

863 1090 1122 1148 LXXVII.
1167 1089 1606 1145 HIERONYMO.

517 1185 692 1252 Quam
723 1200 911 1253 magna
949 1186 1016 1239 de
1059 1184 1180 1240 Nilo
1223 1184 1428 1249 sentis;
1485 1181 1642 1236 nobis
1690 1181 1939 1237 Occurris
1969 1181 2018 1235 in

449 1279 682 1334 medium
745 1294 912 1349 agens
957 1277 1250 1349 Egyptnm
1291 1277 1444 1347 quasi
1494 1276 1695 1332 oblitus
1747 1278 1889 1346 quod
1931 1284 2018 1329 tua

446 1371 764 1426 charissima
809 1369 1092 1443 Egyptns,
1123 1371 1176 1423 in
1222 1380 1543 1440 potestatem
1586 1370 1800 1423 redacta
1834 1368 2014 1427 fuerit.

445 1463 766 1532 Sophisticze
803 1474 930 1517 sunt
979 1473 1080 1518 tute
1113 1464 1305 1516 litterae
1350 1463 1658 1532 [astumque
1699 1461 1911 1532 Gorgim
1943 1476 2020 1514 re-

444 1558 647 1611 dolent.
693 1558 749 1612 Si
785 1557 1072 1610 verborum
1118 1564 1333 1610 tuorum
1379 1557 1517 1610 bene
1552 1555 1796 1618 memini,
1844 1552 2017 1608 Nilum

443 1651 578 1706 dicis
611 1666 705 1722 per
736 1656 936 1705 terram
966 1651 1200 1719 irrigare
1231 1658 1286 1704 et
1327 1649 1691 1718 navigabilem
1723 1648 1906 1704 facere
1932 1665 2018 1702 re-

443 1744 656 1812 gionem
694 1741 821 1796 olim
855 1742 1246 1811 perviam.Sed
1285 1741 1386 1796 hoe
1416 1741 1544 1810 quid
1564 1741 1629 1794 ad
1669 1749 1719 1794 te
1758 1740 1848 1808 qui
1879 1738 2020 1794 Mer-

2138 537 2324 608 νύμιρη
2347 537 2509 606 καλὴ,
2539 537 2694 608 φησι,
2721 537 2781 608 νὴ
2798 535 2899 600 τὰς
2910 537 3177 606 Χάριτας,
3201 533 3298 587 καὶ
3325 530 3481 599 ἱκανὴ
3501 530 3728 600 φιλοσο-
3827 573 3832 576 .

2135 626 2263 696 φίας
2307 628 2660 697 παρατρέψαι
2697 627 2790 681 τὸν
2841 627 3119 699 ἐραστήν·
3177 624 3318 695 ἀνὴρ
3382 622 3543 692 μόνον
3563 621 3727 689 γίνου

2133 717 2341 770 παίδων
2395 719 2483 770 ἐπ’
2534 718 2702 789 ἀρετῇ
2753 716 3079 788 γνησίων,ή
3127 714 3392 786 κωμῳδία
3433 711 3728 783 φησί’καὶ

2132 808 2324 862 θᾶττον
2351 809 2410 874 ἐξ
2449 809 2602 880 ὑμῶν
2633 809 2797 880 ἴδοιμι
2823 808 3010 872 παῖδα,
3043 807 3133 860 διὰ
3158 808 3259 874 τῆς
3302 805 3430 883 θέας
3468 805 3562 858 τὸν
3613 821 3728 855 πα-

2130 898 2264 970 τέρα
2295 899 2654 970 κηρύττοντα,
2689 901 2891 970 μᾶλλον
2943 898 3218 971 πραότητι
3259 896 3355 950 καὶ
3412 894 3728 967 μεγαλοψυο

2129 991 2240 1062 χίᾳ,
2267 994 2363 1045 καὶ
2390 993 2512 1056 ταῖς
2552 990 2738 1055 ἄλλαις
2769 993 2994 1063 ἀρεταῖς
3021 988 3422 1060 παραπλήσιον;

2656 1086 2774 1138 οΖο.
2807 1083 3186 1153 tEPnNrMo.

2211 1181 2299 1246 Ὠς
2323 1179 2536 1253 μεγάλα
2555 1177 2696 1252 [ἐπὶ]
2749 1177 2828 1248 τῷ
2879 1177 3059 1248 Νείλῳ
3093 1177 3331 1247 φρονεῖς,
3385 1172 3482 1228 καὶ
3523 1171 3724 1236 ἀντεξ-

2129 1275 2284 1343 άγεις
2336 1275 2468 1342 ἡμῖν
2507 1272 2586 1334 είς
2636 1270 2798 1340 μέσον
2833 1268 2983 1339 ἄγων
3028 1268 3128 1338 τὴν
3189 1267 3485 1334 Αἴγυπτον,
3525 1264 3722 1334 ὥσπερ

2126 1365 2362 1436 ἁλούσης
2389 1364 2487 1434 τῆς
2521 1362 2786 1432 φιλτάτης
2827 1364 2908 1420 είς
2936 1361 3110 1431 λήθην
3141 1359 3311 1412 ἐλθών
3346 1375 3359 1388 ·
3385 1357 3461 1420 ὡς
3492 1357 3592 1410 καὶ⁵
3622 1373 3716 1408 σο-

2127 1458 2354 1529 φιστικὰ
2389 1457 2445 1510 δέ
2474 1473 2567 1509 σου
2602 1458 2672 1509 τὰ
2695 1455 3022 1527 γράμματα,
3045 1455 3142 1507 καὶ
3163 1453 3254 1506 τὸν
3283 1451 3513 1520 Γοργίου
3541 1448 3717 1519 τύφον

2126 1551 2346 1605 ἐδόκουν
2363 1551 2496 1620 ὁρᾷν
2529 1550 2543 1603 I
2576 1547 2692 1602 ὕειν
2720 1547 2828 1619 γὰρ
2860 1548 2948 1601 τὸν
2979 1547 3172 1599 Νεῖλον
3207 1545 3341 1615 ἔφης
3385 1546 3448 1597 ἐκ
3493 1543 3624 1612 γῆς,
3663 1541 3722 1595 εῖ

2123 1643 2178 1696 τί
2214 1659 2282 1713 με
2322 1641 2396 1712 μὴ
2418 1641 2527 1694 τῶν
2547 1640 2808 1712 ῥημάτων
2826 1639 3130 1710 ’παρέλαθε,
3163 1637 3257 1690 καὶ
3281 1634 3497 1704 πλωτὴν
3535 1634 3715 1686 ποιεῖν

2126 1733 2222 1807 τὴν
2239 1731 2411 1786 πάλαι
2448 1731 2648 1803 βατήν·
2675 1730 2727 1785 τί
2749 1731 2806 1784 δέ
2844 1747 2907 1799 γε
2941 1730 3098 1782 τοῦτο
3148 1730 3282 1799 πρὸς
3321 1729 3380 1780 σέ
3440 1727 3538 1794 τὴν
3584 1725 3715 1791 Ἑρ-

443 1836 578 1889 curii
632 1836 823 1889 incolis
873 1833 1056 1888 urbem
1113 1849 1272 1903 quam
1331 1849 1433 1888 nec
1468 1831 1680 1902 Jupiter
1734 1832 2017 1901 pluviosns

2129 1823 2225 1896 μοῦ
2247 1823 2624 1884 κατοικοῦντα,
2652 1825 2717 1895 ἢν
2760 1821 2886 1875 οὔτε
2937 1823 3070 1884 Ζεὺς
3114 1819 3325 1881 ὑέτειος
3372 1818 3568 1888 ἐφορᾷ,
3611 1815 3711 1869 καὶ

443 1927 637 1997 aspicit
669 1934 721 1981 et
756 1942 914 1994 quam
948 1926 1334 1996 prteterlabeus
1371 1924 1522 1979 Nilus
1551 1925 1604 1978 in
1637 1925 1798 1979 aliam
1822 1925 2015 1979 fertur.

443 2022 510 2074 Iit
545 2021 672 2090 quid
719 2021 928 2074 fructus
963 2020 1218 2090 colligere
1259 2019 1544 2073 mentiris?
1574 2015 1686 2072 Nisi
1738 2027 2020 2088 serpentes

443 2113 693 2182 colligere
723 2113 855 2167 dicis
889 2122 942 2166 et
968 2111 1279 2180 Scorpiones
1302 2125 1569 2180 omneque
1603 2126 1793 2179 agmen
1835 2110 2022 2164 istius-

447 2201 623 2254 modi?
651 2201 888 2266 Quorum
917 2201 985 2252 ab
1019 2217 1146 2266 uno,
1177 2209 1232 2252 ιιι
1265 2201 1495 2264 videtur,
1518 2200 1645 2255 olim
1679 2199 2016 2262 vulneratus,

445 2293 558 2346 Ilo!
603 2294 708 2347 ho!
761 2293 956 2354 aiunt,
997 2292 1337 2355 clamavisti;
1404 2309 1526 2346 cmn
1574 2301 1755 2346 autem
1813 2293 2020 2346 interea

447 2401 684 2439 mensam
719 2387 919 2439 lautam
962 2385 1140 2439 vidisti
1181 2395 1323 2439 totus
1361 2385 1416 2438 in
1463 2388 1616 2439 istam
1665 2385 1846 2439 illatus
1888 2395 1943 2440 et
1971 2387 2019 2440 ei

444 2476 716 2543 scorpioni
749 2475 1076 2537 valcdicens,
1107 2474 1236 2528 illttd
1268 2474 1408 2529 forte
1423 2473 1688 2529 comicum
1713 2476 1759 2529 ei
1796 2475 2016 2534 dixisti:

446 2566 728 2636 Nunquam
764 2567 882 2620 sine
923 2576 974 2621 te
1016 2577 1264 2622 mortuus
1311 2582 1510 2621 essem.
1567 2566 1690 2621 Il:ec
1737 2567 2018 2636 Oportebat

447 2661 831 2724 seribere,.nou
871 2659 1060 2714 alienis
1092 2674 1212 2713 sese
1245 2659 1400 2714 bonis
1434 2659 1675 2726 gloriari.
1707 2653 2019 2714 Nos'silen-

449 2751 508 2804 tii
535 2765 761 2803 accusas
810 2749 944 2802 nihil
975 2750 1132 2804 nobis
1163 2751 1367 2804 dicens.
1404 2749 1564 2806 Certe
1598 2752 1752 2820 plura
1782 2751 2022 2806 dicentes

448 2840 689 2893 invenies
711 2847 764 2892 et
792 2839 944 2892 nobis
966 2853 1070 2892 non
1095 2839 1231 2894 dicis
1247 2840 1598 2895 Cotbocidem
1617 2857 1736 2895 cum
1765 2843 2023 2912 sophistis

447 2931 761 2986 irridentem
795 2931 1097 2986 ﬁstularum
1128 2933 1404 2989 all'ectum.
1438 2933 1588 3002 Vale,
1620 2944 1674 2988 tu
1706 2943 1761 2990 et
1794 2936 1938 2991 lilius
1961 2945 2015 2992 et

446 3008 622 3079 uxor}
652 3024 824 3080 Puero
850 3025 1156 3083 Alexandro
1182 3043 1248 3082 ue
1268 3028 1446 3099 gravis
1475 3028 1568 3092 sis,
1602 3025 2020 3085 adolescentiam

447 3119 709 3176 violenter
748 3129 1012 3176 tractans.

893 3299 1176 3354 LXXVIII.
1230 3301 1554 3358 DIODOIIO.
2014 3357 2018 3360 .

505 3387 809 3447 ‘Famosum
869 3385 1052 3462 accepi
1107 3395 1417 3447 mandatum
1472 3399 1539 3448 de
1583 3409 1689 3464 quo
1755 3409 1875 3447 cum
1917 3393 2021 3463 iam

453 3484 660 3555 pridem
698 3500 883 3539 vocem
911 3485 1225 3550 emiseram,
1263 3488 1512 3552 silebant,
1550 3487 1754 3541 obtenli
1788 3505 1891 3543 non
1923 3489 2024 3541 int-

451 3596 659 3634 memor
723 3580 969 3635 beneficii
1024 3597 1198 3651 neque
1263 3583 1507 3658 Gcrontii
1575 3598 1742 3635 mnsze
1799 3582 2028 3636 Ιιιυιριίὶδ

449 3672 669 3725 oblitus.
725 3670 868 3726 Solis
905 3672 1048 3727 enim
1082 3674 1234 3752 vobis
1261 3689 1577 3729 SIICCCSSIIIII
1611 3675 1838 3743 praebuit
1883 3690 2022 3728 sors.

457 3761 520 3814 Et
556 3762 677 3831 quis
724 3773 934 3830 patrem
974 3774 1211 3817 vestrmn
1257 3779 1378 3818 cmn
1423 3763 1616 3818 viderit
1651 3779 1748 3832 per
1783 3779 1878 3818 vos
1919 3779 2028 3818 non

453 3853 742 3907 satiabitur
771 3854 1146 3908 desiderium?
1180 3854 1287 3910 Per
1319 3856 1608 3924 imaginem
1637 3856 1845 3910 ﬁdelem
1871 3856 2024 3925 quasi

451 3945 516 3996 ad
535 3945 798 4013 originale
817 3947 950 4000 bene
969 3945 1250 4010 deductus,
1272 3949 1472 4015 gratias
1491 3949 1708 4004 silentio
1729 3949 2027 4013 solvebam,

455 4050 522 4089 ne
554 4034 778 4104 loquens
829 4037 1039 4088 minora
1081 4045 1205 4089 voto
1231 4039 1505 4102 dicerem;
1541 4047 1594 4092 et
1643 4041 1783 4108 apud
1816 4056 1901 4092 nte
1932 4040 2028 4094 tibi

456 4128 720 4182 recensita
758 4127 994 4183 manebit
1025 4131 1195 4200 gratia
1247 4128 1420 4198 major
1452 4147 1615 4200 quam
1659 4132 1801 4202 apud
1849 4147 2029 4202 regem

457 4219 745 4275 l‘crsarnm
778 4221 868 4289 qui
903 4221 1007 4274 scit
1037 4221 1308 4275 honorare
1343 4221 1708 4292 proditionem
1741 4232 1796 4276 et
1827 4219 2033 4276 Pausa-

457 4314 601 4368 niam
641 4313 916 4366 Medorum
969 4322 1153 4382 partes
1200 4324 1476 4382 agentem.
1521 4311 1781 4380 Quamvis
1825 4313 2030 4392 optima

453 4406 698 4461 obtinere
735 4405 893 4482 velis,
933 4405 1343 4472 0t-harissime,
1392 4415 1448 4459 et
1485 4406 1740 4475 operibus
1787 4406 2030 4458 animmn

2123 1915 2487 1988 παρατρέχων
2515 1918 2543 1969 ὁ
2572 1916 2766 1978 Νεῖλος
2807 1916 2886 1978 εἰς
2933 1914 3129 1982 ἑτέραν
3175 1911 3502 1980 ἐπείγεται;
3539 1910 3594 1961 τί
3650 1908 3711 1960 δὲ

2124 2009 2218 2060 καὶ
2239 2007 2450 2078 ψευδῶς
2479 2006 2848 2077 ὀπωρίζεσθαι
2870 2007 3015 2076 φής;
3051 2004 3190 2074 πλὴν
3230 2004 3276 2056 εἰ
3305 2003 3378 2073 μὴ
3415 2000 3713 2069 τοὺςδφεις

2121 2099 2346 2171 ὀπώραν
2379 2100 2590 2163 καλεῖς,
2619 2099 2715 2152 καὶ
2745 2099 3022 2170 σκορπίων
3051 2099 3172 2150 ὅσον
3208 2113 3268 2148 τε
3308 2095 3514 2165 πλῆθος
3537 2110 3551 2125 ’
3614 2093 3707 2162 ὑφ’

2123 2195 2199 2256 ὧν
2214 2218 2377 2264 τινος,
2397 2201 2471 2264 ὡς
2484 2196 2836 2267 ’ἔοικενπάλαι
2855 2199 3103 2268 πληγεὶς,
3123 2199 3236 2261 καὶ,
3254 2199 3377 2261 Ἰοὺ,
3398 2197 3502 2262 Iob,
3519 2197 3705 2267 φασὶν,

2123 2288 2434 2360 κεκραγὼς,
2473 2283 2592 2342 εἶτα
2651 2288 2854 2357 μεταξὺ
2896 2290 3176 2358 τράπεζαν
3215 2290 3510 2360 τρυφῶσαν
3559 2285 3706 2350 ἰδὼν,

2122 2382 2238 2444 ὅλος
2265 2382 2350 2433 ἐπ’
2399 2380 2569 2451 αὐτὴν
2597 2380 2816 2450 ἐφέρου,
2835 2379 2913 2449 τῷ
2939 2380 3186 2451 σκορπίῳ
3233 2379 3448 2450 χαίρειν
3477 2377 3654 2442 λέξας
3689 2394 3703 2406 ·

2121 2471 2277 2524 τουτὶ
2298 2471 2438 2539 τάχα
2461 2488 2563 2522 που
2601 2471 2662 2522 τὸ
2687 2470 2930 2541 κωμικὸν
2962 2471 3098 2542 πρὸς
3129 2469 3317 2524 τοῦτον
3340 2467 3541 2522 εἰπών’
3579 2470 3708 2540 Μή-

2123 2580 2182 2616 τε
2206 2563 2315 2634 γὰρ
2348 2562 2525 2615 θανών
2553 2579 2682 2615 ποτε
2720 2563 2814 2616 σοῦ
2840 2563 3008 2633 χωρὶς
3026 2562 3144 2632 εἴην
3168 2578 3184 2595 ο
3242 2561 3415 2616 ταῦτα
3471 2561 3709 2630 γράφειν

2124 2655 2312 2726 ἐχρῆν,
2341 2655 2443 2708 οὐκ
2467 2654 2770 2728 ἀλλοτρίοις
2791 2655 3016 2724 ἀγαθοῖς
3043 2655 3376 2726 ώραῖζεσθαι
3410 2671 3424 2685 ·
3443 2654 3582 2707 ἀλλὰ
3611 2654 3709 2706 καὶ

2123 2747 2338 2816 σιωπῆς
2371 2765 2439 2816 με
2467 2746 2676 2818 γράφῃ,
2710 2747 2875 2816 μηδὲν
2916 2748 3051 2816 ἡμῖν
3088 2746 3150 2798 τὸ
3189 2745 3448 2819 παράπαν
3472 2745 3709 2815 φθεγγόο

2127 2859 2284 2912 μενος
2304 2857 2320 2874 ο
2373 2837 2408 2913 ἦ
2437 2841 2547 2909 γὰρ
2591 2842 2655 2895 ἂν
2689 2840 2860 2894 πλείω
2901 2840 3157 2908 λέγοντας
3183 2831 3366 2911 εὗρες,
3396 2839 3616 2892 καὶούκ
3643 2838 3710 2891 ἂν

2123 2937 2254 3006 ἡμῖν
2282 2935 2344 2988 τὸ
2372 2934 2706 3005 κοθωκίδην*
2733 2934 2889 3004 ἔφης,
2915 2933 2975 2986 τὸ
3014 2933 3123 2986 τῶν
3164 2933 3342 2986 αὐλῶν
3385 2932 3556 2996 πάθος
3597 2934 3711 2995 τοῖς

2126 3030 2406 3096 σοφισταῖς
2428 3025 2873 3079 ἐπισκώπτοντα“
2907 3025 3137 3096 ἔρρωσο,
3168 3026 3261 3078 καὶ
3276 3024 3337 3079 τὸ
3368 3024 3585 3079 παιδίον
3614 3026 3710 3077 καὶ

2126 3120 2308 3188 ἠγυνή
2329 3134 2343 3148 ο
2368 3119 2462 3170 καὶ
2487 3117 2564 3186 τῷ
2593 3117 2743 3169 παιδὶ
2765 3116 3102 3188 Ἀλεξάνδρῳ
3142 3118 3217 3188 μὴ
3235 3118 3408 3189 βαρὺς
3436 3115 3707 3182 ἐπίκεισο,

2124 3211 2252 3264 νέαν
2276 3210 2491 3278 ἠλικίαν
2545 3210 2636 3263 ἐπὶ
2686 3208 2818 3261 πολὺ
2841 3208 3181 3277 βιαζόμενος.

2677 3301 2808 3357 on'.
2834 3303 3139 3372 ΔΙΟΔΩΡῼ.

2197 3391 2272 3446 Τὸ
2306 3391 2742 3463 πολυθρύλλητον
2770 3391 3061 3461 δεξάμενος
3091 3391 3444 3462 πρόσταγμα,
3477 3390 3610 3462 περὶ
3634 3389 3711 3444 ὀὗ

2127 3485 2294 3538 πάλαι
2324 3485 2504 3547 πάσας
2525 3484 2714 3553 ἀφῆκα
2741 3481 2944 3552 φωνὰς,
2978 3483 3188 3553 σιωπὴν
3216 3477 3372 3558 ἦγον,
3397 3483 3458 3536 οὐ
3487 3483 3630 3552 μετὰ
3648 3483 3714 3561 ’τὸ

2125 3580 2309 3648 τυχεῖν
2333 3577 2756 3647 ἀμνημονεύσας
2775 3577 2873 3648 τῆς
2899 3576 3138 3647 χάριτος,
3163 3578 3280 3632 οὐδὲ
3302 3578 3400 3646 τῆς
3425 3577 3710 3647 Γεροντίου
3796 3594 3801 3598 ”

2131 3669 2338 3740 μούσης
2364 3667 2702 3740 κληρονόμον
2720 3684 2733 3697 ·
2766 3668 2946 3738 μόνοις
2967 3667 3076 3736 γὰρ
3097 3669 3233 3737 ὑμῖν
3246 3669 3304 3722 τὸ
3329 3668 3716 3738 πλεονέκτημα

2130 3761 2405 3832 παρέσχεν
2430 3763 2462 3831 ἡ
2492 3759 2626 3831 τύχη
2656 3776 2671 3790 °
2707 3762 2802 3815 καὶ
2833 3761 2916 3824 τίς
2949 3759 3022 3831 μὴ
3045 3762 3251 3814 ἐκεῖνον
3289 3759 3436 3824 ἰδὼν,
3462 3760 3531 3814 δι’
3560 3760 3717 3831 ὑμῶν

2131 3853 2522 3926 ἀποπληρώσει
2551 3855 2642 3908 τὸν
2673 3854 2871 3915 πόθονς
2907 3853 3093 3925 ὥσπερ
3124 3853 3190 3906 δι’
3213 3853 3474 3924 ἀκριϐοῦς
3507 3843 3716 3918 εἰκόνος

2132 3947 2270 4016 πρὸς
2299 3946 2359 3998 τὸ
2391 3946 2741 4016 παράδειγμα
2770 3945 2951 4008 καλῶς
2995 3944 3349 4014 ἀναγόμενος,
3393 3947 3573 4016 σιωπῇ
3615 3943 3716 4016 τὴν

2132 4039 2292 4109 χάριν
2336 4038 2558 4108 ἐτίμων,
2606 4038 2692 4091 ἵνα
2741 4038 2816 4108 μὴ
2844 4038 3040 4106 λέγων,
3084 4037 3304 4091 ἔλαττον
3346 4029 3407 4090 οὗ
3452 4036 3717 4108 βούλομαι

2131 4129 2278 4199 τύχω
2316 4128 2688 4198 φθεγξάμενος
2709 4143 2723 4157 ·
2758 4128 2852 4182 καί
2901 4146 2981 4181 σοι
3022 4129 3260 4183 κείσεται
3293 4129 3451 4205 χάρις
3477 4129 3719 4201 ἀνάγρα-

2135 4239 2266 4286 πτος
2300 4223 2428 4292 παρ’
2455 4223 2578 4291 ἐμοὶ
2615 4223 2836 4293 μᾶλλον,
2865 4221 2897 4294 ἢ
2951 4223 3104 4291 παρὰ
3161 4223 3347 4294 Πέρσῃ
3383 4222 3600 4293 βασιλεῖ
3633 4241 3719 4276 τι-

2137 4314 2245 4384 μᾷν
2279 4311 2441 4366 είδότι
2485 4313 2774 4386 προδοσίαν
2820 4315 2916 4368 καὶ
2947 4315 3262 4374 Παυσανίαν
3294 4315 3606 4384 Μηδίζοντα
3627 4331 3642 4346 ο
3670 4318 3718 4368 εί

2136 4404 2319 4458 καὶτὰ
2354 4405 2588 4475 μάλιστα
2641 4408 2826 4476 τυχεῖν
2857 4407 3074 4471 πάντως
3101 4406 3322 4472 ἐθέλων,
3357 4399 3403 4461 ὧ
3448 4405 3715 4476 βέλτιστε,

454 4495 737 4552 ostendisti
770 4480 923 4563 mihi,
958 4497 1318 4560 miserabilem
1340 4512 1467 4566 erga
1493 4493 1577 4549 me
1599 4496 1825 4551 emisisti
1848 4511 2024 4549 vocem

2139 4496 2233 4551 καὶ
2266 4495 2401 4562 πρὸς
2429 4495 2588 4566 ἔργον
2613 4495 2847 4564 ἐνέγκας
2884 4498 2982 4566 τὴν
3011 4498 3260 4569 γνώμην,
3297 4498 3539 4570 ἐλεεινὴν
3579 4499 3720 4570 ὑπὲρ

453 4598 510 4641 et
551 4601 581 4638 a
624 4595 805 4640 mente
860 4601 977 4640 mea
1025 4586 1260 4640 maxime
1299 4585 1553 4640 alienant.
1604 4585 1801 4640 Coram
1848 4584 2032 4652 judice

457 4677 575 4746 ipso
611 4693 695 4732 me
731 4689 1022 4745 pauperem
1052 4692 1235 4732 vocas.
1268 4677 1477 4743 Quibus
1503 4677 1738 4731 maxime
1777 4677 2028 4748 indigna-

457 4778 543 4824 tus
580 4783 722 4833 sum,
773 4768 916 4838 quod
950 4783 1017 4822 ex
1050 4767 1336 4822 altitudine
1374 4767 1733 4838 pIIIIOSOleIa‘:
1778 4767 2034 4822 decidens

458 4871 566 4914 tam
594 4860 802 4915 diviitis
856 4860 1034 4916 inbias
1063 4869 1122 4917 ut
1167 4861 1289 4916 vilia
1322 4860 1656 4930 hmniliaque
1702 4862 1867 4916 verba
1911 4875 2036 4930 pro-

457 4952 600 5008 feras
629 4970 645 5020 ;
679 4967 856 5023 neque
901 4969 1079 5008 meam
1121 4953 1442 5026 dignitatem
1472 4951 1791 5024 respiciens,
1819 4966 1918 5006 nec
1949 4967 2038 5006 sa-

457 5045 852 5113 pientissimum
879 5045 1171 5117 Diogenem
1213 5047 1301 5116 qui
1334 5047 1384 5100 in
1415 5061 1543 5117 pera
1584 5047 1726 5100 nuda
1770 5043 2038 5099 maximas

458 5141 673 5194 divitias
704 5141 958 5210 ponebat.
980 5142 1050 5196 At
1079 5139 1292 5196 tandem
1325 5139 1572 5209 quamvis
1589 5155 1730 5209 aegre
1751 5139 1848 5194 tias
1880 5137 2037 5201 liber,

459 5229 647 5284 orbem
710 5232 1023 5287 universum
1082 5247 1270 5302 parum
1335 5233 1401 5287 ad
1467 5233 1725 5287 virtutem
1789 5228 2040 5285 conferre

459 5328 674 5390 putans.

940 5503 1178 5560 LXXIX.
1223 5499 1612 5562 MARCELLO.

535 5594 954 5650 Praesentiarum
985 5596 1287 5653 litterarum
1321 5614 1479 5654 causa
1505 5615 1609 5654 non
1639 5599 1735 5653 fuit
1793 5599 2043 5665 audacia,

2139 4588 2294 4659 ἡμῶν
2333 4589 2552 4668 ἀφῆκας
2582 4589 2787 4658 φωνὴν,
2811 4592 2906 4643 καὶ
2930 4590 3120 4663 πόρρω
3142 4591 3259 4645 λίαν
3287 4592 3560 4664 ἡμετέρου
3585 4610 3720 4663 φρο-

2135 4680 2404 4751 νήματος·
2441 4681 2592 4750 παρὰ
2621 4679 2769 4751 αὐτῷ
2787 4680 2894 4753 γὰρ
2919 4680 2998 4750 τῷ
3027 4683 3254 4754 δικαστῇ
3291 4683 3542 4754 πτωχοὺς
3570 4685 3719 4754 ἡμᾶς

2136 4769 2418 4832 ἐνεκάλεις
2446 4784 2461 4800 ⁸
2495 4771 2582 4840 ἐφ’
2616 4767 2698 4834 οἷς
2737 4771 3100 4842 ἠγανάκτησα
3151 4771 3408 4842 μάλιστα,
3443 4773 3493 4826 εί
3525 4774 3720 4826 τοσοῦ-

2135 4878 2227 4915 τον
2257 4863 2492 4933 κέχηνας
2531 4863 2668 4933 πρὸς
2695 4863 2793 4934 τὴν
2829 4862 2982 4934 ὓλην,
3031 4864 3350 4933 φιλοσοφίας
3379 4864 3548 4935 ὕψους
3592 4867 3724 4920 ὑπο-

2139 4943 2341 5020 πεσὼν,
2397 4956 2472 5021 ώς
2526 4956 2827 5027 χρημάτων
2865 4957 3045 5026 χάριν,
3095 4943 3293 5027 ἀγεννῆ
3349 4955 3445 5010 καὶ
3490 4959 3727 5013 ταπεινὰ

2141 5047 2618 5120 προσφθέγγεσθαι
2679 5049 2922 5120 ῥήματα.
2955 5048 3062 5101 Καὶ
3101 5050 3239 5119 μήτε
3267 5047 3367 5119 τὴν
3399 5049 3539 5118 ἐμὴν
3565 5048 3724 5119 ἀξίαν

2142 5146 2385 5206 σκοπεῖν,
2425 5143 2560 5214 μήτε
2603 5141 2697 5198 τὸν
2750 5141 3060 5212 σοφώτατον
3102 5142 3379 5210 Διογένην,
3413 5141 3473 5194 ὃν
3507 5144 3565 5199 ἐν
3591 5143 3722 5213 ψιλῇ

2140 5236 2206 5307 τῇ
2244 5236 2396 5306 πήρᾳ
2421 5235 2513 5287 τὸν
2551 5235 2809 5305 μέγιστον
2856 5231 3084 5287 πλοῦτον
3114 5231 3374 5304 ὡρίζετο·
3405 5231 3542 5286 ἀλλὰ
3565 5233 3726 5302 γενοῦ

2147 5325 2298 5396 μόλις
2324 5325 2628 5399 ἐλεύθερος,
2664 5327 2895 5399 σμικρόν
2918 5345 2971 5382 τι
3002 5328 3191 5401 χρῆμα
3230 5325 3366 5398 πρὸς
3397 5327 3499 5397 τὴν
3525 5325 3728 5401 ἀρετὴν

2144 5421 2241 5490 τὴν
2269 5419 2594 5491 οἰκουμένην
2624 5419 2949 5490 ἡγούμενος.

2653 5509 2774 5562 09'.
2799 5511 2991 5565 MAPK
3004 5511 3203 5583 ΕΛΛῼ.

2219 5602 2340 5657 Τῶν
2374 5601 2660 5672 παρόντων
2702 5604 3052 5674 γραμμάτων
3084 5606 3143 5657 οὺ
3181 5602 3381 5673 θράσος
3407 5604 3602 5670 αἴτιον,
3637 5601 3729 5655 οὒ-

466 5704 568 5748 ncc
607 5690 787 5744 decori
834 5691 1082 5749 terminis
1113 5693 1294 5749 standi
1332 5693 1660 5764 ignorantia.
1698 5692 1805 5750 Sed
1831 5693 1912 5749 vir
1937 5693 2024 5758 Det

2147 5696 2204 5750 δὲ
2228 5695 2287 5750 τδ
2323 5694 2398 5768 μὴ
2429 5696 2610 5767 μένειν
2641 5695 2735 5750 ἐπὶ
2761 5696 2870 5751 τών
2906 5696 3124 5753 οἰκείων
3145 5699 3288 5769 ὅρων
3329 5697 3529 5753 εἰδέναι
3557 5714 3573 5729 ’
3611 5695 3729 5754 ἀλλ’

543 5806 561 5828 ⁸
581 5807 658 5864 Ita
694 5806 882 5862 codex.
