4046 6386
202 323 343 392 2781

201 535 263 587 οὑ
292 535 525 588 πέπεικε
570 534 671 598 τὰς
723 536 859 608 πρὸς
911 537 1056 607 ὑμᾶς
1113 539 1438 611 ὑποσχέσεις
1483 542 1780 616 ὑπερορᾷν,

202 626 264 679 οὑ
294 627 351 680 τὸ
378 627 472 681 νῦν
500 627 558 693 ἐξ
597 628 874 697 Αἰγύπτου
935 628 1089 698 μόλις
1127 630 1324 697 ἐλθεῖν,
1361 634 1422 686 οὑ
1455 638 1783 708 φροντισσέή-

204 736 321 789 ριον
351 720 649 789 εὐπρεπὲς,
682 722 742 775 οὑ
768 724 975 791 χειμὼν
1003 723 1416 794 ἀπειλούμενος,
1445 727 1507 780 οὑ
1543 728 1779 796 πέλαγος

205 813 461 882 ἐμποδὼν
493 855 507 879 ,
560 814 659 884 οὑχ
706 814 987 885 ὁδοιπορία
1029 815 1241 888 μακρὰ,
1290 816 1494 889 ἀρετὴν
1551 818 1608 872 δὲ
1652 820 1783 890 μίαν

204 905 360 969 εἰδὼς
401 906 464 959 τὸ
491 906 734 978 πληροῦν
787 906 937 978 ἔργῳ
972 907 1071 973 τὰς
1122 908 1477 981 ὑποσχέσεις·
1509 911 1602 964 καὶ
1645 913 1785 982 πρὸς

205 996 451 1063 ἅπαντας
503 998 706 1068 ὁμοίως
761 998 1009 1065 γίνεσθαι
1075 1002 1483 1073 παραπλήσιον,
1511 1003 1632 1067 ὅλος
1684 1005 1787 1076 ὁρᾷ

204 1090 342 1161 ατρὸς
402 1092 548 1161 ὑμᾶς
588 1108 602 1122 ’
654 1092 793 1148 ἀλλὰ
846 1095 940 1148 καὶ
998 1094 1194 1149 θᾶττον
1262 1097 1401 1150 ἰέναι
1461 1100 1593 1170 παρ’
1640 1099 1792 1169 ἡμᾶς

204 1183 633 1251 καταγγέλλεται
658 1201 672 1214 ·
697 1185 792 1239 καὶ
820 1185 1126 1256 πέπεισμαι
1160 1188 1381 1259 ῥᾳδίως,
1415 1190 1479 1244 ἐκ
1507 1190 1618 1244 τῶν
1650 1189 1791 1261 πρὸς

206 1275 352 1345 ὑμᾶς
409 1276 757 1347 ὑποσχέσεων
814 1283 914 1348 τὴν
966 1280 1162 1348 πεῖραν
1214 1278 1428 1333 λαϐώνο
1488 1281 1791 1337 ὑπόλοιπον

203 1369 390 1420 τοίνυν
417 1369 544 1439 ὑμῖν
583 1371 939 1441 κρατεῖσθαι·
975 1374 1070 1425 καὶ
1104 1371 1314 1442 πρέπον
1340 1372 1405 1426 ἂν
1434 1371 1519 1442 είη
1550 1372 1624 1444 μὴ
1657 1390 1793 1443 κρα-

206 1461 322 1511 τεῖν
348 1459 554 1511 ἐθέλειν
578 1460 744 1530 ἄνδρα
772 1461 942 1531 μηδὲν
976 1460 1121 1515 οὑτω
1159 1462 1330 1516 δεινὸν
1363 1462 1691 1533 ἡγούμενον,
1720 1462 1796 1527 ὡς

206 1550 306 1620 τὴν
364 1550 457 1603 τοῦ
525 1553 884 1622 παραϐαίνειν
930 1554 1201 1622 ἀνάγκην,
1235 1557 1379 1626 άπερ
1419 1555 1754 1627 ἐπήγγελται
1780 1570 1792 1585 ’

1619 340 2035 409 EPISTOL/E.

201 441 345 513 ἀνὴρ
398 439 520 512 Θεῷ
551 458 612 495 τε
640 442 793 512 φίλος
820 444 912 497 καὶ
952 444 1134 517 πάσης
1163 445 1451 513 ἀνάπλεως
1475 449 1696 522 ἀρετῆς,
1724 452 1784 506 ὃν

1907 454 2104 515 imicus
2131 462 2387 519 etomuis
2415 464 2634 521 virtutis
2671 468 2865 538 plenus
2913 481 3075 538 quem
3139 476 3199 521 ut
3244 470 3482 547 promise

3333 355 3480 422 2782
3495 342 3499 347 ’

3482 528 3509 551 ’θ’

1897 549 2080 605 siones
2114 551 2207 605 tibi
2242 552 2414 627 factas
2440 557 2734 628 negligeret
2764 558 3026 616 inducere
3055 568 3352 630 potuerunt
3381 577 3483 616 nee

1895 655 2092 703 recens
2142 659 2208 698 ex
2250 644 2486 716 Egypto
2543 650 2826 719 adventus,
2849 651 3362 721 necjueundissima
3392 668 3486 707 so-

1899 731 2095 798 litudo,
2122 751 2221 789 nec
2246 738 2408 791 maris
2442 740 2916 808 impedimentum,
2943 758 3042 797 nec
3071 743 3263 798 itinera
3292 743 3478 819 longa:

1896 837 2058 877 unam
2127 826 2383 882 virtutem
2440 845 2690 897 noscens,
2767 848 2895 888 suas
2968 834 3181 889 scilicet
3259 836 3483 906 implere

1896 915 2311 982 promissiones,
2341 930 2394 974 et
2421 921 2675 977 omnibus
2695 937 2752 977 se
2776 924 2892 991 pari
2923 926 3083 979 modo
3108 925 3316 981 amnem
3346 940 3484 995 pra:-

1878 1006 2052 1099 ‘here,
2078 1009 2143 1062 ad
2171 1020 2220 1064 te
2252 1026 2397 1066 nunc
2439 1020 2583 1068 totus
2626 1016 2871 1086 respicit.
2898 1018 3003 1072 Sed
3034 1026 3088 1073 et
3117 1019 3398 1073 nuntiatur
3418 1022 3483 1073 ad

1903 1110 2003 1151 nos
2032 1098 2142 1152 cito
2167 1110 2476 1157 venturum.
2514 1104 2667 1171 Quod
2699 1104 2857 1165 facile
2889 1107 3053 1162 credo
3089 1109 3481 1175 experientiam

1881 1200 1965 1242 .ex
2006 1190 2463 1258 promissionihus
2515 1195 2606 1248 tibi
2636 1196 2795 1251 factis
2835 1212 3078 1253 sumens.
3112 1196 3374 1267 Superest
3402 1210 3485 1255 ta-

1903 1293 2029 1335 men
2061 1290 2117 1334 ut
2148 1296 2177 1335 a
2208 1292 2259 1336 te
2288 1286 2625 1352 retineatur;
2653 1298 2707 1343 et
2738 1291 2954 1345 deceret
2990 1289 3133 1344 nolle
3165 1305 3361 1359 cogere
3393 1290 3487 1344 h0-

1902 1370 2103 1424 minem
2135 1373 2227 1441 qui
2254 1374 2390 1429 nihil
2423 1385 2527 1430 tam
2559 1379 2875 1434 reformidat
2904 1395 3064 1449 quant
3103 1381 3483 1436 necessitatem

1906 1467 2344 1533 transgrediendi
2371 1483 2492 1536 quae
2528 1470 2791 1547 imperata
2832 1481 2978 1527 sunt.
3012 1471 3163 1525 Mitte
3210 1486 3340 1539 ergo
3372 1471 3486 1526 cito

1904 1557 2083 1608 virum
2120 1557 2214 1626 qui
2244 1567 2389 1613 tuam
2422 1560 2474 1614 in
2518 1575 2604 1614 me
2624 1562 3040 1628 .hnmanitatent
3070 1572 3483 1619 commemoret.

211 1644 399 1715 τέμπε
459 1643 636 1698 τοίνυν
688 1646 853 1716 τάχος
921 1647 1011 1701 τὸν
1073 1649 1287 1718 ἄνδρα,
1354 1649 1453 1721 τὴν
1502 1650 1775 1720 ὑμετέραν
1815 1647 2231 1721 φιλανθρωπίαν
2265 1652 2399 1716 πρὸς
2426 1656 2573 1725 ἡμᾶς
2598 1655 3005 1727 ἀφηγούμενον.

797 1779 878 1835 n'.
924 1780 1195 1850 ΣΑΒΙΝῼ.

284 1890 357 1945 Σὺ
400 1890 498 1962 μὲν
521 1890 595 1955 ὡς
618 1892 674 1943 ἐν
705 1891 895 1944 ὀνείδει
925 1892 1114 1945 πενίαν
1142 1893 1472 1965 προσφέρεις
1523 1894 1667 1963 ἐμοὶ,
1693 1895 1788 1949 καὶ

215 1980 404 2049 θηρίον
454 1980 817 2046 ἐξωλέστατον
866 1976 1005 2034 εἷναί
1047 1999 1130 2034 σοι
1172 1982 1229 2034 τὸ
1258 1982 1449 2053 χρῆμα
1493 1983 1657 2037 δοκεῖ’
1694 1986 1790 2038 καὶ

211 2072 272 2123 τὸ
296 2072 358 2141 δὴ
392 2072 668 2141 μέγιστον,
729 2074 872 2143 Ἶρος
925 2073 1036 2141 ἐγὼ
1066 2074 1217 2144 παρὰ
1267 2075 1350 2127 σοὶ
1380 2076 1472 2127 καὶ
1505 2074 1612 2128 τῶν
1654 2076 1789 2129 καθ-

212 2164 430 2233 ημέραν
457 2165 586 2229 ἴσως
610 2165 828 2235 ἐπιδεής
853 2182 865 2196 ·
894 2165 986 2218 καὶ
1008 2166 1061 2218 τί
1090 2166 1199 2238 γὰρ
1232 2167 1333 2220 οὑκ
1365 2166 1430 2221 ἂν
1453 2167 1628 2231 εἴποις
1660 2167 1791 2235 ἀρε-

211 2259 314 2327 τῆς
353 2258 487 2326 ὁμοῦ
516 2259 609 2311 καὶ
636 2257 954 2327 φιλοσοφίας
989 2259 1386 2327 ἐκπεπτωκὼς,
1423 2260 1588 2313 ἐλεῶν
1625 2260 1724 2330 μὲν
1757 2259 1794 2313 ἆ

214 2352 278 2419 γε
312 2350 613 2420 θαυμάζειν
670 2353 855 2420 ἐχρῆν,
908 2353 1161 2422 μεγάλων
1187 2352 1245 2405 δέ
1270 2371 1432 2406 τινων
1459 2354 1791 2424 ἐστερῆσθαι

212 2443 455 2512 νομίζων
484 2443 575 2496 τὸν
602 2443 810 2520 ὑψηλόν
840 2461 901 2497 τε
930 2446 1022 2498 καὶ
1040 2444 1264 2512 κοῦφον,
1295 2445 1391 2497 καὶ
1422 2445 1494 2515 μὴ
1530 2445 1606 2514 τῷ
1638 2444 1795 2517 βάρει

213 2536 316 2604 τῆς
378 2534 508 2605 ὕλης
558 2536 693 2606 πρὸς
723 2536 964 2590 τάκάτια
1011 2537 1341 2606 φερόμενον;
1375 2539 1441 2608 τῇ
1465 2539 1664 2611 γαστρὶ
1685 2537 1795 2610 γὰρ

212 2628 315 2695 τὴν
371 2625 719 2696 εὐδαιμονίαν
776 2626 1025 2697 μετρῶν,
1092 2627 1188 2679 καὶ
1249 2626 1430 2692 δόξαις
1491 2626 1797 2698 ἀνθρώπων

217 2719 640 2791 προσκείμενος,
691 2720 975 2788 ἐκμισθοῖς
1026 2719 1139 2789 μὲν·
1176 2722 1255 2782 εἰς
1296 2719 1332 2773 ἃ
1366 2721 1439 2791 μὴ
1480 2720 1637 2790 θέμις
1700 2718 1799 2791 τὴν

215 2814 489 2882 γλῶτταν,
529 2814 702 2883 κυκᾷς
734 2813 791 2864 δὲ
821 2814 887 2864 τὰ
916 2814 1243 2884 δικαστήρια
1263 2830 1276 2844 ·
1312 2816 1591 2885 πάρεργον
1622 2814 1677 2866 δέ
1704 2831 1799 2866 σου

216 2906 316 2968 τῆς
374 2904 590 2973 ἀπάτης
608 2904 656 2954 οἱ
686 2903 845 2971 δῆμοι
867 2918 879 2931 ⁸
903 2904 1173 2959 πλουσῖων
1208 2906 1264 2957 δὲ
1294 2903 1465 2973 θύρας
1488 2904 1745 2973 άράττεις
1771 2917 1786 2933 '

218 2997 321 3050 κᾶν
362 3012 446 3059 τις
477 2995 659 3063 ἐστιᾷν
693 2988 797 3044 οἶδε
828 2993 1025 3058 καλῶς,
1079 2997 1309 3048 ἀπεῖπεν
1334 2994 1438 3047 ὑπὸ
1474 2993 1566 3045 σοῦ
1594 2992 1806 3063 θαυμα-

217 3089 448 3157 ζόμενος
470 3103 482 3116 ·
511 3088 671 3157 ἐορτη
699 3089 753 3139 δέ
805 3105 899 3140 σου
944 3086 1195 3158 λαμπρὰ,
1243 3084 1405 3156 ἐσθὴς
1438 3084 1677 3155 ποικίλη,
1710 3084 1806 3138 καὶ

1868 2846 1871 2849 λ
1902 2814 2211 2885 perturbas.
2248 2814 2424 2870 Plebis
2464 2817 2674 2883 negotia
2731 2816 2978 2885 negligis,

2439 1788 2654 1848 LXXX.
2681 1791 2948 1848 SABINO.

1965 1900 2045 1955 Tu
2076 1915 2206 1956 vero
2280 1902 2410 1957 mihi
2438 1911 2808 1973 paupertatem
2833 1903 2885 1958 in
2906 1906 3444 1975 opprobrium‘vertis
3467 1949 3485 1977 ,

1891 1980 2003 2045 fera
2039 1991 2425 2046 exitiosissima
2458 1991 2549 2046 tibi
2576 2007 2694 2047 esse
2724 1992 2985 2047 videntur
3030 1995 3268 2063 divitize;
3306 1996 3488 2053 ethoc

1893 2096 2024 2137 sane
2051 2084 2345 2136 maximum
2374 2100 2387 2147 ;
2416 2083 2531 2137 Irus
2561 2098 2660 2153 ego
2703 2099 2819 2138 sum
2850 2085 2988 2153 apud
3024 2094 3075 2138 te
3105 2095 3158 2139 et
3193 2089 3491 2144 necessita-

1895 2172 2039 2228 tibus
2077 2174 2409 2243 quotidianis
2464 2189 2628 2243 prope
2682 2177 2944 2245 indigens.
2996 2176 3133 2242 Quid
3176 2178 3318 2230 enim
3383 2196 3487 2233 non

1896 2264 2108 2320 diceres
2128 2281 2248 2318 cum
2267 2266 2331 2319 de
2355 2265 2557 2319 virtute
2584 2266 2739 2320 simul
2764 2279 2815 2321 et
2835 2268 3168 2338 philosophia
3200 2269 3492 2330 excideris.

1897 2359 2167 2414 miserans
2196 2375 2360 2429 super
2388 2376 2451 2413 ea
2506 2375 2626 2429 qua:
2657 2371 2842 2415 essent
2895 2362 3244 2427 admiranda,
3279 2362 3488 2433 magnis

1903 2450 2231 2520 quibusdam
2265 2452 2465 2519 privari
2507 2463 2705 2521 putans
2729 2468 2850 2508 eum
2894 2445 2982 2524 q'ui
3027 2454 3170 2509 altus
3200 2463 3281 2509 est.
3318 2464 3375 2509 et
3415 2454 3487 2509 le-

1899 2541 1980 2595 vis
2003 2550 2056 2594 et
2084 2540 2445 2594 materialium
2484 2543 2720 2610 pondere
2750 2542 2816 2595 ad
2878 2542 3061 2596 inﬁma
3107 2559 3212 2598 non
3257 2543 3438 2598 illatus
3469 2544 3489 2597 ί

1906 2630 2249 2686 Felicitatem
2286 2642 2471 2686 ventre
2527 2633 2759 2697 metiris,
2792 2634 3141 2701 opinionibus
3206 2635 3490 2690 hominum

1902 2722 2119 2777 deditus
2147 2762 2160 2784 .
2191 2723 2461 2777 immistus
2497 2723 2562 2777 iis
2624 2740 2743 2791 qua:
2780 2726 2927 2793 loqui
2965 2740 3070 2778 non
3116 2724 3259 2790 licet,
3291 2726 3491 2795 judicia

3051 2815 3279 2870 divitum
3311 2816 3494 2885 pulsas

1904 2907 2063 2958 ostia.
2082 2904 2136 2959 Si
2166 2905 2286 2975 quis
2312 2911 2518 2959 tantum
2544 2909 2645 2960 scit
2673 2908 2978 2961 convivium
3011 2922 3305 2977 apponere,
3344 2917 3491 2961 tuam

1907 2997 2115 3051 obtinet
2158 2997 2597 3054 admirationem.
2640 2999 2799 3054 Festa
2848 3000 2946 3055 tibi
2980 3002 3494 3072 magniﬁca,vestes

1908 3088 2096 3149 varia).
2118 3087 2364 3143 incessus
2396 3090 2741 3155 venerabilis,
2768 3100 3021 3159 aspectus
3057 3092 3159 3146 huc
3205 3091 3330 3147 illuc
3356 3091 3494 3147 effu-

219 3182 455 3253 βάδισμα
487 3180 747 3252 σοϐαρὸν’,
780 3182 873 3234 καὶ
909 3181 1126 3251 βλέμμα
1165 3182 1294 3252 τῇδε
1320 3182 1543 3234 κάκεῖσε
1600 3180 1798 3250 χεόμε-

1913 3194 2028 3236 sus.
2065 3179 2280 3249 Ubique
2314 3182 2406 3235 tibi
2439 3167 2835 3246 anres,lllidas,
2874 3182 2917 3235 si
2944 3182 3072 3250 quid
3101 3182 3246 3237 dicat
3276 3184 3495 3238 mulier-

216 3291 344 3327 vov°
409 3275 502 3327 καὶ
548 3274 826 3345 πανταχοῦ
875 3292 955 3327 σοι
994 3272 1063 3326 τὰ
1090 3268 1224 3336 ὦτα,
1262 3272 1513 3341 καθάπερ
1543 3274 1571 3325 ὁ
1605 3272 1805 3340 Μίδας,

218 3368 274 3421 εἴ
303 3367 404 3419 πού
423 3384 475 3418 τι
506 3366 798 3435 φθέγξαιτο
828 3365 1048 3434 γύναιον
1080 3364 1177 3435 τὴν
1206 3365 1304 3435 σὴν
1334 3364 1540 3435 σκηνὴν
1580 3363 1811 3434 ἐκπλητ-

217 3464 472 3532 τόμενον·
499 3463 633 3516 ἀλλὰ
668 3464 910 3535 μέχριδή
940 3480 1105 3527 τινος,
1142 3462 1295 3533 ὑπνῳ
1328 3462 1524 3533 μακρῷ
1546 3459 1805 3530 πεδηθεὶς

218 3554 309 3611 οἷά
372 3574 457 3620 τις
521 3557 843 3627 Ἐνδυμίων,
903 3555 1042 3625 πρὸς
1092 3554 1293 3625 ἀρετὴν
1331 3554 1432 3606 οὑκ
1468 3553 1798 3618 ἁνίστασαι;

223 3650 439 3703 Παῦσαι
464 3648 655 3707 λοιπὸν
677 3649 815 3718 πρὸς
838 3647 899 3700 τὸ
928 3646 1209 3717 σωμάτιον
1238 3645 1504 3715 κεχηνὼς,
1531 3644 1627 3697 καὶ
1660 3644 1804 3698 κατὰ

221 3744 424 3795 σαυτοῦ
473 3741 688 3810 τρέφων
745 3740 806 3794 τὸ
868 3739 1282 3810 δεσμωτήριονο
1318 3736 1525 3790 παῦσαι
1571 3735 1798 3807 χρυσίον

221 3834 605 3906 ὀνειροπολῶν,
639 3834 733 3887 καὶ
763 3830 1005 3901 ἀργύρου
1035 3828 1238 3900 πλῆθος
1256 3830 1341 3882 ἀεὶ
1374 3828 1799 3897 φανταζόμενος,

224 3924 319 3975 καὶ
369 3922 574 3983 πολλὰς
633 3923 805 3992 ἀρχὰς
835 3920 1128 3991 τῇξιανοία
1161 3918 1499 3989 περινοστῶν
1521 3932 1535 3948 ·
1568 3919 1633 3970 τὰ
1658 3916 1801 3970 ἔνδον

224 4011 313 4067 οἷα
342 4013 533 4083 μηδενὶ
554 4013 660 4066 τῶν
683 4013 850 4081 φίλων
871 4028 885 4043 ’
923 4012 1036 4064 ἀλλ’
1060 4010 1432 4080 αὐτομόλησον
1462 4009 1598 4079 πρὸς
1635 4009 1810 4079 ἡμᾶς,

227 4110 276 4161 εἰ
308 4108 476 4162 δοκεῖ.
508 4106 615 4160 Καὶ
635 4104 734 4176 τὴν
765 4103 950 4174 κοινὴν
986 4102 1107 4157 θεὸν
1138 4104 1237 4172 τὴν
1269 4102 1460 4155 πενίαν
1492 4100 1811 4172 προσκύνει,

1911 3269 2031 3324 cula
2083 3270 2493 3325 tabernaculum
2535 3280 2684 3325 tuum
2744 3272 3042 3329 admirans.
3076 3272 3180 3328 Sed
3214 3289 3496 3344 usquequo

1910 3361 2073 3431 longo
2101 3376 2295 3417 somno
2327 3363 2598 3427 irretitus,
2619 3363 2774 3432 quasi
2827 3364 3050 3433 quidam
3095 3358 3395 3437 Endymion
3426 3367 3495 3419 ad

1912 3454 2169 3506 virtutem
2196 3468 2301 3507 non
2331 3458 2572 3525 assurgis
2597 3473 2613 3523 ;
2648 3455 2838 3511 desine
2870 3457 3083 3511 laudent
3113 3458 3178 3513 ad
3194 3457 3495 3528 corporalia

1914 3546 2070 3600 hiare
2095 3556 2144 3599 et
2175 3545 2227 3599 in
2270 3548 2559 3617 temetipso
2596 3563 2874 3602 carcerem
2906 3551 3140 3607 nutrire.
3177 3550 3372 3606 Desine
3395 3566 3495 3603 au-

1915 3652 2007 3699 rea
2036 3640 2337 3705 somniare,
2363 3651 2649 3708 argenteos
2670 3656 2880 3700 montes
2906 3644 3005 3698 tibi
3043 3642 3318 3711 eﬂingere,
3341 3657 3496 3696 men-

1911 3740 2069 3800 teque
2101 3730 2296 3786 multas
2354 3731 2568 3786 volvere
2623 3735 2944 3805 dignitates.
3008 3735 3267 3790 Interiora
3315 3735 3497 3804 qualia

1910 3824 2041 3877 nulli
2067 3823 2389 3877 amicorum.
2427 3823 2530 3878 Sed
2578 3830 2644 3879 ad
2696 3840 2795 3881 nos
2833 3826 2976 3895 fuge,
3009 3826 3053 3879 si
3105 3825 3200 3879 tibi
3265 3825 3493 3879 videtur.

1908 3915 2263 3970 Communem
2290 3928 2657 3986 paupertatem
2694 3929 2750 3972 ιιι
2774 3916 2937 3971 Deum
2967 3930 3216 3973 reverere
3233 3928 3284 3969 et
3303 3932 3497 3970 antan-

1922 4018 2028 4062 tetu
2067 4023 2320 4077 agnosce.
2368 4008 2488 4064 Tibi
2543 4013 2714 4079 magis
2756 4012 3086 4077 obsequetur
3124 4026 3285 4079 quant
3340 4009 3498 4063 nobis

1924 4108 2086 4169 teque
2115 4101 2291 4155 adhuc
2315 4116 2345 4153 a
2378 4117 2434 4155 se
2467 4112 2708 4155 amatum
2736 4102 2800 4155 iri
2836 4102 3108 4171 promisit.

230 4202 326 4255 xui.
390 4198 652 4270 φιλοῦσαν
718 4197 1013 4267 ἐπίγνωθιο
1066 4195 1161 4248 καὶ
1223 4192 1333 4264 γὰο
1362 4193 1423 4247 σὲ
1489 4193 1744 4263 περιέπει
1801 4192 2004 4265 μᾶλλον
2047 4193 2194 4264 ἧπερ
2249 4194 2421 4264 ἡμᾶς,
2463 4193 2555 4246 καὶ
2603 4193 2851 4264 φιλήσειν
2912 4191 2992 4244 ἔτι
3032 4190 3493 4262 κατεπήγγελται.

765 4318 896 4372 IIA'.
944 4316 1267 4387 ΔΩΡΟΘΕῼ.

306 4438 473 4488 Ὅσον
504 4432 723 4493 ἐλύπεις
750 4428 1025 4500 ἀπαίρων,
1048 4427 1151 4481 οὑκ
1173 4426 1238 4479 ἂν
1263 4425 1469 4496 ἤλπισα
1494 4422 1808 4493 προλαϐὼν,

2362 4315 2597 4371 LXXXI.
2648 4294 3045 4371 non‘bruco.

1980 4431 2092 4487 Nisi
2122 4432 2450 4501 experientia
2478 4432 2810 4495 didicissem,
2830 4418 3106 4500 nunquam
3139 4429 3495 4485 credidissem

234 4527 282 4579 εί
320 4525 396 4596 μὴ
430 4524 753 4595 τὴν.πεῖραν
780 4519 940 4590 ἔσχον
968 4517 1287 4571 διδάσκαλον
1304 4533 1319 4549 ο
1355 4516 1416 4581 ἐξ
1442 4509 1503 4569 οὑ
1526 4517 1635 4588 γὰρ
1658 4518 1800 4586 ἡμᾶς

1913 4531 2116 4577 tantam
2155 4538 2239 4577 me
2272 4538 2336 4577 ex
2366 4508 2454 4576 tuo
2478 4524 2716 4577 discessu
2746 4521 3089 4577 amictionem
3118 4531 3491 4592 acoepturtnn.

235 4615 380 4687 ᾣχου
410 4611 746 4675 καταλιπὼν,
770 4610 871 4664 οὑκ
908 4606 1238 4676 ἐπαυσάμην
1293 4605 1430 4676 μετὰ
1470 4605 1565 4659 σοῦ
1593 4608 1660 4675 τῇ
1686 4605 1806 4659 δια-

238 4708 358 4778 νοίᾳ
382 4703 740 4768 παλινοστῶν,
782 4702 876 4756 καὶ
920 4701 1145 4771 λιμένας
1175 4699 1267 4751 καὶ
1294 4698 1562 4751 θάλατταν
1585 4696 1811 4768 διαγρά-

239 4816 356 4867 φων
368 4800 425 4851 ἐν
445 4795 637 4866 ἐαυτῷ.
659 4796 789 4858 Καὶ,
814 4793 1008 4865 Κλῦθι,
1037 4790 1325 4845 Ποσείδαον
1347 4791 1595 4860 γαιήοχε,
1618 4789 1813 4842 πολλά-

237 4908 329 4954 κις
351 4888 540 4951 εἰπὼν,
559 4887 744 4957 ἠξίουν
759 4886 963 4956 εὐμενῆ
988 4902 1070 4938 σοι
1089 4884 1353 4953 παρέχειν
1383 4882 1482 4953 τὴν
1514 4880 1809 4936 θάλατταν

234 4984 338 5037 καὶ
367 4981 462 5035 τοῦ
494 4979 627 5033 πλοῦ
656 4979 751 5043 τὰς
777 4978 987 5049 ἡμέρας
1011 4978 1106 5030 ἐπὶ
1132 4975 1240 5029 τῶν
1272 4976 1553 5029 δακτύλων
1583 4975 1810 5027 ἐτίθουν·

235 5075 336 5128 καὶ
360 5072 533 5136 οὕτως
556 5071 671 5135 ὅλος
698 5072 992 5142 ἐτύγχανον
1030 5070 1181 5140 παρὰ
1216 5069 1319 5130 σοὶ,
1347 5067 1419 5130 ὡς
1452 5068 1545 5121 καὶ
1577 5067 1812 5120 καλέσαι

235 5168 366 5223 τινὰ
425 5166 728 5236 πειραθεὶς,
776 5166 965 5219 ἔλαθον
1004 5162 1262 5224 πολλάκις
1318 5161 1595 5229 Δωρόθεον
1658 5177 1817 5231 προσ-

239 5259 447 5315 ειπὼνο
482 5260 575 5312 καὶ
602 5261 629 5313 ὁ
663 5258 762 5329 μὲν
790 5259 972 5327 ἐγέλα,
1019 5258 1129 5325 ἐγὼ
1168 5257 1224 5309 δὲ
1250 5254 1635 5325 διαμαρτάνων
1655 5254 1819 5324 ἠχθό-

246 5368 393 5424 μηψ
426 5352 490 5404 σὺ
524 5350 602 5413 δὲ,
663 5350 793 5415 ῐσθι,
830 5350 1067 5419 ἠγνόεις,
1120 5348 1316 5402 ὁπόσον
1362 5347 1492 5416 ἡμῖν
1551 5346 1818 5400 ἐναπέθου

245 5444 490 5514 φίλτρον.
561 5444 824 5506 Πολλάκις
851 5443 1142 5514 προσιόντα
1174 5440 1294 5494 τινὰ
1317 5438 1595 5511 πόρρωθεν
1620 5439 1819 5492 θεατάς

250 5549 431 5601 μενος,
460 5532 538 5592 σὲ,
572 5532 648 5601 μὰ
675 5533 801 5595 τοὺς
840 5530 1013 5594 θεοὺς,
1046 5530 1265 5583 ἐδόκουν
1287 5529 1441 5599 όρᾷν,
1472 5528 1607 5598 πρὸς
1637 5528 1695 5581 τὸ
1720 5530 1821 5598 τῆς

244 5624 491 5683 διανοίας
515 5623 784 5693 βούλημα,
817 5623 923 5676 τῶν
947 5621 1243 5692 ὀφθαλμῶν
1281 5620 1480 5691 ῥαδίως
1510 5618 1812 5689 ἀπατώμεο

247 5731 374 5766 κίον’
425 5714 524 5783 τῆς
547 5714 602 5765 δὲ
629 5714 834 5782 πλάνης
885 5715 1034 5782 μόλις
1090 5716 1467 5785 ἀπήλλαγμαι,
1517 5713 1823 5783 γράμματα

251 5809 545 5878 δεξάμενος
576 5808 726 5878 παρὰ
757 5807 873 5874 σοῦ,
916 5808 1006 5862 καὶ
1036 5807 1377 5877 θεραπεύσας
1413 5808 1502 5863 τὸν
1534 5809 1732 5877 ἔρωτα.

1912 4612 1989 4668 Ex
2023 4628 2131 4682 quo
2160 4612 2352 4666 abiens
2386 4628 2472 4668 me
2521 4613 2879 4681 dereliquisti,
2916 4628 3021 4667 non
3055 4611 3261 4667 cessavi
3320 4621 3495 4666 tccum

1914 4716 2091 4761 mente
2125 4707 2321 4769 redire,
2352 4716 2539 4776 portus
2573 4717 2628 4761 et
2658 4721 2806 4761 mare
2838 4706 2891 4760 in
2926 4705 3132 4774 meipso
3156 4704 3492 4768 describens,

1911 4807 1962 4852 et
1991 4798 2197 4851 iteratis
2216 4797 2418 4851 vicibus
2438 4797 2621 4851 dicens
2647 4797 2771 4850 audi
2800 4811 2905 4862 me,
2924 4794 3188 4865 Neptune,
3214 4796 3303 4866 qui
3322 4804 3496 4849 terras

1913 4889 2109 4952 ambis,
2156 4890 2303 4943 illum
2337 4890 2629 4944 secundmn
2664 4888 2758 4943 tibi
2806 4903 2955 4943 mare
3009 4888 3136 4942 dare
3182 4888 3493 4958 precabar;

1915 4982 2028 5036 dies
2061 4983 2259 5053 navigii
2296 4980 2546 5035 notabant
2571 4980 2777 5052 digitis,
2801 4990 2857 5036 et
2888 4981 2962 5034 ita
2992 4989 3136 5034 totus
3163 4988 3342 5035 tecum
3373 4994 3495 5034 ver-

1916 5073 2077 5127 sabar
2134 5082 2194 5128 ttt
2234 5073 2490 5143 sigqueut
2545 5082 2807 5126 tentarem
2859 5071 3169 5142 appellare,
3206 5086 3349 5142 sape
3410 5088 3496 5125 tne

1919 5164 2076 5218 latuit
2112 5162 2442 5218 Dorotheum
2485 5176 2714 5229 vocare;
2747 5161 2957 5216 ridebat
2991 5160 3099 5225 ille,
3133 5174 3232 5229 ego
3263 5176 3391 5215 vero
3422 5162 3488 5213 de

1919 5271 2105 5311 errore
2139 5256 2403 5311 dolebam.
2450 5253 2506 5309 Si
2556 5256 2791 5324 ignores,
2839 5254 2976 5308 scito
3017 5264 3276 5321 quantum
3314 5252 3365 5306 in
3413 5266 3499 5307 me

1921 5348 2174 5417 philtram
2229 5346 2509 5416 iniecisti:
2565 5360 2714 5413 saepe
2759 5360 2881 5398 eum
2934 5344 3229 5413 aspicerem
3264 5342 3494 5412 aliquem

1922 5439 2103 5507 procul
2130 5439 2454 5501 venientem,
2478 5447 2549 5501 te,
2570 5437 2774 5499 hercle,
2797 5434 2982 5488 videre
3008 5436 3282 5502 putabam,
3302 5432 3497 5487 mentis

1923 5528 2199 5584 voluntate
2238 5528 2540 5599 decipiente
2566 5528 2769 5583 oculos.
2818 5529 2899 5580 Ab
2934 5539 3117 5581 errore
3154 5525 3243 5581 vix
3299 5523 3497 5578 liberer

1923 5625 2047 5677 dum
2076 5623 2282 5678 litteras
2307 5632 2443 5688 tuas,
2488 5635 2605 5691 qua:
2643 5618 2899 5677 medelam
2924 5616 3151 5673 aderunt
3185 5615 3376 5684 amori,
3406 5629 3499 5669 ac-

1924 5715 2085 5786 cipio.
