4014 6552
607 486 754 554 2783

1063 595 1319 653 LXXXII.
1356 591 1744 657 STEI’HANO.

684 687 854 746 Tuam
895 686 1264 744 celebritatem
1314 691 1639 746 denuntiant
1681 692 1863 747 omnia
1899 692 1953 748 in
1983 694 2180 760 quibus

607 784 763 839 viros
791 778 964 838 bonos
996 796 1324 852 cognoscere
1343 783 1624 849 subsistit;
1660 785 2173 853 sicutexpertorum

609 874 1001 938 testimonium,
1024 885 1312 941 superatur
1332 876 1466 929 actis
1491 891 1677 930 sermo
1692 916 1706 940 ,
1725 887 1952 944 postque
1972 892 2058 931 res
2073 893 2191 933 esse

614 967 864 1030 videtur;
898 964 1133 1018 studium
1184 964 1326 1031 quod
1374 979 1592 1034 semper
1644 981 1771 1035 erga
1803 981 1911 1032 me,
1957 968 2189 1021 maximo

610 1073 734 1112 meo
774 1056 988 1120 honori,
1026 1056 1262 1111 habuisti
1292 1096 1307 1118 ,
1338 1072 1479 1110 nunc
1503 1059 1805 1126 prmsertitn
1831 1059 2001 1128 pluris
2021 1058 2182 1125 facio,

605 1164 730 1204 cum
773 1159 981 1202 tantum
1025 1149 1199 1202 virum
1239 1148 1694 1217 miltlrontigerit
1738 1149 1892 1217 juxta
1930 1150 2204 1203 brevissiy

606 1254 752 1292 unum
798 1239 897 1292 vim
945 1237 1288 1293 intervallum
1342 1236 1580 1303 abesse;
1621 1239 1869 1306 quamvis
1918 1239 2183 1308 simplici-

600 1333 704 1387 bus
771 1330 969 1386 litteris
1038 1339 1282 1385 uteretur
1317 1371 1331 1395 ,
1372 1345 1475 1383 non
1572 1344 1787 1399 possem
1863 1329 2187 1398 respondere

596 1404 806 1477 lubenti
842 1438 858 1487 ;
881 1423 1015 1475 adeo
1046 1437 1236 1492 magna
1260 1420 1389 1475 mihi
1417 1419 1679 1473 Incumbit
1703 1420 1949 1474 molestia
1973 1430 2059 1473 tua
2081 1421 2188 1473 dis-

605 1513 856 1568 cessione
879 1512 1101 1574 afﬂicto,
1143 1523 1196 1566 et
1243 1514 1423 1567 omnis
1453 1513 1573 1566 vita:
1601 1522 1702 1565 tua:
1735 1511 1989 1565 virtutem
2041 1511 2184 1565 desi-

598 1605 823 1670 derans,
856 1615 911 1659 et
955 1619 1295 1673 qumeunque
1324 1605 1655 1674 prteveuiens
1691 1603 1973 1658 denuntiat
2017 1602 2180 1667 fama,

598 1695 932 1766 experientia
969 1682 1232 1758 fundata;
1291 1696 1361 1750 ita
1442 1706 1498 1750 ut
1558 1713 1746 1768 parum
1794 1696 2007 1753 abesset
2053 1699 2182 1766 quin

599 1802 722 1840 eum
747 1803 850 1857 qua
886 1787 1023 1842 forte
1051 1788 1270 1842 indutus
1287 1804 1436 1843 eram
1461 1800 1612 1845 veste
1638 1792 1876 1846 venirem
1904 1792 2183 1846 familiari-

601 1879 703 1932 bus
747 1879 882 1934 meis
917 1897 1020 1934 non
1079 1882 1409 1939 valedicens.
1477 1883 1582 1938 Sed
1622 1884 1866 1952 quadam
1913 1885 2170 1952 cogitatio

1923 489 2279 566 PROCOPII
2312 489 2564 551 eam

3763 470 3883 536 278i

2822 600 2948 655 ne.
2988 597 3318 669 ΣτεφΑΝᾳ.

2365 674 2475 763 Τὴν
2505 692 2778 763 ὑμετέραν
2812 691 3179 762 λαμπρότητα
3209 687 3486 760 κηρύττει
3518 684 3628 756 μὲν
3658 684 3763 737 ὅσα
3780 684 3885 747 τοὺς

2291 785 2528 852 ἀγαθοὺς
2593 781 2884 854 γνωρίζειν
2937 782 3137 852 ἄνδρας
3189 782 3529 838 ἐπίσταται·
3567 776 3739 840 ὡςδὲ
3792 779 3884 831 τῶν

2291 876 2663 947 πειραθέντων
2690 877 2722 946 ἡ
2757 873 3054 946 μαρτυρία,
3111 875 3329 926 νικᾶται
3358 874 3488 934 τοῖς
3514 869 3716 938 ἔργοις
3742 869 3772 922 ό
3807 869 3905 944 λόςξ

2291 985 2405 1034 γος,
2445 967 2538 1020 καὶ
2560 966 2671 1019 τῶν
2718 964 3060 1034 πραγμάτων
3118 963 3352 1017 κατόπιν
3381 958 3539 1016 εἶναι
3571 961 3766 1014 δοκεῖ’
3797 961 3884 1030 τὴν

2289 1060 2346 1111 δέ
2375 1059 2504 1128 περί
2525 1058 2625 1127 ἐμὲ
2655 1055 2892 1127 σπουδὴν
2921 1056 3008 1110 ἀεὶ
3039 1055 3278 1124 μεγίστῳ
3310 1051 3742 1126 παραδεδωκὼς
3768 1051 3886 1104 θαύ-

2296 1169 2449 1223 ματι,
2481 1150 2576 1204 νῦν
2601 1150 2699 1219 οὑχ
2717 1149 2920 1218 ἣκιστα
2947 1146 3107 1201 τοῦτο
3133 1146 3294 1209 ποιῶ,
3325 1149 3542 1216 ὅτεπερ
3588 1145 3770 1214 ἄνδρα
3801 1162 3883 1212 μοι

2289 1245 2541 1298 τοσοῦτον
2562 1243 2781 1295 ἔπεισεν
2823 1240 2918 1293 ἐπὶ
2957 1239 3286 1310 μικρότατον
3310 1241 3494 1309 μῆκος
3526 1237 3657 1291 ὁδοῦ
3685 1237 3881 1290 θεῖναι·

2287 1335 2364 1397 ὡς
2391 1335 2438 1387 εἰ
2465 1333 2562 1386 καὶ
2589 1331 2766 1401 ψιλοῖς
2798 1330 3069 1400 ἐχρήσατο
3095 1328 3442 1398 γράμμασιν,
3479 1329 3590 1382 οὐκ
3625 1327 3699 1381 ἂν
3729 1327 3882 1396 ἔσχον

2289 1423 2592 1492 ἀντιλέγειν
2644 1421 2956 1476 κελεύοντι⁹
3005 1421 3148 1474 οὕτω
3179 1420 3236 1473 δέ
3301 1438 3392 1491 μοι
3446 1419 3599 1490 βαρὺ
3659 1421 3881 1489 φορτίον

2288 1515 2563 1586 ἐπέθηκεν
2620 1511 2924 1583 αἰδουμένῳ
2976 1511 3075 1582 τὴν
3131 1512 3338 1580 ἄφιξιν,
3397 1515 3496 1566 καὶ
3543 1511 3647 1565 τοῦ
3679 1514 3880 1574 παντὸς

2289 1608 2406 1679 βίου
2460 1606 2558 1677 τὴν
2621 1605 2861 1675 ἀρετήν’
2915 1605 3009 1658 καὶ
3068 1605 3169 1658 ὅσα
3219 1602 3580 1672 προλαϐοῦσα
3610 1602 3876 1673 κηρύττει

2267 1699 2468 1769 -φὴμη,
2521 1696 2884 1767 βεϐαιωθεῖσα
2907 1698 2975 1766 τῇ
3003 1695 3200 1766 πείρᾳ’
3238 1693 3387 1747 ὦπε
3416 1691 3627 1764 μικροῦ
3654 1692 3768 1746 δεῖν
3799 1693 3872 1756 ὡς

2286 1787 2429 1860 εἶχον
2467 1790 2744 1860 σχήματος
2775 1789 3032 1858 εἱπόμην,
3066 1787 3200 1856 μηδέ
3254 1788 3368 1849 τοῖς
3392 1786 3626 1847 οἰκείοις
3658 1785 3869 1855 χαίρειν

2285 1883 2455 1935 εἰπών
2475 1898 2489 1912 ο
2524 1881 2658 1934 ἀλλά
2691 1880 2756 1950 μέ
2784 1897 2868 1943 τις
2901 1880 3080 1933 ἔννοια
3137 1878 3293 1947 μόλις
3323 1879 3557 1947 ἐπέσχεν
3583 1878 3862 1946 ὁρμῶντα,

599 1969 744 2043 subit
806 1970 857 2023 in
905 1986 988 2024 me
1061 1973 1295 2028 excitato
1334 2013 1349 2038 ,
1398 1978 1641 2032 censenti
1693 1974 1824 2028 nihil
1901 1976 2171 2044 despicere

2283 1969 2631 2039 λογιζόμενον
2659 1946 2720 2023 τό
2755 1969 2918 2039 μηδέν
2945 1969 3045 2021 ὑπε
3057 1946 3222 2038 ρορᾷν
3244 1946 3527 2038 πατρίδος,
3565 1960 3682 2038 ὲνῇ
3713 1966 3860 2035 πρῶ.

599 2062 847 2129 patriam,
875 2062 928 2116 in
955 2079 1056 2132 qua
1087 2065 1316 2136 primmn
1343 2065 1507 2122 solem
1530 2067 1654 2133 vidi,
1681 2076 1732 2122 et
1761 2067 2037 2136 pulchrius
2059 2083 2180 2124 esse

598 2166 724 2220 erga
751 2152 920 2216 illatn,
956 2154 1240 2222 quaejusta
1303 2167 1450 2222 sunt,
1516 2173 1761 2223 servare,
1795 2175 1954 2229 quam
1984 2175 2175 2215 aurum

605 2243 885 2310 possidere
929 2261 945 2310 ;
982 2257 1033 2299 et
1091 2256 1270 2302 tantos
1301 2261 1516 2304 exteros
1562 2252 1704 2305 circa
1768 2264 1852 2304 me
1885 2261 2178 2323 praesentes

599 2343 971 2390 contemnere.

1112 2428 1396 2487 LXXXIII.
1436 2433 1668 2492 PETRO.

667 2517 871 2574 Gratus
900 2519 1235 2592 Epiphanius
1255 2526 1340 2580 cui
1370 2528 1480 2583 tuis
1513 2530 1705 2585 litteris
1730 2547 1977 2597 magnam
2011 2532 2176 2588 bene-

598 2608 890 2664 volentiam
923 2612 1138 2677 tribuis,
1169 2615 1304 2669 mihi
1345 2618 1583 2672 amicitia
1615 2621 1887 2688 vincitur;
1927 2637 2175 2691 magnam

599 2697 651 2751 in
673 2701 927 2755 omnibus
958 2702 1293 2770 diligentiam
1337 2709 1593 2773 oslemlit,
1624 2725 1742 2777 quze
1786 2721 1911 2764 sunt
1964 2712 2177 2780 juvenis

597 2806 702 2845 non
746 2792 1120 2861 manifestans,
1142 2797 1234 2849 sed
1259 2807 1404 2853 totus
1431 2799 1629 2855 litteris
1660 2803 1905 2867 deditus,‘
1930 2804 2176 2860 reﬂexio-

598 2883 1052 2954 niqueiutentus;
1089 2889 1231 2956 quod
1293 2902 1668 2959 argumentum
1712 2905 1797 2950 est
1847 2896 2173 2952 calumniam
2209 2955 2217 2962 ,

593 2986 782 3030 contra
847 2977 988 3032 illum
1043 2979 1207 3034 fuisse
1241 2981 1581 3049 instructam,
1609 2985 1907 3056 falsumque
1937 2987 2062 3042 illud
2093 2989 2173 3043 vi-

592 3067 704 3120 deri
729 3070 869 3136 quod
892 3070 1017 3122 olim
1048 3070 1459 3141 denuntiatum;
1490 3077 1794 3132 otiosorum
1820 3079 1961 3132 enim
1983 3079 2086 3132 ista
2113 3089 2166 3133 el

594 3158 788 3210 mentis
803 3174 868 3211 ex
887 3159 1180 3215 irrationali
1196 3164 1306 3217 otio
1325 3165 1374 3217 in
1393 3181 1453 3218 ea
1475 3182 1592 3236 qua:
1611 3182 1713 3218 non
1731 3167 1970 3234 deberet,
1990 3167 2170 3225 illatte.

2279 2083 2370 2118 τον
2402 2062 2540 2118 εἶδον
2586 2064 2677 2123 τὸν
2709 2064 2864 2134 ἥλιον
2890 2077 2903 2092 ⁸
2938 2063 3033 2115 καὶ
3071 2062 3148 2125 ὡς
3177 2061 3344 2115 καλὸν
3375 2062 3445 2117 τὰ
3479 2062 3626 2132 πρὸς
3657 2058 3857 2128 ταύτην

2280 2157 2466 2210 δίκαια
2532 2153 3076 2224 φυλάττειν,·ἢπολί›
3122 2154 3423 2226 κεκτῆσθαι
3479 2152 3852 2224 χρυσίονοκαὶ

2281 2249 2464 2316 ξένους
2487 2247 2776 2310 τοσούτους
2806 2246 2874 2306 δι’
2909 2247 3010 2317 ἐμὲ
3041 2247 3317 2316 παρόντας
3345 2245 3644 2315 ὑπεριδεῖν.

2866 2427 2989 2479 nr'.
3013 2426 3255 2495 ΠΕΤΡῼ.
3772 2470 3785 2478 .

2364 2520 2422 2579 '0
2449 2519 2612 2584 καλὸς
2679 2519 2998 2588 Ἐπιφάνιος
3047 2520 3157 2580 τοῖς
3205 2516 3491 2585 ὑμετέροις
3559 2517 3841 2587 γράμμασι

2280 2613 2542 2683 πλείστην
2596 2611 2938 2682 ἐπαγόμενος
2995 2609 3232 2671 εὔνοιαν,
3259 2653 3269 2664 .
3295 2610 3527 2678 συνέστη
3557 2609 3657 2679 μὲν
3678 2608 3840 2670 οὕτως

2279 2707 2424 2774 ἐμοὶ,
2480 2703 2714 2775 σπουδὴν
2744 2703 2802 2757 δὲ
2833 2705 3014 2756 πᾶσαν
3049 2699 3360 2766 ἐπεδείξατο
3427 2700 3669 2770 λογικὴν,
3709 2700 3839 2768 μηίὲ

2277 2795 2385 2848 τῶν
2430 2796 2532 2848 ὅσα
2579 2793 2736 2865 φέρει
2794 2792 2983 2862 νεότης
3042 2791 3514 2862 ἐπιδεικνύμενος,
3569 2791 3680 2843 ἀλλ’
3725 2788 3839 2842 ὅλον

2277 2887 2441 2941 αὑτὸν
2468 2889 2582 2949 τοῖς
2610 2885 2791 2954 λόγοις
2833 2885 3068 2948 ἐνδιδοὺς
3103 2885 3197 2936 καὶ
3229 2887 3296 2954 τῇ
3333 2885 3533 2954 μελέτῃ
3569 2898 3837 2953 προσκαρι

2274 2980 2481 3046 πρῶν’
2526 2979 2554 3031 ὃ
2602 2978 2667 3049 δὴ
2719 2977 2813 3031 καὶ
2876 2977 3176 3047 τεκμήριον
3214 2973 3354 3029 εἶναι
3404 2976 3554 3029 δοκεῖ
3605 2973 3696 3026 τοῦ
3742 2973 3836 3042 τὴν

2277 3070 2614 3141 κατηγορίαν
2672 3069 3016 3123 πεπλᾶσθαι·
3072 3067 3165 3122 καὶ
3209 3068 3404 3138 ψευδὲς
3457 3063 3597 3120 εἷναί
3650 3085 3752 3121 που
3777 3065 3834 3118 τὸ

2276 3165 2443 3216 πάλαι
2496 3162 2892 3234 θρυλλούμενον
2929 3179 2942 3192 ·
2991 3163 3309 3231 ἀργούντων
3355 3162 3460 3230 γὰρ
3520 3162 3699 3212 ἐκεῖνα
3746 3159 3836 3210 καὶ

593 3247 848 3303 Isocratis
882 3252 1142 3308 obediens
1207 3258 1509 3325 praeceptis,
1542 3268 1594 3310 et
1635 3273 1960 3312 consumens
2004 3258 2169 3311 otium

2276 3257 2512 3318 διανοίας
2541 3255 2599 3319 ἐξ
2628 3255 2827 3323 ἀλόγου
2870 3255 3065 3323 σχολῆς
3100 3254 3186 3322 ἐφ’
3227 3253 3262 3307 ἃ
3295 3253 3373 3324 μὴ
3411 3253 3492 3304 δεῖ
3516 3251 3834 3343 φερομένης.

592 3341 998 3396 vitatautlicndo
1022 3360 1316 3405 sermones.
1337 3362 1438 3400 non
1460 3350 1549 3402 dat
1598 3348 1970 3402 caluznniatori
2017 3347 2172 3401 moti-

591 3445 714 3484 vutu
763 3435 956 3488 merito
974 3431 1635 3508 calumniandi;quamvis
1656 3442 1768 3508 ipse
1803 3439 1978 3504 sileat,
2002 3439 2165 3494 vitam

591 3525 751 3580 habet
773 3528 838 3580 ad
864 3527 1077 3583 laudem
1111 3530 1451 3586 inducentem
1475 3550 1490 3597 ;
1519 3533 1721 3586 utinam
1744 3534 1962 3603 juvenis
1985 3533 2156 3601 magis

591 3619 831 3675 intendat
846 3623 1347 3694 studio,nostraque
1362 3629 1425 3682 tle
1439 3627 1526 3682 illo
1540 3645 1662 3698 spes
1677 3644 1779 3694 non
1798 3631 1868 3684 sit
1883 3627 2164 3683 frustrata.

2290 3348 2592 3418 Ἰσοκράτει
2620 3347 2676 3399 δέ
2706 3364 2790 3409 τις
2841 3345 3162 3414 πειθόμενος
3189 3344 3283 3396 καὶ
3313 3342 3718 3396 καταναλίσκων
3741 3339 3836 3409 τὴν

2274 3440 2369 3494 τοῦ
2423 3440 2538 3510 βίου
2600 3437 2795 3508 σχολὴν
2835 3438 2915 3500 εἰς
2971 3436 3205 3507 τὴντῶν
3231 3436 3404 3504 λόγων
3438 3434 3742 3504 φιληκοΐαν,
3776 3433 3835 3484 οὐ

2273 3531 2455 3586 δίδωσι
2486 3528 2797 3598 συκοφάντῃ
2834 3527 2990 3594 λόγον
3019 3524 3093 3586 ὼς
3121 3525 3347 3587 εἰκότως
3372 3524 3479 3594 ἄρα
3511 3524 3797 3591 κατηγορεί
3819 3539 3830 3549 ο

2271 3623 2374 3677 κᾶν
2406 3623 2518 3693 γὰρ
2542 3621 2702 3684 αὐτὸς
2732 3618 2928 3689 σιγῴη,
2965 3618 3057 3670 τὸν
3090 3617 3202 3687 βίον
3229 3616 3343 3686 ἔχει
3378 3617 3514 3686 πρὸς
3547 3613 3832 3682 ἀπολογίαν

589 3711 888 3781 ἀρκοῦντα·
913 3714 1120 3784 γένοιτο
1148 3717 1202 3771 δὲ
1237 3718 1330 3770 καὶ
1357 3719 1447 3771 τὸν
1474 3720 1591 3773 νέον
1619 3721 1820 3789 μᾶλλον
1843 3720 2142 3774 ἐπιδιδόναι
2179 3716 2314 3788 πρὸς
2343 3715 2558 3783 λόγους,
2592 3711 2689 3765 καὶ
2710 3711 2860 3782 ἡμᾶς
2885 3710 2982 3782 τῆς
3015 3707 3109 3760 ἐπὶ
3163 3706 3340 3777 τούτῳ
3403 3705 3479 3776 μὴ
3536 3701 3834 3774 διαμαρτά-

589 3823 702 3858 νειν
722 3807 951 3882 ἐλπίδος,
1727 3851 1733 3856 .

590 3901 878 3957 LXXXIV.
899 3905 1267 3961 ZACIIAIIIE
1300 3905 1386 3960 ET
1409 3905 1718 3962 PIIILIPI‘O
1743 3906 2156 3963 FIlATRIBUS.

659 3995 1008 4050 Admirabilis
1055 3995 1400 4061 Timotheus,
1433 3998 1574 4054 hanc
1610 3998 1795 4055 ferens
1837 4001 2154 4070 epistolam,

592 4086 810 4154 utrique
858 4097 1097 4140 vestrmn
1139 4090 1408 4144 scribendi
1455 4092 1506 4144 in
1549 4094 1802 4159 praesenti
1846 4103 1927 4148 est
1983 4095 2157 4161 ratio;

589 4189 745 4246 patre
773 4187 922 4233 ortus
942 4192 1220 4236 mansueto
1251 4182 1595 4253 maximeque
1619 4186 1945 4256 tranquillus
1974 4187 2027 4241 in
2074 4201 2160 4241 se-

593 4267 712 4336 ipso
755 4270 1053 4337 genitorem
1093 4271 1426 4338 circumfert,
1495 4289 1703 4330 morum
1765 4277 2162 4338 verecundiam

587 4359 735 4413 vultu
758 4376 854 4415 suo
882 4362 1233 4419 manifestans
1255 4365 1553 4432 ;erubescit
1580 4369 1724 4421 enim
1755 4369 1952 4437 subito,
1972 4371 2014 4422 si
2042 4371 2162 4437 quis

589 4451 736 4506 illum
777 4453 974 4518 laudet,
999 4455 1044 4510 si
1068 4455 1238 4510 solum
1265 4458 1506 4527 aspicere
1536 4459 1682 4513 velit.
1715 4459 1815 4513 Hic
1870 4473 2157 4530 prOpterca

599 4545 807 4613 regiam
851 4547 1039 4600 urbem
1076 4549 1246 4612 venit,
1277 4549 1585 4621 indigetque
1620 4567 1799 4606 veSIra
1828 4555 2159 4610 auctoritate

2409 3899 2528 3951 ΠΣ.
2569 3891 2867 3962 ΖΑΧᾹΡῙᾼ
2891 3893 3010 3944 ΚΑΙ
3036 3889 3323 3959 ΦΙΛΙΠΠῼ
3347 3887 3698 3940 ΛΔΕΛΦΟΙΣ.

2345 3991 2404 4043 Ὀ
2441 3976 2754 4055 Θαυμαστὸς
2778 3982 3062 4054 Τιμόθεος,
3094 3983 3120 4034 ὀ
3147 3979 3351 4050 ταύτην
3380 3979 3562 4047 φέρων
3596 3976 3694 4045 τὴν
3715 3974 3830 4027 ἐπι-

2267 4084 2459 4153 στολὴν
2485 4080 2579 4134 τοῦ
2623 4078 2721 4150 μὲν
2764 4076 3014 4139 ἀλλήλοις
3047 4074 3281 4142 γράφειν
3323 4071 3415 4124 ἐπί
3451 4069 3545 4122 τοῦ
3573 4067 3829 4138 παρόντος

2267 4175 2416 4228 ἐστὶν
2463 4173 2602 4244 ἀρχή
2641 4187 2655 4201 ⁸
2715 4168 2923 4237 πατρὸς
2975 4166 3032 4220 δὲ
3075 4165 3361 4233 τυγχάνων
3422 4161 3724 4230 ἐπιεικοῦςξ
3742 4162 3831 4213 καὶ.

2266 4264 2389 4318 λίαν
2419 4262 2774 4333 ἀπράγμονος
2796 4259 2852 4310 ἐν
2873 4255 3053 4325 ἐαυτῷ
3088 4252 3376 4323 περιφέρει
3427 4251 3518 4305 τὸν
3572 4250 3825 4320 φύσαντα,

2261 4359 2360 4430 τὴν
2381 4355 2491 4410 τῶν
2505 4355 2722 4426 τρόπων
2747 4350 3032 4405 εὐσέϐειαν
3049 4349 3142 4401 ἐπὶ
3164 4347 3260 4400 τοῦ
3286 4344 3582 4416 προσώπου
3600 4343 3822 4404 δεικνύς·

2263 4449 2493 4521 ἐρυθριᾷ
2536 4446 2668 4516 γοῦν
2729 4445 2986 4515 ἑτοίμως,
3023 4442 3126 4496 κᾶν
3155 4458 3241 4504 τις
3271 4439 3436 4493 αὑτὸν
3466 4439 3684 4506 ἐπαινῇ,
3729 4435 3827 4488 κᾶν

2261 4543 2592 4599 ἀποϐλέπειν
2646 4541 2810 4610 μόνον
2859 4537 3043 4607 ἐθέλῃ.
3110 4527 3281 4596 Οὗτος
3308 4533 3434 4586 ὅτου
3454 4531 3518 4601 δὴ
3547 4531 3706 4600 χάριν
3737 4528 3827 4598 τὴν

591 4638 642 4689 iu
694 4638 892 4707 quibus
958 4641 1225 4709 poteritis,
1279 4644 1543 4698 auxilium
1576 4646 1818 4700 facileilli
1858 4648 2152 4713 prmbente.

2276 4635 2512 4690 Ξασιλίδα
2572 4633 2728 4686 πόλιν
2758 4631 3068 4699 κατείχετο,
3106 4628 3201 4682 καὶ
3235 4627 3406 4680 δεῖται
3438 4624 3549 4694 τῆς,
3569 4621 3826 4692 ὑμετέρας

590 4726 722 4779 IIl-tul
757 4727 1019 4783 facientes
1044 4734 1178 4800 grati
1204 4733 1356 4787 eritis
1392 4733 1524 4789 viris
1557 4736 1737 4798 bonis,
1769 4736 1966 4805 quibus
2023 4737 2158 4792 nihil

592 4817 783 4873 melius
810 4823 1152 4889 cognoscitur
1182 4839 1342 4896 quam
1377 4827 1558 4883 colere
1585 4828 1868 4884 virtutem.

1104 5092 1368 5150 LXXXV.
1406 5093 1656 5151 IISDEM.

663 5185 908 5242 Praesens
954 5203 1149 5250 annus,
1189 5196 1249 5241 ut
1303 5188 1539 5254 videtur,
1583 5191 1894 5260 frequentes
1933 5206 1960 5244 a
2002 5192 2159 5248 nobis

593 5290 782 5346 preces
817 5276 1064 5347 perferet.
1091 5280 1266 5348 justas
1297 5288 1503 5345 tamen,
1523 5289 1579 5336 et
1598 5281 1815 5350 dignum
1844 5283 1999 5337 laude
2022 5300 2158 5354 pra:-

589 5377 791 5423 textum
842 5369 1119 5434 habentes,
1170 5369 1215 5424 si
1258 5370 1377 5438 quis
1400 5371 1538 5427 bona
1587 5381 1766 5427 mente
1791 5374 2067 5442 praalitus,
2105 5383 2159 5429 et

595 5461 842 5516 moribus
894 5458 1153 5527 Graecus,
1204 5462 1528 5519 benelicium
1581 5479 1642 5519 se
1700 5474 1956 5534 praestare
2008 5467 2158 5524 malit

585 5567 748 5620 quam
789 5553 1019 5622 priorem
1061 5555 1334 5624 accipere.
1371 5555 1441 5610 Ea
1468 5572 1630 5627 porro
1672 5558 2154 5628 imprarsentiarum

589 5645 907 5714 indigentia.
951 5645 1122 5712 Nilus,
1155 5649 1238 5702 vir
1287 5648 1696 5714 celeberrimus,
1735 5651 1824 5719 qui
1855 5651 2017 5704 vitam
2051 5650 2159 5706 Deo

583 5738 944 5801 consecravit,
969 5738 1030 5792 in
1065 5741 1197 5794 urbe
1223 5742 1440 5811 quidem
1476 5745 1708 5811 habitat,
1737 5754 1908 5800 matre
1934 5746 2001 5800 de
2039 5729 2158 5815 ipso

584 5826 842 5891 sollicita,
870 5825 1016 5884 illius
1064 5843 1402 5888 senectutem
1454 5835 1612 5890 simul
1657 5845 1708 5890 et
1740 5836 1862 5892 inde
1889 5836 2154 5891 orientem

583 5916 956 5976 inﬁrmitatem
1010 5921 1215 5978 fovens.
1266 5923 1453 5993 Neque
1513 5935 1692 5983 tamen
1759 5928 1935 5985 minus
1992 5946 2152 6000 quam

2261 4728 2461 4801 ῥοπῆς,
2499 4728 2556 4780 ἐν
2584 4720 2665 4788 οἷς
2699 4725 2765 4779 ἂν
2797 4723 3030 4792 δύνησθε
3093 4717 3410 4790 συμμαχίαν
3439 4716 3645 4771 ἄλυπον
3674 4729 3827 4783 χορη-

2260 4822 2499 4892 γούσηςο
2531 4824 2690 4875 τοῦτο
2717 4820 2774 4873 δὲ
2807 4817 3113 4880 ποιοῦντες,
3167 4814 3424 4884 ἀνδράσιν
3448 4812 3637 4866 ἔσεσθε
3677 4827 3827 4880 κεχαι

2264 4917 2506 4989 ρισμένοι
2546 4917 2800 4985 χρηστοῖς
2819 4930 2833 4945 ⁸
2863 4905 2926 4965 οὗ
2946 4911 3129 4983 μεῖζον
3154 4909 3305 4962 οὐδὲν
3326 4909 3439 4971 τοῖς
3466 4907 3636 4977 ττμᾷν
3663 4907 3820 4972 ἐγνω-

2264 5009 2384 5064 κόσι
2411 5011 2510 5079 τὴν
2543 5009 2765 5080 ἀρετήν.

2785 5098 2914 5152 IIE'.
2951 5096 3079 5162 Τοῖς
3094 5093 3320 5159 αὐτοῖς.
3837 5113 3847 5139 ι

2333 5193 2408 5247 To
2436 5191 2632 5265 παρὸν,
2660 5191 2736 5255 ὡς
2767 5189 2966 5253 ἔοικεν,
2994 5187 3114 5250 ἔτος
3145 5186 3357 5254 δεήσεις
3381 5183 3515 5253 παρ’
3532 5181 3690 5253 ἡμῶν
3715 5181 3822 5234 διαι-

2261 5290 2478 5360 κομίσει
2524 5286 2758 5349 πυκνὰς,
2822 5285 2962 5357 πλὴν
3016 5279 3111 5345 οὖν
3157 5281 3372 5343 δικαίας
3426 5279 3525 5333 καὶ
3565 5279 3823 5349 πρόφασιν

2259 5382 2490 5453 ἐχούσας
2542 5378 2964 5448 ἐπαινουμένην,
2995 5376 3061 5430 ἄν
3104 5391 3188 5438 τις
3238 5371 3536 5441 εὐγνώμων
3585 5372 3681 5423 καὶ
3738 5369 3822 5420 τὸν

2260 5476 2461 5546 τρόπον
2497 5471 2829 5540 Ἑλληνικὸς,
2851 5471 3012 5541 χάριν
3042 5467 3108 5523 ἂν
3137 5467 3330 5538 ἡσθείη
3355 5464 3610 5534 διδοὺς,ἣ
3641 5461 3822 5532 προτὲ-

2261 5583 2371 5636 ρων
2389 5563 2699 5634 δεχόμενος*
2723 5559 3022 5629 τοιαύτημδέ
3052 5576 3136 5622 τις
3164 5557 3276 5611 τῶν
3299 5557 3585 5626 παρόντων
3603 5557 3636 5624 ἡ
3653 5552 3818 5622 χρεία·

2257 5657 2449 5719 Νεῖλος
2469 5659 2496 5710 ὁ
2523 5652 2852 5723 λογιώτατος
2880 5651 3000 5722 Θεῷ
3052 5651 3144 5706 τὸν
3207 5649 3320 5720 βίον
3349 5644 3633 5718 ἁναμθεὶς,
3679 5642 3821 5696 πόλιν

2261 5748 2360 5818 μὲν
2381 5747 2520 5800 οἰκεῖ
2568 5745 2772 5817 μητρὸς
2798 5745 2885 5796 ἐπ’
2919 5741 3068 5813 αὑτῷ
3099 5739 3452 5806 σαλευούσης,
3484 5737 3666 5806 γῆρας
3698 5729 3819 5803 ὁμοῦ

2258 5837 2595 5910 θεραπεύων,
2655 5836 2750 5890 καὶ
2785 5836 2882 5907 τὴν
2911 5834 3159 5910 ἐντεῦθεν
3195 5831 3481 5885 ἀσθένειαν
3505 5845 3519 5859 '
3545 5827 3653 5880 οὐδ’
3680 5826 3743 5879 ἂν
3769 5823 3816 5876 δὲ

2259 5925 2421 6000 ἦττον
2445 5929 2680 5995 πολλῶν,
2704 5929 2834 5997 ἴσθι,
2867 5927 2954 5981 ἐπ’
2981 5927 3215 5997 ἐρημίας
3243 5923 3539 5978 οἰκούντων
3561 5918 3649 5972 ἐπ’
3679 5917 3812 5972 εὗσε-
