4046 6386
318 284 460 355 2785

1734 268 2133 332 EPIS'l‘OLIE.

3414 281 3560 347 2786

318 350 441 469 δεία
468 388 812 464 γνωρίζεταιο
846 388 1019 442 οίκίαν
1047 386 1104 440 δὲ
1133 383 1472 455 κεκτημένος
1498 382 1661 437 τόπον
1687 380 1887 452 ὑψηλὸν

1994 382 2144 437 multi
2170 383 2223 438 iu
2248 383 2540 439 solitudine
2578 383 2834 454 degentes
2862 393 3088 455 propter
3123 387 3379 459 pietatem
3411 394 3558 448 cele-

317 487 545 559 ὲχούσης
575 484 668 538 τὸν
691 482 1115 555 παρακείμενον,
1152 480 1394 549 γείτονος
1417 476 1692 531 ἀπέλαυσε
1727 490 1892 543 πονη-

320 581 436 650 ροῦ,
497 579 555 642 ὃς
615 576 837 647 θυρίδας
896 573 1041 628 κατὰ
1085 572 1181 625 τοῦ
1215 572 1291 644 μὴ
1324 570 1697 643 προσήκοντος
1728 564 1892 637 ψιλοῦ

318 672 642 743 νεωτερίσας
674 670 846 734 τινας,
883 669 1016 741 πρὸς
1049 669 1149 738 μὲν
1179 668 1242 721 τὸ
1276 666 1450 737 παρὸν
1480 663 1750 735 ὡμολόγει
1783 679 1891 733 μη-

315 766 401 820 δὲν
436 762 686 835 ἐμποδὼν
712 762 951 818 ἔσεσθαι.
983 759 1186 820 ταύτας
1212 758 1515 828 οίκοδομεῖν
1545 756 1888 827 βουλομένῳ·

314 858 389 921 ὠς
410 858 466 911 δὲ
486 857 580 909 νῦν
612 856 691 917 είς
720 852 883 927 ἔργον
907 849 1038 925 ἦλθε
1068 854 1096 906 6
1133 853 1311 919 λόγος,
1352 852 1583 923 κώλυμα
1616 851 1718 915 τὰς
1740 850 1893 921 θυρίο

314 950 409 1013 δχς
441 946 815 1020 προϐάλλεται
836 964 848 979 ·
886 944 1077 1017 ὥσπερ
1106 946 1261 1015 δίκην
1282 943 1534 999 ἁπαιτῶν
1556 944 1637 997 ὅτι
1666 942 1892 1013 παρεῖδε

316 1038 841 1109 καινοτομούμενος·
877 1037 1020 1110 ὁρῶν
1054 1039 1109 1092 δὲ
1140 1040 1253 1102 τοῖς
1292 1037 1521 1101 δικαίοις
1556 1037 1892 1108 πανταχόθεν

316 1132 507 1187 ἑαυτὸν
534 1130 922 1201 ἐξωθούμενον,
974 1130 1331 1201 παρείσδυσιν
1354 1129 1536 1199 ἐαυτῷ
1572 1128 1893 1191 δυναστείας

316 1226 560 1279 ἐπινοεῖ·
588 1224 682 1277 καὶ
704 1222 764 1276 τὸ
797 1220 1055 1292 μέγιστον
1084 1221 1275 1292 ἀνδρὸς
1307 1222 1419 1284 τοῖς
1444 1220 1675 1282 δικαίοις
1720 1222 1892 1289 ἐγνω-

317 1319 472 1380 κότος
502 1315 620 1369 ἀεί·
657 1316 735 1377 είς
766 1315 874 1384 γὰρ
897 1314 987 1368 τὸν
1018 1313 1183 1367 πολὺν
1206 1316 1411 1368 ἐκεῖνον
1433 1314 1656 1367 ὠθεῖται
1690 1312 1893 1366 Νεστό-

315 1428 452 1481 ριον,
478 1408 557 1480 τῷ
590 1408 664 1480 μὴ
686 1411 943 1478 παρεῖναι
992 1408 1084 1462 τὸν
1141 1407 1310 1479 ἄνδρα
1342 1407 1560 1479 θαρῤῶν
1580 1424 1597 1440 ο
1642 1409 1754 1470 τοῖς
1783 1408 1892 1477 γὰρ

314 1501 464 1573 αύτῴ
505 1501 873 1573 προσήκουσιν
900 1502 981 1563 είς
1017 1500 1335 1571 συμμαχίαν
1356 1500 1721 1571 χρησάμενος,
1747 1497 1892 1570 ὠνὴν

314 1596 395 1658 εἰς
419 1595 580 1647 αὐτόν
602 1611 723 1647 τινα
751 1592 888 1656 πρὸς
922 1592 1263 1661 κακουργίαν
1295 1592 1573 1646 ἐπλάσατο
1603 1591 1663 1644 τὸ
1685 1591 1892 1645 δίκαιον

313 1680 485 1749 ὗνομα
508 1696 521 1708 ³
551 1679 649 1733 καὶ
682 1681 818 1750 πρὸς
845 1680 1056 1733 ἀδικίαν
1090 1679 1222 1750 ὕλην
1256 1677 1459 1744 λαϐὼν,
1489 1681 1581 1733 καὶ
1609 1680 1736 1743 τοὺς
1770 1679 1890 1732 κατ’

1993 470 2203 526 bratur.
2236 471 2371 527 Cum
2398 484 2577 528 autem
2606 474 2824 537 domum
2862 476 3197 543 acqttisieril,
3231 494 3352 547 qua:
3384 480 3564 536 locum

1992 562 2265 618 excelsum
2317 565 2680 634 propinquum
2720 565 2907 631 habet,
2940 568 3121 621 vicino
3183 571 3420 638 quodam
3465 572 3567 626 im-

1994 655 2162 725 probo
2192 658 2379 719 utitur,
2408 671 2530 725 qua:
2565 656 2828 713 fenestras
2856 668 3043 714 contra
3078 660 3167 727 jus
3201 676 3361 714 omne
3408 663 3566 717 iuno-

1993 760 2147 813 vans,
2198 749 2452 817 prmsenti
2498 748 2714 818 quidem
2754 759 2996 820 tempore
3037 751 3389 821 profitebatur
3432 754 3565 810 nihil

1993 840 2257 908 obStaculi
2292 842 2405 895 fore
2448 856 2541 896 eas
2596 841 2867 897 mdiiicare
2916 843 3136 898 volenti.
3184 844 3335 899 Nune
3383 856 3564 901 autem

1992 919 2115 984 cum
2147 925 2377 1002 ad'npus
2414 947 2596 987 sermo
2637 933 2874 999 devenit,
2911 932 3179 991 fenestras
3210 935 3565 1005 impedimen-

1995 1029 2106 1073 tum
2164 1021 2486 1089 prretendit,
2530 1024 2686 1091 quasi
2723 1022 2986 1091 justitiam
3025 1035 3274 1095 repetens
3302 1029 3444 1095 quod
3478 1028 3566 1082 in-

1994 1125 2200 1166 novans
2229 1110 2317 1179 jus
2357 1111 2789 1181 przetermiserit.
2827 1112 2962 1167 Cum
2999 1129 3127 1168 vero
3169 1116 3566 1190 animadvertat

1996 1216 2055 1256 se
2104 1190 2346 1272 undique
2380 1218 2408 1257 a
2439 1202 2564 1273 jure
2591 1213 2895 1267 extrusum,
2932 1206 2998 1260 ad
3044 1209 3335 1278 potentiam
3377 1209 3568 1264 confu-

1994 1307 2120 1358 gere
2146 1295 2442 1364 excogitat,
2481 1306 2647 1365 atque
2700 1296 2809 1350 imo
2864 1298 2963 1352 viri
3010 1298 3293 1367 cujusdam
3339 1302 3429 1369 qui
3478 1301 3568 1369 ju-

1997 1382 2202 1435 stitiam
2231 1397 2446 1454 seraper
2473 1385 2700 1455 diligere
2728 1386 3103 1443 statuit.lllum
3132 1391 3273 1443 enim
3302 1400 3567 1459 praestau-

1995 1473 2265 1528 tissimmn
2293 1476 2498 1530 invadit
2530 1475 2871 1543 Nestorium,
2905 1495 3009 1533 non
3056 1481 3249 1535 adesse
3292 1481 3563 1537 hominem

1994 1564 2661 1643 conlidens.Propinquos
2693 1570 2745 1623 in
2791 1570 3053 1625 auxilium
3101 1575 3393 1633 advocatis,
3440 1589 3565 1642 pre-

1998 1659 2130 1711 tium
2162 1658 2264 1712 sibi
2284 1658 2502 1727 aliquod
2530 1660 2595 1714 ad
2625 1646 2926 1717 nocendum
2961 1666 3232 1733 aequitatis
3264 1665 3463 1720 famam
3491 1666 3569 1719 ρι’.

316 1723 485 1749 -..πη
555 1723 649 1733 ..ν
689 1723 816 1750 .-ι-,ς
845 1723 1050 1733 μνη.-.
1095 1723 1217 1750 -..Ψ
1256 1723 1459 1744 ....-...,
1491 1723 1581 1733 η...
1620 1723 1732 1743 ---,
1771 1723 1870 1732 ...η

314 1773 479 1827 αὐτοῦ
519 1772 856 1842 πανταχόθεν
895 1772 1150 1834 ἐπαίνους
1178 1772 1484 1826 διαϐάλλειν
1512 1771 1887 1843 πειρώμενος·

1997 1746 2181 1813 ﬁnxit;
2228 1757 2282 1801 et
2330 1723 2396 1802 ad
2439 1746 2697 1816 iniuriam
2731 1723 3197 1822 materiamucapit
3240 1763 3293 1808 et
3322 1756 3568 1824 proprias

317 1866 451 1919 ἀλλά
502 1865 671 1919 ταῦτα
707 1863 894 1935 μαθὼν
920 1865 987 1918 δι’
1020 1865 1196 1935 ὑμῶν,
1234 1864 1471 1919 κωλύσει
1493 1862 1614 1927 ταῖς
1639 1864 1893 1930 ἀπειλαῖς

314 1960 405 2012 τὸν
431 1958 720 2014 ἀδικοῦντα
748 1958 814 2012 δι’
835 1959 1027 2029 ἀνδρὸς
1052 1959 1326 2029 τιμῶντος
1357 1957 1427 2013 τὰ
1456 1959 1665 2015 δίκαια.

875 2132 1020 2202 [ις’.
1059 2130 1310 2189 optem.

394 2224 454 2277 Ὀ
475 2225 575 2294 μὲν
640 2265 656 2280 .
727 2264 742 2280 .
819 2269 832 2282 .
867 2227 944 2297 (1)
971 2226 1285 2299 χαριεῖσθαι
1313 2226 1379 2301 τῇ
1413 2213 1695 2283 παιδεύσει
1723 2233 1786 2300 τῇ
1824 2230 1889 2300 σῇ

315 2316 374 2369 εἰ
394 2333 459 2385 γε
488 2317 570 2369 δεῖ
598 2318 903 2388 γράμματα
970 2359 984 2373 .
1049 2352 1065 2373 ο
1124 2359 1140 2374 .
1200 2321 1298 2374 καὶ
1328 2320 1503 2376 ταῦτα
1524 2318 1694 2393 δήπου
1718 2322 1892 2390 λέγων

315 2407 411 2459 ἐπὶ
451 2406 547 2460 τοῦ
578 2409 808 2479 γράφειν
838 2410 905 2463 άν
959 2449 975 2465 .
1048 2451 1064 2466 .
1142 2452 1157 2466 .
1214 2414 1336 2484 ⁵τῆς
1383 2412 1481 2484 μὲν
1513 2416 1591 2479 είς
1622 2414 1767 2485 ὑμᾶς
1797 2414 1890 2468 εύ-

316 2500 464 2561 νοίας
501 2499 592 2551 τὸν
618 2499 785 2570 ἄνδρα
828 2500 1149 2572 τεθαύμακα
1183 2505 1321 2575 μηδὲ
1362 2506 1454 2558 τὸν
1520 2545 1534 2559 .
1617 2545 1631 2559 .
1718 2546 1731 2559 .
1811 2506 1891 2558 εί-

314 2593 538 2664 δόμενον
567 2592 627 2658 ἐξ
655 2588 729 2648 ὧν
745 2590 885 2648 οἶδεν
914 2596 1040 2665 ὑμῖν
1064 2596 1443 2666 χαριούμενος·
1468 2597 1569 2668 τὴν
1596 2597 1663 2668 δὲ.
1681 2596 1890 2665 σιωπὴν

313 2688 424 2755 ἡγα
500 2727 514 2741 .
588 2727 601 2741 .
676 2727 689 2741 .
763 2686 1067 2759 ἐρυθριῶν·
1098 2688 1193 2741 καὶ
1230 2689 1392 2757 σοφὸν
1422 2688 1561 2759 ἔχων
1586 2689 1888 2742 ἐπιστεῖλαι

319 2778 506 2847 μηδέν.
553 2779 641 2842 Ὠς
668 2779 777 2849 γὰρ
844 2779 941 2832 καὶ
999 2780 1247 2834 Πλάτωνι
1272 2780 1349 2850 τῷ
1383 2782 1676 2851 σοφωτάτῳ
1721 2780 1889 2844 δοκεῖ,

312 2867 412 2919 οὐκ
434 2867 579 2919 ἔστιν
610 2869 810 2939 ἀρετὴν
839 2870 1035 2922 εἰδέναι
1065 2884 1117 2922 τι
1146 2869 1221 2940 μὴ
1250 2872 1363 2931 τοῖς
1388 2867 1570 2940 ἔργοις
1598 2869 1733 2941 πρὸς
1760 2866 1890 2941 ἀρε-

311 2958 410 3029 τὴν
433 2959 786 3030 ἐπειγόμενον
804 2975 818 2989 ⁸
848 2961 876 3012 ὂ
905 2960 960 3012 δὲ
983 2960 1058 3030 μὴ
1087 2960 1234 3014 ἔστιν
1257 2958 1476 3027 εἰδέναι,
1507 2960 1611 3015 κᾶν
1637 2961 1882 3035 ἐρυθριά-

314 3067 472 3119 σαιμι
503 3051 630 3120 περὶ
679 3050 871 3105 τούτου
918 3052 1289 3123 φθεγγόμενος
1318 3067 1335 3083 θ
1378 3053 1471 3106 καὶ
1512 3054 1687 3107 ταῦτα
1718 3054 1886 3105 ποιῶν

311 3142 503 3213 ὥσπερ
542 3141 608 3195 ἂν
630 3141 789 3204 εἴτις
819 3143 1084 3213 μουσικὴν
1114 3145 1236 3213 μηδ’
1279 3142 1413 3214 ὄναρ
1440 3143 1622 3209 εἰδὼς,
1665 3139 1785 3197 εἶτά
1805 3162 1886 3206 τις

326 3233 557 3303 Ὀρφεὺς
602 3230 741 3289 εἶναι
766 3235 933 3305 λέγοι,
966 3238 1035 3290 τὰ
1061 3235 1224 3309 θηρία
1249 3241 1313 3309 τῇ
1341 3240 1478 3310 λύρα
1512 3241 1883 3310 χειρούμενος

312 3326 426 3379 ἀλλ’
461 3326 637 3381 είδέοι
657 3329 765 3382 τῶν
799 3330 1129 3401 κρουμάτων
1158 3331 1492 3401 ἐφάψασθαι,
1526 3334 1699 3401 γέλως
1725 3333 1887 3396 εὐθὺς

310 3421 340 3473 6
372 3421 608 3491 κόμπος,
670 3423 765 3476 καὶ
814 3426 993 3479 πάντα
1024 3425 1090 3496 δὴ
1134 3427 1333 3497 ῥᾳδίως
1366 3428 1680 3499 ἐλέγχεται·
1722 3430 1886 3485 πόθεν

312 3506 406 3568 οὖν
440 3513 511 3587 [ὃ]
548 3515 620 3585 μὴ
645 3518 867 3586 πέφυκα
886 3516 1037 3587 παρὰ
1064 3518 1142 3590 τῷ
1160 3519 1239 3591 σῷ
1266 3520 1394 3591 θείῳ
1420 3521 1731 3593 νομίζομαις
1751 3522 1887 3595 ἔφης

310 3623 364 3660 τι
391 3605 528 3678 πρδς
558 3606 719 3660 αὐτὸν
749 3604 1006 3673 πολλάκις
1033 3610 1183 3681 νόμῳ
1207 3612 1272 3684 δὴ
1294 3612 1475 3681 φιλίας
1494 3616 1885 3687 ἀποσεμνύνων

311 3698 411 3768 ἐμέ
431 3715 445 3728 °
483 3700 510 3751 6
546 3698 602 3751 δὲ
635 3699 725 3752 τὸν
765 3697 931 3754 πόθον
962 3701 1024 3754 ού
1060 3702 1298 3769 σκοπῶν,
1330 3701 1447 3758 ἀλλ’
1477 3709 1541 3760 ἐκ
1563 3707 1672 3761 τῶν
1708 3709 1887 3781 ἔργων

312 3786 452 3843 εἶναι
508 3790 635 3853 τοὺς
669 3790 863 3860 λόγους
912 3793 1192 3863 οἰόμενος,
1246 3792 1469 3850 ἀπαιτεῖ
1516 3800 1768 3868 γενέσθαι
1818 3820 1885 3872 με

308 3881 552 3936 τοιοῦτον
576 3877 686 3935 οἷον
713 3899 781 3952 με
807 3884 920 3946 τοῖς
947 3882 1124 3952 λόγοις
1168 3885 1502 3952 ἀνέπλασας,
1528 3889 1622 3942 καὶ
1659 3890 1754 3943 τοῦ
1791 3891 1885 3943 σοῦ

308 3975 540 4045 ψεύδους
600 3975 692 4030 νῦν
743 3978 974 4042 εὐθύνας
1021 3979 1450 4049 εἰσπράττονταο
1487 3982 1582 4034 καὶ
1623 3981 1887 4053 διελέγχω

311 4084 408 4119 σου
442 4068 566 4131 τοὺς
592 4068 803 4138 λόγους,
834 4070 934 4122 οὐκ
960 4069 1099 4140 ἔχων
1124 4071 1325 4141 ἀρετῆς
1355 4071 1609 4140 γενέσθαι
1629 4073 1887 4127 διδάσκα-

306 4156 428 4219 λος’
480 4156 620 4229 πλὴν
682 4158 870 4231 ἐπειδὴ
897 4159 1056 4235 ,πρὸς
1096 4160 1155 4213 σέ
1185 4177 1275 4231 μοι
1318 4162 1387 4214 τὰ
1432 4161 1759 4232 γράμματα,
1795 4163 1883 4216 δο-

308 4251 396 4302 κεῖ
437 4248 501 4320 δὴ
552 4249 715 4303 πάλιν
765 4250 1087 4322 θαυμάζειν,
1143 4250 1231 4306 τνα
1296 4252 1370 4324 μὴ
1410 4254 1604 4307 σαυτὸν
1653 4254 1887 4325 ἐλέγχῃς

304 4338 658 4409 ψευδόμενον.
1140 4348 1146 4354 “
1726 4389 1732 4394 .
1776 4350 1778 4353 ’

862 4511 985 4564 ιη’.
1018 4511 1322 4582 ΔΙΟΔΩΡῼ.

388 4600 625 4654 ὐϐολοῖν
683 4598 778 4654 τοῦ
838 4601 1129 4670 Εὐριπίδου
1184 4602 1392 4671 ῥακίων
1414 4602 1514 4675 τὴν
1533 4603 1673 4677 ἐμὴν
1700 4605 1881 4661 οἰκίαν

302 4692 569 4763 ἐπλησας,
600 4691 877 4764 ἁδωνάρια
912 4692 1137 4762 πέμψας
1165 4693 1408 4765 ἄρυθμα,
1451 4694 1596 4751 καθά
1620 4713 1705 4749 σοι
1727 4698 1880 4766 φίλον

302 4787 514 4851 καλεῖν,
576 4786 672 4840 καὶ
718 4784 953 4856 βλαύτας
996 4776 1446 4855 ἀμούσους,”καὶ
1504 4787 1878 4860 άφικράτιδας

300 4880 388 4947 ἐφ’
420 4872 506 4940 αἷς
537 4878 585 4931 εί
606 4878 701 4931 καὶ
748 4876 871 4947 μέγ’
920 4876 1205 4946 οἰμώξειεν
1235 4878 1264 4931 6
1292 4879 1599 4949 στρατηγὸς
1631 4879 1878 4950 Ἰφικρά-

298 4984 402 5040 της
456 4967 576 5023 οὐδὲ
622 4969 723 5040 τῆς
767 4969 1024 5038 Ἀττικῆς
1049 4968 1348 5039 φερούσαις
1369 4960 1696 5042 τεκμήριον.
1742 4972 1878 5025 esse

300 5059 413 5129 γὰρ
445 5060 608 5131 χάριν
635 5058 757 5113 τινὰ
781 5058 875 5111 καὶ
904 5060 1095 5112 πεῖναν
1120 5059 1376 5129 μελίττης
1417 5058 1712 5130 Ὑμηττίου
1738 5078 1881 5133 παρ-

300 5154 541 5222 έχονται,
574 5152 695 5206 ούδέ
723 5151 967 5223 βοῶσιτῇ
985 5152 1094 5222 θέᾳ
1122 5152 1221 5223 τὴν
1247 5152 1527 5223 Ἀττικὴν,
1554 5156 1611 5208 ἐν
1684 5157 1882 5226 Μαρα-

300 5243 412 5296 θὼν
452 5241 548 5296 κα)⁸
579 5241 843 5311 Σαλαμὶς,
866 5242 959 5295 καὶ
987 5240 1184 5311 ἄνδρες
1214 5240 1533 5311 ἐλευθερίας
1562 5242 1656 5295 καὶ
1683 5244 1887 5315 φρονή-

302 5350 473 5404 ματος
537 5333 788 5401 ἐρασταὶ,
820 5330 881 5383 ού
912 5331 990 5401 μὰ
1021 5331 1120 5383 Δία
1175 5331 1306 5401 παρ’
1343 5332 1472 5403 ύμῖν
1523 5332 1699 5404 μούσῃ
1732 5351 1884 5388 τετε-

298 5423 572 5495 λεσμένοι·
594 5423 661 5477 τά
682 5422 791 5495 γὰρ
811 5423 1121 5496 ὑμέτερα...
1144 5423 1259 5477 ἀλλ’
1278 5421 1522 5494 εΰστομα
1546 5424 1778 5479 κείσθωο
1809 5429 1884 5498 μή

1996 1837 2184 1892 laudes
2209 1838 2447 1907 undique
2480 1854 2738 1910 spargere
2765 1842 2974 1896 nititur.
3008 1841 3114 1897 Sed
3147 1855 3431 1913 postquam
3456 1845 3569 1917 hare

1994 1945 2093 1999 per
2128 1945 2229 1986 nos
2273 1932 2544 1999 didicerit,
2598 1933 2761 1987 minis
2798 1936 3119 2004 prohibebit
3168 1952 3291 1992 eum
3338 1928 3427 2007 qui
3475 1952 3571 2008 per

1997 2023 2172 2075 virum
2214 2023 2354 2090 juris
2377 2025 2921 2079 observantissimum
2955 2028 3211 2097 injuriam
3239 2030 3390 2086 facit.

2491 2116 2780 2173 LXXXVI.
2819 2118 3077 2175 ORIONI.

2069 2202 2158 2258 Ille
2180 2204 2397 2273 quidem
2440 2206 2614 2276 (dicit)
2641 2223 2700 2261 se
2727 2211 3034 2278 disciplinae
3063 2220 3167 2266 tute
3193 2213 3529 2270 tributurum
3549 2257 3567 2281 ,

1994 2298 2037 2351 si
2085 2307 2299 2366 Oportet
2348 2300 2551 2369 scripta
2599 2300 2739 2370 (mea
2770 2303 3133 2359 admiratione
3176 2308 3475 2377 prosequi),
3515 2313 3581 2364 et

1995 2391 2108 2450 haec
2167 2391 2353 2445 dicens
2397 2391 2462 2444 de
2512 2392 2648 2463 (tua)
2691 2396 2963 2448 scribendi
3011 2396 3170 2465 (arte,
3225 2414 3327 2451 non
3374 2402 3568 2469 errat).

1995 2479 2181 2534 Virum
2210 2482 2426 2549 quidem
2464 2493 2684 2554 propter
2736 2486 2878 2538 hanc
2917 2486 2968 2539 in
3010 2501 3107 2541 vos
3136 2488 3566 2560 benevolentiam

1996 2575 2223 2629 miratus
2251 2590 2410 2643 sum;
2451 2591 2559 2628 non
2594 2587 2772 2631 autent
2816 2577 2957 2632 illius
2989 2580 3201 2649 (miror)
3232 2584 3567 2648 prudentiam

1993 2664 2045 2717 in
2084 2665 2148 2718 iis
2171 2681 2291 2734 quae
2319 2666 2469 2719 vobis
2495 2668 2702 2720 tribuit.
2728 2668 2958 2723 Silentio
2990 2680 3112 2724 utor
3142 2673 3489 2740 erubescens,
3516 2684 3571 2730 ct

1994 2755 2129 2810 nihil
2158 2758 2375 2824 sapiens
2428 2757 2783 2811 scribendum
2832 2760 3055 2814 habens.
3097 2761 3161 2816 Ut
3187 2763 3331 2816 enim
3377 2775 3432 2818 et
3473 2765 3570 2819 do-

1993 2847 2235 2902 ctissimo
2264 2847 2473 2903 Platoni
2502 2848 2735 2916 videtur,
2775 2864 2997 2907 noscere
3020 2854 3271 2909 virtutem
3305 2870 3409 2909 non
3441 2855 3570 2912 licet

1991 2942 2043 2995 ei
2068 2942 2157 3010 qui
2194 2957 2298 2995 non
2341 2957 2435 3011 per
2475 2957 2636 3012 opera
2686 2945 2752 2998 ad
2794 2946 3047 3000 virtutem
3098 2958 3365 3015 prolierat.
3413 2949 3566 3015 Quod

1993 3043 2173 3085 autem
2201 3036 2343 3088 seire
2376 3050 2478 3087 non
2514 3035 2661 3099 licet,
2698 3036 2765 3091 de
2808 3037 2910 3091 hoc
2936 3038 3081 3108 loqui
3113 3054 3200 3093 me
3230 3042 3488 3109 puderet;
3512 3053 3567 3098 et

1990 3126 2042 3179 id
2067 3125 2275 3181 faciens
2299 3126 2495 3181 similis
2521 3142 2724 3194 essem,
2753 3144 2818 3184 ac
2847 3130 2890 3184 si
2927 3131 3049 3199 quis
3082 3134 3344 3189 musicam
3367 3151 3445 3189 ne
3468 3152 3567 3206 per

1989 3218 2258 3281 somnium
2303 3219 2520 3287 quidem
2566 3223 2765 3288 sciens,
2798 3223 2993 3277 deinde
3036 3239 3098 3279 se
3138 3226 3414 3295 Orpheum
3442 3243 3564 3285 esse

1989 3311 2235 3375 diceret»
2258 3309 2403 3366 feras
2466 3312 2579 3383 lyra
2626 3316 3145 3372 mansuefacienlem
3184 3335 3202 3387 ;
3241 3330 3297 3375 at
3345 3336 3474 3377 vero
3513 3325 3558 3379 si

1987 3410 2263 3470 oporteret
2288 3402 2648 3459 instrumenta
2697 3408 2988 3477 attingere,
3041 3411 3208 3465 risum
3254 3415 3438 3467 statim
3474 3414 3563 3483 ja-

1990 3491 2196 3546 ctantia
2234 3505 2496 3558 moveret,
2535 3508 2588 3550 et
2609 3498 2789 3550 omnia
2820 3513 2952 3553 sane
2982 3500 3143 3555 facile
3173 3503 3565 3575 redargueren-

1990 3590 2099 3636 tur.
2133 3579 2249 3635 Non
2283 3583 2445 3653 igitur
2470 3585 2559 3652 qui
2596 3600 2739 3648 sum,
2789 3586 2837 3641 is
2877 3603 2907 3641 a
2940 3597 3029 3642 tuo
3073 3592 3337 3646 avunculo
3369 3595 3561 3649 existi-

1987 3688 2129 3728 mor.
2172 3674 2389 3745 Aliquid
2446 3676 2495 3730 ei
2525 3678 2726 3746 saepius
2770 3692 2836 3733 ex
2885 3682 3139 3736 amicitiae
3188 3683 3307 3754 lege
3355 3687 3559 3756 dixisti,

1987 3765 2241 3839 laudandi
2279 3768 2383 3821 tnei
2414 3771 2609 3838 gratia.
2639 3767 2734 3824 Ille
2767 3781 2946 3825 autem
2976 3788 3084 3827 non
3112 3788 3349 3831 amorem
3377 3782 3561 3833 consi-

1988 3858 2186 3915 derans
2213 3900 2228 3926 ,
2274 3862 2366 3915 sed
2394 3877 2460 3916 ex
2503 3863 2759 3931 operibus
2796 3867 2957 3919 verba
2986 3881 3108 3922 esse
3142 3867 3285 3923 dicta
3342 3881 3561 3940 putans,

1990 3966 2077 4004 me
2109 3950 2270 4005 talem
2299 3967 2419 4007 esse
2452 3954 2621 4023 exigit
2649 3958 2864 4025 qualem
2904 3973 2989 4013 me
3016 3962 3197 4014 verbis
3224 3960 3476 4017 eﬂinxisti
3506 3975 3564 4020 et

1991 4042 2068 4095 tui
2100 4042 2365 4115 mendacii
2399 4046 2641 4099 rationes
2671 4056 3032 4115 repetentem.
3052 4049 3165 4104 Tua
3195 4062 3370 4106 autem
3397 4056 3560 4110 verba

1987 4148 2117 4188 sane
2154 4114 2440 4201 redarguo,
2487 4150 2607 4189 eum
2657 4151 2760 4188 non
2807 4138 3007 4203 possim
3057 4138 3270 4193 virtutis
3308 4142 3564 4210 magister

1989 4227 2124 4281 ﬁeri.
2156 4227 2450 4293 Postquam
2486 4244 2616 4282 vero
2643 4230 2709 4284 ad
2747 4240 2799 4284 te
2839 4246 2971 4285 mem
3000 4232 3194 4287 littera:
3218 4238 3560 4305 perveniunt,

1988 4318 2204 4372 videtur
2234 4321 2453 4389 quidem
2492 4338 2681 4376 rursus
2713 4324 2920 4391 tnirari,
2964 4340 3033 4379 ne
3070 4327 3301 4397 teipsutn
3342 4331 3565 4385 menda-

1915 4419 1963 4476 ι)
1989 4424 2107 4466 cem
2142 4411 2311 4467 fuisse
2340 4412 2731 4481 deprehendas.

2442 4501 2750 4559 LXXXVII.
2783 4506 3103 4564 DIODORO.

2059 4593 2282 4652 Laceris
2328 4596 2605 4666 Euripidis
2645 4600 2906 4665 vestibus,
2955 4617 3076 4673 qua;
3125 4604 3334 4662 duobus
3383 4608 3559 4667 obolis

1988 4694 2319 4751 emerentur,
2365 4702 2538 4742 meam
2587 4686 2806 4742 domum
2851 4689 3118 4757 implesti,
3156 4709 3388 4751 venerea
3442 4700 3561 4756 sine

1989 4776 2247 4847 rhythmo
2273 4792 2440 4847 opera
2474 4778 2718 4843 mittens,
2754 4788 2810 4834 ut
2851 4790 2901 4833 te
2940 4795 3003 4834 ea
3051 4798 3245 4839 vocare
3282 4787 3463 4855 juvat,
3503 4800 3558 4846 et

1988 4870 2350 4925 calceamenta
2378 4871 2525 4941 pocsi
2556 4872 2823 4932 carentia.
2847 4881 2902 4927 et
2934 4871 3291 4944 Iphicratidas
3327 4880 3395 4935 de
3437 4885 3559 4950 qui-

1989 4962 2091 5015 bus
2120 4962 2285 5016 etiam
2316 4964 2706 5032 ingemuissent
2731 4964 2835 5018 duo
2865 4962 3183 5034 Iphicrates,
3213 4971 3412 5040 quippe
3440 4987 3562 5041 qua:

1989 5055 2184 5109 Atticae
2203 5054 2414 5120 signqu
2447 5070 2554 5109 non
2587 5054 2783 5108 ferant.
2808 5053 2926 5109 Non
2950 5057 3092 5110 enim
3113 5060 3343 5128 gratiam
3369 5077 3564 5131 quam-

1988 5148 2110 5201 dam
2148 5156 2202 5201 et
2244 5145 2443 5200 famem
2488 5146 2605 5215 apis
2650 5145 2939 5216 Hymettia:
2978 5158 3388 5218 prtestant,nec
3416 5157 3559 5209 Atti-

1989 5253 2109 5293 cam
2145 5238 2211 5293 ad
2249 5237 2616 5307 spectaculum
2656 5237 2891 5292 clamose
2916 5251 3113 5295 vocant
3149 5243 3200 5294 in
3237 5258 3355 5311 qua:
3383 5244 3556 5298 Mara—

1990 5332 2119 5385 thon
2142 5340 2197 5385 et
2220 5330 2473 5395 Salamis,
2512 5339 2568 5385 et
2596 5330 2697 5385 viri
2725 5330 2990 5387 libertatis
3017 5342 3070 5387 et
3102 5333 3285 5411 gloria:
3316 5348 3560 5391 amantes

1991 5440 2119 5492 non,
2152 5424 2435 5491 bercle,ea
2466 5438 2587 5494 quae
2616 5425 2753 5494 apud
2782 5439 2876 5480 vos
2899 5434 2983 5480 est
3010 5441 3160 5488 musa
3174 5428 3400 5498 perfecti
3427 5429 3556 5485 sint.

298 5536 351 5573 τι
392 5518 487 5572 καὶ
506 5517 654 5573 λάθω
677 5515 1082 5588 φθεγξάμενος
1114 5516 1180 5571 τὰ
1216 5518 1313 5588 μὲν
1352 5518 1419 5573 σά
1448 5517 1597 5589 δῶρα
1628 5518 1875 5574 τοιαῦται

1991 5517 2178 5571 Vestra
2218 5517 2496 5573 enimvero
2538 5514 2640 5570 alia
2672 5515 2966 5588 prudenter
3005 5518 3223 5575 silentio
3265 5528 3459 5589 tegam,
3492 5533 3560 5576 ne

1338 5629 1343 5633 '
1814 5612 2043 5670 NOT/E.

377 5708 453 5777 (ι)
490 5705 548 5761 In
582 5706 667 5762 bis
699 5705 907 5764 lacunis
933 5708 1172 5778 corrupti
1202 5708 1391 5764 mador
1455 5708 1658 5766 codicis
1694 5723 1866 5777 pauca
1898 5713 2061 5768 verba
2092 5707 2393 5776 perierunt.
