4046 6386
603 218 752 303 2787.

1879 236 2234 296 PROCOPII
2278 237 2522 296 GAZ/EI

3712 239 3859 300 2788

605 349 735 421 quid
770 347 972 404 inscius
1005 346 1203 412 dicam.
1246 344 1398 400 Talia
1444 353 1572 400 sunt
1610 346 1825 414 quidem
1877 356 1963 399 tua
2007 347 2166 400 dona.

2273 345 2343 400 τά
2385 346 2442 400 δὲ
2485 347 2750 418 ήμέτερα,
2801 350 2905 402 κᾶν
2960 348 3124 412 αὐτὸς
3181 349 3524 412 ἐπαινέσειας
3586 351 3730 404 οῦτω
3785 356 3856 423 τῇ

604 441 798 496 Nosne
841 454 971 494 vero
1019 448 1075 494 et
1103 440 1216 508 ipse
1241 438 1516 502 laudares,
1567 452 1690 492 cum
1722 438 1858 493 adeo
1886 440 2058 492 ventri
2087 438 2164 492 in-

601 531 844 600 dulgeas.
878 528 1113 585 Gulosus
1139 530 1282 583 enim
1317 544 1440 582 cum
1476 528 1574 594 sis,
1603 537 1660 582 et
1684 528 1889 582 ventris
1920 529 2168 597 explendi

599 638 786 676 curam
840 623 1059 686 habeas,
1107 630 1162 675 et
1193 622 1337 676 escis
1379 637 1630 691 magnam
1683 621 1994 676 felicitatem
2053 637 2168 676 me-

600 713 775 779 tiaris,
813 714 858 767 si
906 713 1036 782 quid
1077 711 1220 767 forte
1259 713 1482 782 iucundi
1529 722 1759 766 venatus
1790 713 1887 775 sis,
1923 711 2170 781 protinus

599 803 846 858 extendis
887 805 1122 871 linguam
1178 811 1238 856 ut
1286 803 1507 871 quidam
1562 802 1695 870 Ajax
1735 802 2006 870 ingentem
2060 803 2170 878 cly-_

599 908 781 964 peum.
813 893 881 949 Et
915 893 1070 948 testis
1097 902 1183 948 εει
1211 894 1340 948 liora
1369 908 1474 963 qua
1517 894 1818 962 placentam
1855 893 1994 962 apud
2035 892 2169 948 alios

598 985 900 1055 abripiens,
932 991 1102 1038 totam
1129 984 1311 1038 statim
1349 983 1402 1039 in
1437 999 1500 1039 os
1533 984 1824 1039 immisisti.

1032 1071 1363 1128 LXXXVIII.
1394 1073 1718 1130 CYIIIACO.

667 1167 910 1233 Quantas
957 1165 1048 1220 filii
1097 1165 1341 1237 patribus
1388 1167 1592 1237 gratias
1641 1167 1897 1234 debeant,
1933 1181 2041 1222 non
2075 1182 2168 1237 ap-

606 1259 779 1327 prime
805 1258 946 1311 scire
976 1257 1120 1323 licet,
1153 1258 1254 1311 nisi
1307 1259 1438 1327 quis
1469 1268 1524 1311 et
1570 1257 1684 1328 ipse
1736 1258 1966 1313 filiorum
2021 1268 2172 1328 pater

596 1347 703 1412 sit;
727 1363 794 1401 ex
821 1361 885 1400 eo
915 1347 1057 1400 enim
1088 1361 1274 1400 amore
1303 1363 1412 1416 quo
1452 1346 1594 1402 filios
1622 1348 2006 1417 complectitur
2035 1349 2171 1403 sciet

594 1437 819 1492 omnino
865 1437 1052 1506 quales
1113 1439 1167 1491 in
1220 1438 1392 1507 ipsum
1444 1438 1646 1492 fuerint
1720 1440 2014 1508 genitores.
2067 1441 2169 1507 Qui

598 1538 779 1582 tamen
815 1527 987 1582 musis
1023 1527 1326 1598 indulgent,
1361 1537 1418 1581 et
1456 1538 1582 1582 ante
1609 1531 2038 1597 experimentum
2085 1546 2172 1584 ra-

2269 437 2468 508 γαστρὶ
2490 438 2847 508 χαριζόμενος
2876 455 2891 469 ·
2929 440 3107 508 λίχνος
3159 439 3269 510 γάρ
3298 458 3380 504 τις
3403 441 3498 502 ὢν,
3542 442 3638 495 καὶ
3665 441 3726 494 τὸ
3755 458 3860 510 γα-

2273 528 2586 598 στρίζεσθαι
2626 531 2863 601 μελέτην
2917 537 3306 604 πεποιημένος,
3357 533 3448 584 καὶ
3480 532 3728 603 βρώμασι
3753 532 3862 603 τὴν

2272 620 2517 690 μεγάλην
2562 623 2903 692 εὐδαιμονίαν
2964 624 3202 694 μετρῶν,
3231 625 3285 676 εί
3330 624 3382 677 τί
3435 641 3538 676 που
3584 623 3859 694 θηράσαις

2234 708 2237 711 ’
2269 710 2392 781 ἡδὺ,
2425 712 2750 782 ι’προτείνεις
2807 713 3014 776 εὐθέως
3043 713 3142 784 τὴν
3189 711 3456 782 γλῶτταν,
3496 713 3747 782 καθάπερ
3773 731 3858 776 τις

2267 803 2401 867 Αἴας
2433 803 2531 876 τὴν
2563 804 2806 876 μεγάλην
2861 805 3095 859 ἀσπίδαο
3125 805 3220 859 xui.
3274 803 3488 875 μάρτυς
3511 805 3540 856 ὁ
3571 803 3760 874 καιρὸς
3797 805 3859 856 ὲν

2267 891 2313 966 ᾧ
2332 899 2424 952 τὸν
2467 897 2778 953 πλακοῦντα
2828 897 2958 969 παρ’
2985 899 3188 970 ἐτέρων
3237 900 3593 972 ἁφήρπασας,
3617 893 3737 952 ὅλον
3755 895 3856 950 εὖ·

2271 989 2369 1056 θὺς
2403 989 2783 1062 παραπέμψας
2809 991 2887 1062 τῷ
2917 991 3166 1060 στόματι.

2811 1078 2942 1135 II-H'.
2972 1081 3301 1152 ΚΥΡΙΑΚῼ.

2345 1173 2518 1228 Ὀσον
2557 1173 2606 1226 oi
2644 1173 2833 1236 παῖδες
2853 1172 2971 1236 -τοῖς
3009 1171 3281 1243 πατράσιν
3295 1167 3567 1240 ὀφείλουσι
3596 1171 3851 1243 χάριτας,

2275 1266 2374 1320 οὐκ
2406 1264 2552 1319 ἐστιν
2583 1265 2779 1340 εἰδέναι
2814 1263 2950 1336 πρὸς
3006 1263 3186 1328 ἀξίαν,
3227 1264 3275 1316 εί
3332 1264 3405 1334 μή
3443 1279 3528 1326 τις
3561 1265 3653 1317 καὶ
3685 1265 3854 1327 αὐτὸς

2276 1358 2486 1411 παίδων
2513 1356 2749 1428 ὑπάρχει
2780 1358 2998 1426 πατήρ·
3037 1355 3098 1408 τό
3138 1373 3197 1408 τε
3228 1354 3335 1426 γὰρ
3381 1355 3438 1422 ἐξ
3475 1352 3543 1428 ἦς
3570 1356 3681 1425 ἔχει
3710 1356 3854 1426 πρὸς

2272 1446 2400 1508 τοὺς
2434 1447 2634 1508 παῖδας
2701 1448 2957 1516 στοργῆς,
3007 1446 3211 1499 εἵσεται
3262 1447 3482 1509 πάντως
3530 1449 3670 1499 ποῖοι
3706 1442 3853 1516 πρὸς

2276 1536 2440 1590 αὑτὸν
2479 1537 2726 1608 ὑπῆρξαν
2788 1536 2838 1588 οἱ
2879 1536 3150 1604 φύσαντες
3171 1551 3203 1613 Ἰ
3231 1536 3370 1608 πλὴν
3402 1537 3516 1590 ὅσοι
3545 1540 3666 1600 ταῖς
3713 1537 3853 1606 μού-

598 1618 740 1672 tione
765 1632 948 1671 verum
973 1618 1296 1686 dijudicant.
1331 1617 1482 1672 Unde
1511 1618 1666 1674 decet
1695 1628 1746 1673 te
1766 1634 1890 1690 erga
1915 1629 2166 1690 parentes

2273 1646 2395 1692 σαις
2420 1628 2755 1694 ἀνάκεινται,
2811 1629 2908 1682 καὶ
2945 1629 3052 1700 πρὸ
3102 1628 3199 1697 τῆς
3241 1629 3434 1699 πείρας
3471 1629 3612 1699 λόγῳ
3637 1629 3853 1700 τάληΘῆ

597 1708 756 1762 talem
787 1708 1041 1777 esse,qui
1073 1707 1211 1762 forte
1249 1710 1370 1778 plus
1405 1725 1564 1778 quam
1631 1712 1814 1764 caeteri
1846 1711 2170 1766 benevolen-

593 1800 684 1854 tia:
711 1799 1030 1870 largiuntur.
1064 1800 1401 1870 Quapropter
1451 1817 1536 1858 me
1560 1803 1626 1857 ad
1672 1806 1809 1858 hanc
1829 1805 2169 1859 scribendam

592 1880 874 1962 epistolam
918 1905 1222 1957 moverunt,
1258 1897 1566 1950 mercedem
1605 1908 1887 1966 paternam
1924 1913 1954 1950 a
1991 1907 2044 1952 te
2089 1913 2169 1953 re-

593 1993 865 2052 petentes,
894 1992 952 2036 nt
998 1998 1103 2038 non
1153 1985 1445 2040 erubescas
1501 1985 1658 2038 talem
1712 2001 1842 2050 esse,
1869 1987 2082 2057 qualem
2120 1997 2172 2043 te

593 2076 806 2138 volunt,
832 2084 887 2130 et
915 2074 1056 2129 Deus
1081 2086 1137 2130 te
1163 2075 1215 2130 in
1247 2076 1407 2129 fluent
1442 2077 1648 2134 tulerit.
1671 2075 1826 2131 Tunc
1856 2079 1999 2133 enim
2038 2078 2172 2148 ipsis

589 2183 741 2225 mors
781 2168 892 2234 ipsa
923 2167 1058 2221 levis
1084 2168 1210 2231 erit,
1240 2168 1539 2224 scientibus
1584 2169 1798 2237 qualem
1829 2171 1910 2226 sui
1949 2172 2172 2241 generis

595 2257 916 2328 reliquerint
943 2273 1340 2314 successorem.

592 2446 877 2503 LXXXIX.
901 2445 1272 2505 ZACIIAerE
1297 2447 1382 2501 ET
1407 2447 1729 2505 PIIILIPPO
1750 2450 2168 2509 FRATBIBUS.

661 2540 760 2603 Qui
793 2554 912 2594 eam
937 2554 1034 2608 pro
1053 2540 1203 2592 vobis
1220 2540 1428 2608 accepit
1457 2541 1760 2608 epistolam,
1784 2541 1963 2616 Patris
1983 2544 2169 2616 Optimi

598 2635 653 2682 ct
678 2628 945 2696 justitiam
975 2629 1202 2684 colentis
1226 2639 1279 2684 et
1307 2630 1450 2684 inter
1478 2647 1666 2687 omnes
1699 2630 1876 2701 justos
1909 2637 2168 2691 celebrati

592 2722 732 2774 filius
763 2731 863 2775 est.
915 2723 1164 2788 Quandiu
1211 2723 1464 2780 Mercurii
1499 2729 1752 2794 templum
1812 2726 2171 2798 frequentavit

590 2812 928 2878 adolescens,
973 2825 1028 2868 et
1070 2825 1276 2868 naturai
1318 2816 1422 2869 vim
1458 2819 1696 2871 ostendit
1723 2826 1777 2872 et
1807 2822 2056 2873 ardorem
2083 2821 2169 2875 in-

591 2905 879 2973 trepidum.
904 2905 968 2960 Et
994 2923 1136 2961 nunc
1162 2909 1226 2960 ad
1261 2909 1641 2978 imperatorem
1675 2912 1920 2966 ascendit
1947 2913 2155 2981 legibus

2269 1722 2635 1792 διακρίνουσιν
2658 1738 2673 1754 ο
2708 1722 2832 1775 ὅθεν
2869 1739 2929 1775 σε
2964 1721 3204 1776 τοιοῦτον
3259 1724 3387 1792 περὶ
3429 1723 3558 1786 τοὺς
3590 1722 3853 1786 τεκόντας

2271 1815 2540 1886 προσήκει
2576 1813 2853 1882 γενέσθαι,
2872 1812 2920 1867 οἳ
2945 1813 3086 1883 τάχα
3119 1813 3228 1866 τῶν
3254 1813 3426 1866 ἄλλων
3453 1815 3615 1866 πλέον
3645 1814 3724 1875 είς
3757 1812 3854 1864 εῦ-

2270 1922 2420 1960 νοιαν
2445 1905 2862 1976 συνεισφέρουσι
2882 1922 2898 1938 ο
2927 1906 3008 1959 διό
3042 1922 3110 1974 με
3163 1905 3256 1958 καὶ
3280 1904 3413 1976 πρὸς
3444 1904 3544 1975 τὴν
3566 1904 3854 1974 παροῦσαν

2270 1995 2559 2069 ἐπιστολὴν
2581 1997 2926 2069 κεκινήκασι,
2951 1995 3142 2068 μισθὸν
3171 1993 3451 2059 αίτοῦντές
3470 2013 3529 2049 σε
3556 1995 3852 2067 πατρικὸν,

2269 2090 2332 2144 τὺ
2365 2089 2440 2161 μὴ
2469 2089 2830 2162 καταισχῦναι
2850 2107 2909 2144 σε
2933 2088 3192 2154 τοιοῦτον,
3221 2083 3330 2142 οἷον
3351 2089 3502 2143 αὐτοί
3535 2106 3596 2142 τε
3630 2087 3852 2159 βούλον-

2271 2198 2386 2246 ται,
2429 2181 2526 2235 καὶ
2587 2181 2719 2245 Θεὸς
2776 2183 2856 2246 είς
2910 2181 3084 2252 πέρας
3113 2181 3326 2249 ἐνέγκοι
3348 2197 3363 2212 ο
3385 2180 3504 2234 τότε
3527 2181 3636 2250 γὰρ
3667 2180 3851 2242 αὐτοῖς

2272 2273 2368 2326 καὶ
2392 2271 2621 2335 Θάνατος
2661 2273 2822 2343 ῥέων,
2871 2254 3262 2350 ἐπισταμένοις
3297 2269 3408 2326 οἷον
3456 2271 3701 2342 διάδοχον
3751 2269 3848 2358 τρῦ

2271 2363 2460 2433 γένους
2490 2364 2778 2417 ἀπέλιπον.

2406 2455 2531 2528 nor.
2565 2453 2866 2526 ΖΑΧΛΡΙᾼ
2896 2454 3015 2508 ΚΑι
3041 2449 3323 2526 onmno
3352 2453 3703 2509 ΔΔΕΛΦΟΙΣ.

2353 2546 2412 2600 '0
2439 2545 2642 2618 ταύτην
2660 2545 2795 2618 πρὸς
2821 2546 2964 2614 ὑμᾶς
2987 2544 3164 2600 λαϐὼν
3183 2545 3286 2615 τὴν
3303 2545 3613 2612 ἐπιστολὴν,
3644 2544 3850 2610 πατρὸς

2273 2641 2481 2710 ἀγαθοῦ
2514 2641 2727 2710 πέφυκε
2756 2639 2849 2694 τοῦ
2875 2640 2942 2693 τά
2966 2640 3179 2711 χρηστὰ
3203 2639 3490 2709 τιμῶντος,
3512 2637 3606 2691 καὶ
3630 2637 3687 2689 ἐν
3713 2637 3851 2689 πᾶσι

2272 2731 2502 2794 δικαίοις
2563 2728 3000 2802 γνωριζομένου·
3043 2731 3124 2792 είς
3169 2727 3368 2806 Ἑρμοῦ
3411 2729 3468 2781 δὲ
3523 2728 3782 2798 φοιτήσας
3821 2728 3852 2778 ὁ

2273 2825 2411 2884 νέος,
2445 2821 2661 2889 φύσεώς
2709 2838 2769 2874 τε
2815 2820 3006 2891 ῥώμην
3050 2819 3382 2885 ἐπεδείξατο,
3427 2819 3518 2873 καὶ
3542 2816 3853 2890 προθυμίαν

2274 2911 2644 2982 ἀοκνοτάτην·
2688 2909 2783 2963 καὶ
2811 2909 2907 2962 νῦν
2940 2906 3077 2979 πρὸς
3114 2907 3342 2978 βασιλέα
3379 2905 3576 2975 ἀνῆλθε
3611 2905 3854 2977 προσλα-

593 2999 814 3052 studere
845 2998 1051 3064 volens,
1091 3009 1150 3053 ut
1191 3000 1414 3068 prodeat
1441 3011 1646 3065 orator,
1683 3003 1804 3056 vita:
1847 3003 2151 3057 institutum

2272 3001 2381 3054 ϐεῖν
2404 3002 2530 3065 τοὺς
2562 2971 2759 3069 νόμους
2811 2971 3155 3070 βουλόμενος,
3182 2998 3331 3060 ὅπως
3381 2971 3620 3069 προέλθῃ
3655 2971 3852 3067 ’ῥήτωρ

592 3092 840 3160 corporis
866 3093 1048 3162 specie
1072 3096 1336 3157 revelatis,
1362 3106 1416 3148 et
1441 3094 1619 3162 lingua
1655 3097 1815 3147 verba
1853 3095 2156 3164 proferens.

592 3181 710 3236 Non
742 3197 874 3236 sane
904 3185 1110 3251 justum
1144 3192 1262 3237 erat
1294 3183 1438 3236 illius
1460 3186 1524 3236 ad
1554 3200 1649 3238 vos
1673 3183 2059 3253 profectionem
2088 3187 2162 3240 si-

593 3273 758 3327 lentio
791 3275 1092 3343 praeterire,
1133 3276 1247 3342 qtti,
1281 3291 1400 3328 cum
1444 3291 1633 3328 omnes
1659 3292 1687 3327 a
1726 3292 1808 3329 me
1845 3277 2164 3331 informatas

587 3372 850 3430 tanquam
887 3365 1024 3417 Iilios
1053 3366 1333 3432 repntetis,
1357 3376 1409 3418 et
1463 3367 1512 3418 in
1557 3367 1702 3418 illum
1743 3381 1848 3420 non
1880 3382 2153 3437 quamque

592 3452 840 3509 obtinere
864 3455 1292 3509 benevolentiam
1318 3457 1668 3526 ctliiliebitis.

1115 3545 1230 3600 XC.
1260 3544 1634 3602 EUilEt‘iIONI.

663 3632 1086 3688 Celeberrimum
1119 3635 1336 3699 Ierium,
1367 3652 1488 3690 eum
1529 3639 1618 3704 qui
1663 3638 1800 3704 apud
1842 3653 1940 3692 nos
1990 3639 2153 3693 Italo-

581 3715 714 3778 rrum
764 3726 941 3794 lingua
993 3742 1113 3783 reos
1145 3729 1408 3791 defendit,
1441 3741 1494 3783 et
1533 3730 1687 3783 bonis
1723 3733 1962 3785 moribus
1997 3734 2169 3802 magis

594 3831 758 3885 quam
792 3819 1018 3873 scientia
1049 3831 1294 3886 ornatur,
1337 3836 1438 3873 non
1473 3825 1652 3888 putavi
1703 3823 1770 3874 ad
1828 3838 1920 3878 vos
1951 3804 2166 3879 euntem

595 3909 916 3962 mittemluin
955 3926 1073 3964 esse
1099 3909 1334 3964 silentio.
1365 3913 1569 3965 Bonum
1611 3921 1696 3966 est
1735 3913 1880 3966 enim
1929 3915 2170 3978 absenti-

598 4000 700 4054 bus
729 4000 882 4053 vobis
911 4013 1127 4068 semper
1157 4000 1262 4054 frui
1298 4019 1312 4054 :
1349 4001 1546 4068 altera,
1579 4004 1851 4071 inquiunt,
1900 4007 2170 4075 navigatio

594 4100 679 4145 est
713 4106 835 4144 cum
875 4091 1194 4146 absentibus
1225 4109 1320 4161 per
1356 4093 1566 4148 litteras
1597 4097 1930 4150 conversari.
1961 4097 2170 4152 Felices

597 4195 776 4238 tamen
810 4185 1148 4254 qiiibusjura
1198 4186 1415 4252 dividis,
1461 4195 1516 4240 et
1571 4197 1672 4242 tute
1721 4191 1860 4253 voci,
1913 4200 2165 4258 tanquam

2266 3092 2365 3162 τὴν
2399 3091 2677 3145 πολιτείαν
2711 3091 2893 3161 φέρων
2919 3089 2998 3160 τῷ
3027 3087 3261 3159 σώματι,
3287 3089 3376 3141 καὶ
3397 3090 3463 3158 τῇ
3484 3087 3698 3158 γλώττῃ
3725 3089 3854 3149 τοὺς

2274 3183 2465 3251 λόγους
2528 3181 3005 3253 προϐεϐλημένοςο
3034 3181 3114 3247 {ob
3169 3179 3234 3249 δὴ
3258 3179 3462 3232 δίκαιον
3505 3179 3610 3248 τὴν
3656 3178 3851 3231 τούτου

2268 3276 2406 3347 πρὸς
2429 3276 2573 3344 ὑμᾶς
2597 3269 2778 3341 ἄφιξιν
2841 3271 3176 3342 παραδοῦναι
3231 3272 3379 3340 σιγῇ,
3439 3270 3489 3323 οἳ
3545 3270 3671 3332 τοὺς
3717 3263 3850 3339 παρ’

2271 3365 2405 3437 ἐμοῦ
2444 3365 2866 3435 τετελεσμένους
2899 3359 2999 3417 ἷσά
3045 3380 3149 3415 που
3178 3363 3271 3416 καὶ
3295 3362 3488 3424 παῖδας
3517 3361 3849 3430 νομίζοντες,

2268 3456 2362 3510 καὶ
2389 3457 2467 3519 εἰς
2495 3454 2684 3508 τοῦτον
2741 3453 2954 3506 εῦνοιαν
2984 3454 3045 3506 οὐ
3075 3455 3173 3522 τὴν
3224 3449 3493 3523 τυχοῦσαν
3516 3449 3846 3514 ὲνδείξεσθε.

2803 3549 2874 3612 ιιι.
2923 3542 3320 3597 ΕΥΔΑΙΜΟΝΙ.
3740 3535 3742 3537 ’

2340 3639 2445 3690 Τὸν
2471 3636 2801 3706 λογιώτατον
2841 3619 3032 3704 ’Ἰέριον
3062 3635 3152 3688 τὸν
3185 3634 3286 3704 τῆς
3319 3632 3532 3687 Ἰταλῶν
3559 3629 3690 3702 παρ’
3720 3630 3852 3700 ήμῖν

2270 3729 2716 3801 προϐεϐλημένον
2763 3728 2968 3798 φωνῆς,
3023 3727 3119 3780 καὶ
3143 3725 3366 3796 τρόποις
3405 3724 3628 3792 ἀγαθοῖς
3651 3722 3853 3794 μᾶλλον

2269 3825 2302 3894 ἢ
2355 3822 2578 3892 παιδείᾳ
2627 3818 3020 3889 κοσμούμενον,
3084 3817 3184 3870 οὐκ
3230 3815 3419 3888 ᾠήθην
3441 3816 3552 3868 δεῖν
3584 3815 3683 3884 τὴν
3713 3813 3853 3883 πρὸς

2271 3916 2414 3984 ὑμᾶς
2478 3913 2625 3967 ἰόντα
2689 3909 3063 3982 παραπέμψαι
3126 3909 3296 3979 σιγῇο
3355 3906 3515 3959 καλὸν
3576 3906 3677 3971 μὲν
3740 3903 3852 3972 γάρ

2270 4007 2518 4060 ἀπόντων
2556 4003 2708 4072 ὑμῶν
2757 4002 3053 4054 ἀπολαύειν
3098 3998 3203 4054 ἀεί.
3243 3999 3506 4069 Δεύτερος
3565 3997 3643 4059 δὲ,
3692 3997 3851 4064 φασὶ,

2273 4099 2462 4162 πλοῦς,
2505 4100 2618 4160 τοῖς
2665 4095 2865 4150 ἀποῦσι
2920 4090 3007 4147 διὰ
3059 4093 3404 4162 γράμματων
3451 4089 3804 4159 προσομιλεῖν
3836 4106 3850 4118 ·

2271 4191 2410 4261 πλὴν
2445 4189 2758 4258 εὐδαίμονες
2781 4185 2970 4248 ὄντως,
3016 4179 3096 4247 οἷς
3121 4184 3327 4246 διέπεις
3357 4182 3424 4235 τὰ
3453 4182 3655 4246 δίκαια,
3684 4181 3854 4233 καθά-

592 4277 792 4349 tripodi
823 4278 1035 4332 cuidam
1083 4280 1332 4347 suspensi
1374 4290 1522 4344 sunt,
1565 4291 1612 4334 et
1645 4297 1933 4336 commune
1975 4298 2166 4336 revera

2276 4300 2378 4350 περ
2423 4281 2567 4344 τινὸς
2623 4278 2876 4348 τρίποδος
2931 4278 3030 4346 τῆς
3083 4275 3184 4344 σῆς
3232 4273 3590 4343 ἐξηρτημένοι
3629 4273 3851 4339 φωνῆς·

593 4371 957 4439 spectaculnm
1003 4370 1272 4440 justitiam
1343 4375 1472 4439 ipsis
1529 4375 1839 4427 redeuntem
1903 4375 2170 4439 videntes,

591 4477 753 4530 quam
791 4463 1323 4532 praecedent'tempus
1375 4464 1814 4518 labefactaverat.
1843 4466 2178 4532 Supervaca-

593 4569 753 4617 neum
798 4564 978 4608 autem
1020 4555 1203 4609 dicere
1235 4567 1284 4607 te
1329 4555 1381 4609 in
1427 4555 1572 4609 iisin
1611 4556 1811 4623 quibus
1849 4558 1998 4610 vobis
2031 4556 2170 4608 indi-

594 4653 702 4714 get,
737 4644 873 4699 bene
895 4645 947 4698 in
973 4660 1096 4698 eum
1125 4657 1367 4700 acturum
1407 4649 1500 4716 qui
1530 4648 1683 4701 vobis
1717 4648 1857 4700 lianc
1887 4647 2171 4716 epistolam

594 4734 856 4788 attulerit.
881 4734 983 4800 Qui
1011 4736 1151 4788 enim
1181 4737 1340 4790 vitam
1375 4740 1576 4790 orando
1606 4738 1877 4806 transigit,
1899 4738 2170 4804 quomodo

595 4843 698 4880 non
728 4827 918 4880 liOllOl‘I
952 4827 1175 4881 habebit
1207 4831 1512 4883 orationum
1548 4842 1731 4899 patres
1760 4845 1898 4899 quos
1927 4828 2171 4883 viderit?

595 4919 803 4976 Redeat
873 4920 1036 4990 igitur
1094 4923 1425 4976 annuntians
1464 4924 1605 4992 quod
1656 4921 1847 4976 audire
1895 4932 2170 4989 optamus,

593 5025 647 5066 te
676 5013 874 5066 famam
914 5011 1074 5066 factis
1097 5013 1322 5067 vincere
1352 5023 1405 5067 et
1441 5014 1643 5081 majora
1672 5017 1803 5068 dare
1826 5029 1986 5082 quam
2027 5013 2173 5067 acci-

559 5140 564 5144 -
595 5105 806 5175 pientes
843 5104 1046 5161 volunt.

1094 5195 1234 5251 XCI.
1278 5194 1640 5251 NEI’IlALlO.

665 5283 748 5340 Tu
792 5286 1008 5356 quidem
1040 5289 1092 5341 in
1120 5287 1519 5341 niultislitteris
1544 5287 1776 5356 inopiam
1802 5296 1949 5342 tuam
1997 5287 2166 5353 doles,

559 5393 690 5449 .ego
718 5391 893 5433 autem
921 5380 1138 5433 divitias
1167 5389 1221 5434 et
1263 5389 1633 5448 paupertatem
1670 5390 1982 5444 contemno,
2026 5361 2160 5433 mira

594 5477 781 5524 tamen
815 5480 1132 5538 paupertate
1162 5471 1391 5525 amictus
1416 5471 1573 5540 (adeo
1621 5469 1863 5539 indigere
1907 5481 1959 5524 et
1991 5470 2163 5523 abun-

589 5567 723 5616 dare
751 5562 1023 5627 sententia
1058 5562 1208 5643 I'acit,
1243 5581 1347 5618 non
1382 5565 1600 5630 divitim)
1656 5563 1978 5631 fortunaque
2033 5563 2162 5616 liiuc

589 5665 643 5712 et
676 5657 797 5712 inde
826 5663 999 5712 actus.
1031 5657 1223 5715 Desine
1261 5658 1423 5728 igitur
1448 5656 1862 5728 pusillanimiter
1894 5657 2032 5726 apud
2059 5670 2156 5712 nos

2280 4365 2576 4426 καὶκοινὺν
2605 4372 2774 4432 ὅντως
2802 4368 2982 4439 θέαμα
3012 4367 3111 4437 τὴν
3139 4366 3294 4436 δίκην
3324 4365 3504 4427 αὐτοῖς
3529 4363 3856 4417 ἐπανελθοῦ-

2283 4481 2381 4518 σαν
2437 4462 2672 4534 ὁρῶντες
2718 4462 2784 4530 ἣν
2849 4456 3137 4530 προλαϐὼν
3189 4458 3216 4509 ὁ
3271 4455 3460 4526 χρόνος
3515 4454 3853 4524 ἠμαύρωσε·
3899 4497 3902 4500 .

2280 4558 2534 4630 περιττὸν
2557 4557 2614 4608 δὲ
2646 4555 2826 4621 λέγειν
2858 4554 2934 4617 ὡς
2964 4547 3022 4606 εὖ
3054 4553 3302 4620 ποιήσεις
3353 4551 3410 4602 ἐν
3437 4543 3518 4612 οἷς
3552 4548 3707 4630 ὑμῶν
3743 4549 3854 4600 δεῖ·

2281 4629 2371 4702 ται
2400 4647 2493 4700 καὶ
2527 4645 2617 4698 τὸν
2637 4646 2736 4716 τὴν
2761 4642 3047 4712 ἐπιστολὴν
3077 4639 3205 4711 ὑμῖν
3233 4637 3598 4710 κομισάμενον
3620 4655 3633 4668 ’
3668 4629 3712 4707 ᾧ
3744 4638 3852 4707 γὰρ

2282 4741 2394 4811 βίος
2423 4741 2471 4791 οἱ
2507 4737 2676 4805 λόγοι,
2705 4736 2826 4808 πῶς
2856 4735 2916 4788 οὐ
2949 4733 3172 4802 τιμήσει
3203 4731 3328 4793 τοὺς
3344 4730 3450 4782 τῶν
3481 4729 3651 4796 λόγων
3684 4728 3852 4781 πατέ-

2283 4849 2380 4903 ρας
2404 4829 2558 4894 ἱδὼν;
2586 4829 2767 4898 ἡκέτω
2793 4826 2970 4881 τοίνυν
2987 4823 3263 4892 ἀγγέλλων
3292 4823 3433 4893 άπερ
3451 4821 3666 4875 ἀκούειν
3696 4821 3849 4890 εὐχό-

2283 4923 2448 4989 μεθα,
2481 4920 2556 4982 ὡς
2623 4919 2778 4989 νικᾷς
2842 4919 2908 4986 τῇ
2954 4913 3120 4984 πείρα
3153 4915 3252 4982 τήν
3291 4913 3500 4982 φήμην,
3549 4910 3643 4978 καὶ
3681 4911 3848 4981 μείζω

2279 5012 2433 5074 δίδως
2467 5011 2611 5082 ἥπερ
2643 5009 2694 5062 οἱ
2722 5007 3091 5079 λαμϐάνοντες
3113 5003 3417 5075 βούλονται.

2833 5188 2952 5253 air.
2977 5180 3304 5252 ΝΗΦΆΛΙῼ.

2351 5285 2424 5338 Σὺ
2464 5284 2564 5354 μὲν
2595 5283 2651 5336 ὲν
2677 5281 2873 5351 πλήθει
2907 5278 3254 5350 γραμμάτιον
3306 5275 3403 5345 τὴν
3443 5274 3670 5344 ἀπορίαν
3721 5273 3854 5344 θρηο

2280 5380 2413 5441 νεῖς,
2435 5377 2546 5445 ἐγὼ
2575 5376 2631 5429 δὲ
2655 5375 2724 5427 τά
2752 5375 3013 5445 χρήματα
3033 5370 3273 5431 καὶτοὺς
3300 5366 3656 5428 πλουτοῦντας
3694 5383 3853 5435 περι-

2283 5469 2485 5540 φρονῶ,
2521 5466 2700 5520 καίτοι
2738 5464 2895 5534 πενίᾳ
2949 5462 3238 5531 θαυμαστῇ
3280 5459 3632 5529 συνεχόμενος
3659 5456 3856 5525 (οὕτως

2279 5561 2386 5632 ἄρα
2439 5560 2500 5612 τὸ
2555 5557 2812 5612 πένεσθαι
2865 5556 2958 5608 καὶ
3014 5553 3263 5606 πλουτεῖν
3313 5550 3568 5623 ήγνώμη
3600 5551 3761 5610 ποιεῖ,
3791 5550 3852 5600 οὐ

2275 5649 2558 5725 χρήματα)
2589 5648 2734 5721 παρὰ
2787 5647 2884 5715 τῆς
2935 5645 3103 5716 τύχης
3137 5644 3262 5715 τῇδε
3304 5637 3852 5718 κάκεῖσεπλανὼμε-
