4046 6386
279 248 429 313 2789

1709 250 2122 314 EPISTOL/E.

3440 272 3543 333 795)

280 382 372 428 νος
398 378 410 393 ·
447 361 736 435 τοιγαροῦν
785 362 992 415 παῦσαι
1044 360 1397 432 μικροψύχως
1430 362 1563 432 ἡμῖν
1605 360 1826 430 ὀδυρόμε

1930 402 1933 417 ι
1970 362 2294 433 lamentari;
2327 370 2570 440 nihilque
2621 387 2876 443 magnum
2903 386 3115 446 reputa,
3150 379 3252 434 nisi
3289 372 3431 450 quod
3473 388 3540 441 ad

281 476 397 523 νος,
423 457 561 529 μηδὲ
618 456 758 527 μέγα
813 454 1072 526 νομίζων,
1101 457 1240 527 πλὴν
1274 458 1323 509 εί
1351 458 1426 528 μή
1457 474 1506 511 τι
1538 457 1694 527 φέρει
1722 456 1859 525 πρὸς

279 551 490 621 ἀρετήν
517 565 531 581 ο
558 549 588 603 δ
606 567 658 602 τι
688 548 795 618 γὰρ
826 549 902 618 μὴ
925 548 1187 613 τοιοῦτον,
1218 548 1495 619 ἀλλότριον
1523 548 1583 601 τέ
1621 550 1738 601 ἐστι
1762 549 1858 601 καὶ

280 643 423 714 πρὸς
459 642 676 712 ἀπάτην
726 640 1035 709 ἐφέλκεται.
1069 640 1231 695 Ὅθεν
1293 642 1343 694 οἱ
1377 643 1594 727 φρονεῖν
1631 640 1854 703 εἰδότες,

276 734 469 804 ῶσπερ
495 732 614 786 τινὰ
640 732 811 803 μέθην
847 730 1022 785 ταῦτα
1084 732 1178 786 καὶ
1240 731 1509 803 φλυαρίαν
1559 731 1855 785 ἀποσεισά-

279 843 435 896 μενοι
465 825 565 894 τὴν
593 825 696 893 γῆν
728 822 1124 887 καταλιπόντες
1140 825 1206 894 τῇ
1229 825 1321 894 γῇ,
1344 823 1626 893 μεταρσίῳ
1646 821 1843 893 γνώμῃ

274 916 634 987 περιπολοῦσι
683 916 772 969 τὸν
826 915 1095 987 οὐρανόν
1152 914 1251 978 τὰς
1302 914 1585 986 αἰσθήσεις
1609 915 1706 967 καὶ
1753 912 1855 984 τὴν

274 1011 412 1082 ὓλην
429 1010 524 1065 καὶ
549 1010 610 1063 τὸ
636 1009 734 1079 τῆς
767 1008 977 1078 πλάνης
1004 1007 1201 1078 χωρίον
1231 1007 1423 1080 ῶσπερ
1456 1005 1581 1062 τινὰ
1605 1004 1853 1078 χαλεπὴν

270 1104 663 1177 διανηξάμενοι
685 1102 976 1159 θάλατταν.

803 1220 919 1287 ιιΒν.
968 1218 1329 1292 ΝΕΣΤΟΡΙῼ.

344 1316 467 1369 Ἔτι
503 1315 693 1385 σιγᾷςς
724 1312 803 1367 έτι
828 1314 925 1383 τῆς
952 1313 1125 1385 τύχης
1164 1313 1293 1386 γίνῃ
1336 1311 1680 1385 βαρύτερος;
1711 1309 1846 1381 ἡμῖν

267 1410 383 1480 γὰρ
417 1409 496 1473 είς
525 1407 605 1462 ἔτι
626 1406 722 1461 νῦν
762 1407 1126 1477 ἀπεστέρησε,
1165 1408 1229 1461 σὺ
1275 1406 1332 1461 δὲ
1359 1408 1453 1461 καῖ
1481 1404 1694 1477 μικρῶν
1715 1404 1848 1474 ἡμῖν

267 1500 579 1571 ἐφθόνησας
636 1498 933 1564 συλλαϐῶν,
971 1499 1105 1570 μηδὲ
1148 1498 1211 1552 τδ
1254 1498 1431 1552 κοινὸν
1475 1497 1539 1569 δὴ
1565 1496 1724 1551 τοῦτο
1774 1493 1846 1549 τὰ

264 1592 380 1646 τῶν
445 1591 614 1662 φίλων
656 1590 1024 1662 μιμούμενος·
1081 1590 1198 1645 ἀλλ’
1253 1588 1365 1659 ἐγὼ
1418 1590 1523 1661 μέν
1541 1606 1599 1642 σε
1652 1587 1746 1642 καὶ
1770 1586 1844 1657 μὴ

1971 455 2224 511 virtutem
2275 458 2446 516 ducit.
2509 464 2661 529 Quod
2721 467 2865 521 enim
2918 484 3021 522 non
3076 470 3385 539 huiusmodi
3438 487 3542 539 est,

1964 557 2287 603 extraneum
2316 562 2402 607 est
2432 565 2486 606 et
2525 555 2591 608 ad
2629 545 2871 611 errorem
2912 559 3095 612 trahit.
3134 560 3302 623 Unde,
3336 566 3424 631 qui
3457 582 3545 620 sa-

1964 638 2141 706 piunt,
2173 655 2263 705 ea,
2288 651 2544 712 tanquam
2588 647 2910 703 ebrietatem
2942 652 3237 718 quamdam
3266 664 3318 707 et
3344 672 3541 723 nugas,

1965 730 2288 794 excutiunt,
2330 741 2527 785 terram
2572 741 2735 789 terra:
2786 737 3176 807 relinquentes,
3225 750 3278 794 et
3323 744 3540 799 sublimi

1962 822 2371 891 mente;coelum
2401 838 2610 895 petunt,
2643 842 2835 883 sensus
2860 839 2913 883 et
2937 830 3219 903 materiam
3250 842 3301 888 et
3334 838 3541 891 erroris

1966 910 2145 966 locum
2172 923 2232 968 ut
2261 915 2535 983 quoddam
2568 932 2770 972 saevum
2796 933 2945 973 mare
2976 930 3401 979 transnatantes.

2455 1203 2617 1261 XCII.
2662 1205 3029 1264 NESTORIO.

2026 1295 2216 1352 Adhuc
2247 1279 2417 1352 siles?
2451 1299 2641 1355 Adhuc
2672 1300 2893 1356 fortuna
2936 1303 2999 1357 lis
3027 1304 3285 1370 gravior?
3314 1305 3411 1362 illo
3434 1324 3534 1365 nos

1956 1402 2126 1458 usque
2169 1389 2349 1443 adhuc
2402 1400 2453 1446 te
2494 1392 2750 1462 privavit,
2783 1403 2838 1448 tu
2870 1411 2998 1450 vero
3034 1405 3092 1451 et
3135 1413 3334 1468 paucas
3377 1402 3531 1457 nobis

1956 1480 2169 1537 invides
2209 1483 2467 1554 syllabas,
2512 1501 2581 1541 ne
2621 1485 2750 1541 illud
2780 1487 2996 1556 quidem
3034 1490 3337 1545 amicorum
3379 1508 3531 1547 com-

1958 1585 2121 1628 mune
2150 1573 2430 1630 invitatus.
2457 1575 2563 1630 Sed
2596 1591 2698 1647 ego
2728 1586 2783 1633 te
2821 1588 2875 1632 et
2902 1594 3007 1634 non
3040 1590 3361 1649 praesentem
3386 1584 3529 1639 desi-

267 1686 515 1757 παρόντα
557 1683 729 1748 ποθῶ,
786 1684 882 1738 καὶ
908 1668 1266 1763 ⁵μεμνημένος
1316 1679 1826 1775 εὐφραίνομαῼιοδκαξ

1954 1666 2080 1721 dero
2111 1674 2167 1721 et
2209 1669 2505 1723 recordans
2547 1669 2720 1734 laetor,
2751 1686 2892 1725 nunc
2917 1686 3040 1727 cum
3071 1675 3415 1729 occasionem
3441 1692 3530 1729 re-

262 1775 361 1831 νῦν
396 1775 587 1846 καιρὸν
618 1773 815 1845 εὑρὼν,
846 1775 946 1827 οὐκ
968 1768 1085 1826 οἶδα
1113 1772 1340 1842 τιμῆσαι
1367 1771 1546 1842 σιγὴν,
1579 1770 1742 1840 ἡνίκα
1765 1768 1844 1821 δεῖ

261 1886 326 1922 σε
350 1870 637 1940 προσερεῖν
694 1866 996 1936 ἐπιτήδειον
1031 1880 1045 1895 ⁸
1099 1864 1163 1918 σὺ
1193 1865 1251 1918 δὲ
1283 1865 1334 1917 εἴ
1361 1881 1410 1916 τι
1446 1863 1520 1932 μὴ
1554 1861 1651 1914 καὶ
1682 1859 1842 1913 τοῦτο

259 1958 364 2028 τῆς
410 1955 667 2025 πατρίδος
718 1953 1065 2024 ἀπήλαυσας,
1125 1952 1187 2006 τὸ
1230 1952 1413 2022 μένειν
1445 1951 1531 2019 ἐφ’
1561 1945 1643 2013 οἷς
1681 1950 1743 2018 δή
1782 1965 1840 2001 σε

260 2047 455 2120 πρώην
478 2045 795 2112 ἐπαίδευσα,
831 2045 1064 2116 μάλιστα
1103 2045 1200 2112 μὲν
1253 2041 1509 2097 ποθοῦσιν
1529 2040 1791 2111 ὲφίστασο
1818 2054 1833 2070 ⁸

258 2139 388 2193 εἰδὲ
420 2139 517 2209 μὴ,
552 2136 723 2207 μιμοῦ
753 2137 855 2207 τὴν
907 2136 1036 2188 θέαν
1065 2137 1177 2198 τοῖς
1208 2135 1499 2206 πράγμασι
1529 2149 1543 2163 ⁸
1589 2132 1685 2185 καὶ
1718 2131 1838 2183 πεί-

259 2245 374 2292 σεις
404 2227 481 2291 ώς
508 2228 606 2298 τὴν
636 2227 775 2299 ἐμὴν
799 2227 1148 2280 διδασκαλίαν
1170 2226 1230 2279 τὸ
1256 2229 1355 2297 τῆς
1368 2225 1550 2295 χώρας
1583 2223 1839 2292 οὐδαμῶς
1888 2248 1895 2253 ·

257 2319 479 2388 ἐνίκησε
513 2318 783 2390 βάραθρον
808 2335 820 2348 ·
847 2317 1019 2380 οὕτως
1052 2318 1351 2387 ἐπαίρομαι
1390 2320 1528 2388 πρὸς
1557 2314 1727 2383 ἄνδρα
1759 2314 1837 2368 δι-

255 2409 527 2465 δασκάλου
551 2410 898 2480 φρονήματος
920 2407 1302 2477 ἀντεχόμενος.

579 2520 695 2591 ιιι.
725 2522 975 2592 ΖΩΣΙΜῼ
1017 2522 1134 2574 ΚΑΙ
1175 2521 1512 2591 summa.

326 2633 390 2689 Ol
410 2631 537 2704 περὶ
600 2631 691 2686 τὸν
732 2631 1042 2701 σοφώτατον
1081 2631 1332 2686 Βαϐύλαν
1365 2632 1687 2702 ἀφικόμενοι
1754 2632 1835 2685 δι-

255 2728 534 2800 ηγήσαντό
560 2744 650 2798 μοι
682 2725 978 2797 προθύμως
1013 2727 1156 2797 ἆπερ
1177 2726 1399 2780 ἀκούειν
1434 2727 1532 2795 μὲν
1581 2726 1832 2797 εὔχομαι,

256 2821 388 2892 πρὶν
404 2820 461 2874 δὲ
491 2819 672 2888 λέγειν
699 2820 897 2882 αὐτοὺς
929 2812 1250 2890 ἠπιστάμην
1282 2836 1297 2852 ο
1325 2820 1383 2887 ἐξ
1424 2813 1500 2874 ὧν
1557 2820 1665 2891 γὰρ
1707 2820 1834 2891 ἐμοὶ

255 2910 550 2979 φοιτῶντες
579 2908 677 2979 τὴν
698 2907 825 2976 περὶ
849 2906 1043 2976 λόγους
1070 2907 1326 2978 σπουδὴν,
1360 2907 1682 2980 σωφροσύνῃ
1715 2908 1833 2978 τρό-

1948 1758 2118 1825 perio,
2146 1757 2416 1814 silentium
2458 1775 2673 1815 servare
2719 1763 2926 1829 nescio,
2969 1764 3190 1833 quando
3236 1774 3286 1819 te
3321 1767 3526 1836 alloqui

1947 1855 2289 1909 commodum
2335 1866 2438 1911 est.
2488 1855 2568 1910 Tu
2615 1872 2742 1913 vero
2784 1858 2887 1913 nisi
2939 1868 2995 1914 et
3038 1861 3222 1929 procul
3273 1876 3302 1915 a
3351 1843 3524 1930 patria

1947 1947 2077 2001 illud
2117 1948 2371 2018 rejeceris
2404 1966 2600 2019 nempe
2640 1954 3104 2020 perseverantiam
3136 1954 3187 2008 in
3230 1954 3297 2008 iis
3320 1968 3444 2023 quae
3474 1964 3524 2010 te

1944 2038 2072 2091 olim
2106 2040 2387 2103 docebam,
2413 2040 2642 2095 multum
2688 2052 2739 2097 te
2789 2042 3224 2098 desiderantibus
3247 2046 3396 2111 redi;
3435 2047 3520 2100 sin

1945 2141 2156 2193 contra,
2189 2138 2243 2183 at
2288 2129 2480 2184 saltem
2512 2134 2586 2184 tui
2613 2142 2892 2201 aspectum
2926 2134 3141 2189 imitare
3186 2135 3441 2203 actibus;
3467 2148 3522 2190 et

1944 2220 2303 2287 persuadebis
2330 2236 2504 2275 meam
2534 2223 2834 2277 doctrinam
2859 2224 3100 2293 regionis
3123 2226 3387 2285 barathro
3413 2243 3518 2282 non
3542 2281 3547 2286 ,

1943 2324 2065 2373 esse
2106 2310 2307 2365 victam
2345 2330 2359 2366 :
2396 2313 2530 2368 adeo
2555 2313 2606 2367 in
2635 2314 2834 2380 virum,
2868 2316 3110 2385 magistri
3141 2317 3323 2372 studio
3345 2319 3522 2388 rep|e~

1944 2410 2054 2465 tus,
2084 2401 2332 2456 invehor.

2244 2517 2426 2574 XClll.
2454 2518 2709 2575 ZOSIMO
2750 2518 2839 2574 ΕΤ
2885 2518 3213 2579 MACARIO.

2013 2630 2459 2699 Sapientissimus
2489 2632 2715 2703 Babylas
2738 2649 2860 2687 cum
2889 2633 2993 2687 huc
3017 2633 3346 2701 advenisset,
3378 2624 3517 2690 nun-

1942 2720 2094 2774 tiavit
2128 2722 2255 2775 mihi
2283 2738 2402 2791 quae
2434 2724 2649 2792 quidem
2699 2726 3083 2780 ardentissime
3114 2727 3301 2781 audire
3335 2730 3512 2798 cupio,

1937 2828 2057 2882 qua:
2093 2825 2271 2868 autem
2316 2831 2570 2869 noveram
2597 2826 2887 2885 antequam
2915 2819 3222 2873 diceret.Ex
3267 2837 3327 2873 ea
3368 2823 3511 2876 enim

1937 2921 2146 2959 morum
2193 2907 2459 2972 sapientia
2490 2916 2551 2962 'et
2597 2910 2808 2964 ca‘teris
2846 2910 3135 2964 virtutibus
3186 2894 3382 2981 quibus
3433 2914 3513 2968 di—

252 3017 371 3054 πων
427 3001 522 3054 καὶ
562 3002 682 3061 ταῖς
740 2997 955 3060 λοιπαῖς
1007 2998 1231 3068 ἀρεταῖς
1273 2998 1637 3067 ἐκοσμήσατε,
1670 2997 1826 3067 δῆλον

1936 2999 2090 3053 cendi
2128 2999 2363 3052 studium
2395 3001 2723 3065 adornastis,
2767 3003 2980 3069 quando
3049 3004 3115 3055 ad
3146 3020 3229 3059 me
3279 3007 3512 3061 ventita-

196 3136 197 3139 η
250 3089 321 3164 ἦν
343 3092 631 3163 δήπουθεν,
670 3092 745 3154 ὡς
784 3090 881 3144 καὶ
915 3088 1051 3160 πρὸς
1084 3091 1263 3158 νόμων
1293 3088 1453 3159 χάριν
1475 3089 1823 3158 ἀπαίροντες,

1934 3090 2090 3154 batis,
2123 3090 2283 3159 plane
2322 3092 2669 3147 manifestum
2723 3104 2843 3149 erat
2884 3111 2999 3163 vos,
3044 3112 3164 3149 cum
3210 3111 3276 3152 aa
3326 3100 3502 3169 legum

255 3182 468 3249 μενεῖτε
490 3178 654 3232 πάλιν
704 3177 855 3231 αὐτοί
875 3191 889 3205 ⁸
935 3177 1032 3231 καὶ
1063 3176 1201 3247 πρὸς
1229 3176 1290 3229 τὸ
1318 3179 1568 3247 κρεῖττον
1590 3179 1828 3248 ἀναδρα·

254 3273 375 3340 μεῖν
397 3268 644 3338 γένοισθε
708 3285 811 3320 που
865 3267 1329 3340 φιλονεικότερον
1361 3269 1410 3320 εἰ
1438 3267 1493 3321 δὲ
1524 3268 1701 3322 ταῦτά
1737 3286 1827 3337 μοι

247 3360 659 3430 παρασκευάζει
704 3358 804 3430 τὴν
861 3358 1076 3429 ἡδονὴν,
1211 3358 1316 3430 χρὴ
1348 3359 1527 3426 λέγειν
1557 3359 1681 3427 (σὺν
1706 3358 1826 3429 Θεῷ

247 3450 601 3523 δἐίρήσθω),
648 3451 739 3504 ὅτε
776 3450 1142 3521 δικαστηρίων
1208 3449 1669 3521 προϐεϐλημένων
1728 3451 1825 3504 καὶ

249 3545 483 3616 σώφρονι
508 3541 723 3614 γλώττῃ
767 3544 832 3612 τῇ
887 3542 1121 3623 εὐνομίᾳ
1170 3542 1514 3612 προχέοντες,
1545 3543 1671 3605 τοὺς
1724 3541 1823 3612 μὲν

248 3635 519 3708 παρόντας
548 3633 831 3705 χειροῦσθε
850 3636 916 3704 τῇ
945 3634 1129 3705 πείρᾳ,
1164 3635 1289 3697 τοὺς
1317 3634 1374 3687 δὲ
1402 3636 1621 3705 μακράν
1651 3635 1821 3688 ἀπόν-

246 3744 345 3790 τας
387 3728 454 3797 τῇ
495 3727 697 3797 φήμῃ;
745 3724 952 3778 τούτων
989 3724 1097 3794 γὰρ
1162 3724 1598 3795 θρυλλουμένων,
1624 3724 1820 3795 μικρὸν

247 3816 348 3887 μὲν
362 3816 717 3887 Πολυκράτης
747 3817 826 3878 είς
851 3814 1108 3885 εὐτυχίαν
1130 3815 1279 3883 ἐμοί’
1302 3815 1454 3868 οὐδὲν
1473 3814 1530 3894 δέ
1560 3833 1651 3885 μοι
1677 3814 1819 3879 δόξει

247 3908 385 3979 μετὰ
410 3908 519 3964 τῶν
546 3907 755 3962 πολλῶν
784 3907 1064 3962 ταλάντων
1090 3908 1118 3960 ὁ
1151 3908 1197 3959 Κ
1207 3910 1399 3974 ροῖσος.

642 4118 751 4183 ιιι.
790 4115 1090 4186 mxuma
1124 4113 1407 4185 ΑΔΕΛΦῼ.

310 4210 447 4270 Τοὺς
474 4208 705 4275 ἄγοντας
751 4208 849 4276 τὴν
909 4204 1216 4275 ἐπιστολὴν,
1248 4205 1447 4269 οἵτινες
1497 4207 1596 4277 μέν
1653 4210 1811 4275 εἰσιν,

245 4301 420 4371 ἀγνοῶ
446 4316 461 4331 °
500 4299 585 4353 ὅτι
612 4299 672 4353 δέ
704 4316 763 4352 σε
819 4298 1208 4369 θαυμάζουσιν,
1260 4298 1495 4363 οἰκείους
1538 4299 1677 4369 ἄγαν
1700 4300 1814 4370 ὁρί-

1932 3197 2173 3237 amorem
2233 3184 2560 3250 transiretis,
2602 3186 2817 3241 eosdem
2852 3202 3070 3257 semper
3123 3206 3408 3246 mansuros
3454 3204 3507 3249 et

1930 3273 1999 3328 ad
2049 3276 2272 3329 meliora
2316 3278 2639 3345 properandi
2676 3292 2891 3348 semper
2936 3281 3243 3351 cupidiores
3275 3284 3503 3340 futuros.

1928 3366 1987 3431 Si
2017 3378 2194 3422 autem
2242 3368 2355 3422 haec
2406 3370 2535 3423 mihi
2572 3371 2826 3439 gaudium
2860 3371 3117 3436 all'eruut,
3150 3376 3277 3444 quid
3323 3377 3507 3431 dicen-

1929 3458 2053 3512 dum
2086 3467 2169 3512 est
2191 3457 2335 3528 (cum
2365 3458 2472 3513 Deo
2500 3469 2676 3515 autem
2710 3461 2969 3534 dicatur),
3011 3470 3227 3533 quando
3256 3468 3505 3522 tribuna-

1928 3549 2066 3605 libus
2099 3551 2418 3621 designatis,
2449 3553 2758 3621 mquitatem
2788 3555 3019 3621 sapienti
3056 3555 3232 3626 lingua
3277 3571 3505 3627 protun-
3598 3572 3601 3573 '

1925 3643 2135 3705 dentes,
2160 3652 2455 3709 prmsentes
2481 3642 2700 3711 quidem
2734 3654 2855 3698 actu
2888 3644 3170 3715 subigetis,
3208 3648 3347 3701 fama
3373 3665 3503 3704 vero

1923 3732 2180 3787 absentes
2258 3743 2312 3788 et
2374 3726 2621 3803 regiones
2669 3734 2992 3806 longinquas
3038 3739 3374 3796 incolentes?
3403 3742 3499 3797 llis

1923 3821 2066 3874 enim
2128 3822 2365 3891 undique
2426 3823 2477 3876 in
2522 3824 2710 3891 vulgus
2752 3827 2977 3893 sparsis,
3029 3843 3216 3896 parum
3276 3832 3493 3899 quidem

1923 3910 2050 3963 mihi
2084 3913 2149 3964 ad
2178 3927 2459 3981 prosperas
2500 3928 2584 3968 res
2606 3914 2952 3986 Polycrates;
2990 3918 3123 3972 nihil
3181 3930 3359 3974 autem
3402 3901 3488 3977 vi-

1920 4002 2138 4057 debitur
2160 4018 2280 4056 cum
2318 4014 2395 4056 tot
2421 4005 2618 4059 alcntis
2643 4007 2889 4062 Crmsus.

2242 4116 2427 4173 XCIV.
2480 4117 2849 4175 zscusmm
2892 4090 3169 4180 ruunt.

1989 4210 2090 4275 Qui
2122 4210 2262 4265 hanc
2287 4211 2569 4279 epistolam
2602 4210 2805 4278 ferunt,
2838 4214 3058 4283 quinam
3084 4216 3214 4271 'siut
3266 4218 3485 4287 nescio;

1917 4303 2042 4371 quia
2076 4317 2205 4357 vero
2231 4312 2280 4355 te
2313 4302 2603 4367 mirantur,
2632 4315 2893 4372 cognatos
2934 4307 3092 4362 valde
3132 4308 3353 4365 definio.
3385 4311 3487 4378 Qui

243 4395 402 4464 ζομαι
427 4410 442 4425 ο
475 4385 623 4446 οὗτοι
653 4390 759 4462 γάρ
784 4390 986 4453 ἰδόντες
1024 4390 1151 4460 ἐμὲ,
1182 4392 1276 4443 καὶ
1304 4390 1602 4459 συγγενοῦς
1634 4410 1807 4463 χαρα·⁵

1930 4394 2127 4463 ιυίάρηι
2161 4393 2249 4447 ubi
2279 4407 2362 4447 me
2384 4394 2651 4461 viderunt,
2684 4403 2738 4449 et
2769 4396 2820 4449 in
2857 4400 3178 4466 congeneris
3206 4401 3488 4458 characte-

241 4489 437 4558 κτῆρος
492 4483 737 4547 ἐλθόντες
790 4485 870 4545 εἰς
921 4481 1150 4543 ἔννοιαν,
1202 4480 1348 4535 τοῦθ’
1378 4483 1514 4553 ὅπερ
1553 4479 1621 4553 ἦν
1642 4484 1807 4553 ἐμαν-

240 4578 452 4631 τεύοντο
475 4593 488 4606 ⁸
523 4576 615 4629 καί
674 4594 726 4629 τι
772 4573 910 4643 πρὸς
940 4574 1165 4635 ἑαυτοὺς
1210 4572 1455 4636 εἰπόντες
1485 4574 1578 4627 καὶ
1611 4574 1804 4645 κριτὰς

238 4673 496 4744 ἀλλήλους
540 4668 903 4740 πεποιημένοι
957 4668 1048 4721 τοῦ
1112 4668 1437 4737 πράγματος
1472 4667 1546 4731 ὡς
1576 4667 1803 4736 ἀδελφὸς

236 4765 326 4819 τοῦ
354 4763 607 4832 φιλτάτου
642 4760 956 4829 καθέστηκα
983 4776 997 4789 ·
1038 4758 1226 4828 ἐπειδὴ
1254 4759 1388 4839 πρὸς
1425 4761 1551 4828 μίαν
1576 4758 1802 4828 γνώμην

236 4857 510 4927 ἐφέροντο,
570 4851 1011 4923 προσδραμόντες
1068 4849 1203 4921 ὁμοῦ
1257 4851 1552 4921 προσεῖπόν
1596 4867 1654 4905 τε
1684 4852 1800 4921 ἅμα

235 4950 327 5003 καὶ
350 4948 634 5017 εὐμενέσιν
684 4944 986 5013 ὀφθαλμοῖς
1040 4942 1410 4996 ὑπεϐλέποντο
1432 4957 1444 4970 ’
1497 4942 1589 4995 καί
1623 4958 1682 4994 σε
1710 4942 1799 4995 διὰ

234 5040 432 5103 παντὸς
457 5038 781 5109 ἐποιήσαντο
832 5034 1130 5104 θαύματος,
1181 5033 1441 5103 δικαστὴν
1470 5033 1628 5103 ὀρθὸν
1654 5035 1745 5089 καὶ
1771 5035 1799 5087 ὅ

232 5151 281 5188 τι
308 5132 502 5202 σεμνὸν
525 5126 1018 5199 ὀνομάζοντες,τῆς
1044 5126 1140 5197 μὲν
1165 5125 1322 5190 ἀξίας
1353 5127 1478 5188 ἴσως
1503 5125 1759 5179 ἐλάττονα
1778 5141 1796 5158 ο

233 5226 374 5296 δῆλοι
400 5224 442 5277 δ’
467 5220 576 5275 οὖν.
596 5217 736 5292 ἦσαν
767 5218 937 5271 πλείω
977 5218 1152 5285 λέγειν
1196 5216 1491 5280 ἐθέλοντες,
1518 5210 1592 5270 ὧν
1619 5218 1797 5285 ἀπαγε-

234 5318 435 5386 γέλλειν
463 5314 743 5384 ἠδύναντο,
770 5313 868 5383 τὴν
900 5329 963 5364 πε
973 5310 1027 5382 ρὶ
1062 5311 1119 5363 σὲ
1166 5311 1391 5380 γνώμην
1422 5310 1523 5378 τῆς
1551 5308 1796 5379 γλώττης

235 5410 616 5479 ἀποφαίνοντες
672 5399 991 5477 κρείττονα“ο
1030 5403 1141 5472 ἐγὼ
1204 5403 1260 5455 δὲ
1304 5402 1518 5466 πολλοῖς
1552 5403 1795 5467 ἐπαίνοις

234 5506 289 5572 ἐξ
315 5503 491 5558 αὐτῶν
516 5499 949 5570 στεφανούμενος
972 5514 985 5528 ⁸
1020 5497 1208 5550 ἔπειτα
1244 5495 1352 5567 γὰρ
1392 5496 1459 5549 τά
1487 5495 1608 5549 καθ’
1641 5495 1792 5565 ὑμῶν

235 5596 525 5666 ἐποιούμην
553 5592 805 5664 ἐγκώμια
825 5609 838 5623 ·
868 5591 961 5646 καὶ
993 5589 1183 5657 μισθὸν
1207 5588 1445 5643 αἰτοῦσιν
1471 5587 1674 5642 ἐδίδουν
1694 5587 1791 5657 τὴν

236 5688 506 5765 παροῦσαν
524 5684 834 5756 ἐπιστολήν,

1915 4486 1989 4539 ris
2015 4485 2376 4553 suspicionem
2404 4495 2687 4549 venerunt,
2721 4487 2771 4541 id
2796 4488 3143 4561 coniecerunt
3173 4496 3317 4562 quod
3334 4504 3482 4560 erat;

1912 4586 1959 4632 ct
1994 4576 2235 4631 nonnihil
2260 4576 2402 4631 inter
2447 4577 2708 4646 sellocuti
2740 4595 2907 4650 seque
2936 4592 3121 4639 mutuo
3154 4584 3365 4652 judices
3405 4589 3481 4641 rei

1909 4666 2169 4721 facientes
2208 4682 2293 4721 me
2317 4682 2510 4737 nempe
2539 4667 2876 4736 dilectissimi
2899 4686 3018 4725 esse
3046 4672 3291 4728 fratrem.
3323 4674 3482 4730 Post-

1909 4773 2069 4827 quam
2102 4759 2154 4811 in
2186 4772 2358 4812 meam
2382 4758 2712 4813 sententiam
2749 4760 3015 4815 devenere
3044 4777 3147 4815 una
3183 4778 3475 4819 accurren-

1912 4856 2015 4915 tes,
2048 4862 2134 4902 me
2160 4848 2322 4903 simul
2343 4848 2710 4916 alloquuntur,
2744 4859 2798 4904 et
2836 4851 3112 4907 benevolis
3142 4854 3314 4908 oculis
3342 4858 3479 4925 aspi-

1907 4941 2081 4998 ciunt.
2135 4940 2205 4995 Ut
2230 4947 2281 4994 te
2337 4940 2645 4994 omnimoda
2682 4941 3054 5016 pdniiratione
3102 4945 3474 5014 cumulavere,

1900 5034 2141 5103 judicem
2165 5042 2368 5086 ret-tum
2402 5042 2454 5085 et
2479 5049 2639 5099 quam
2674 5035 3114 5101 augustissimum
3146 5037 3477 5106 appellantes

1905 5135 1959 5180 et
1994 5125 2188 5179 merito
2223 5124 2532 5177 inferiorem
2576 5125 2749 5178 locum
2798 5126 3186 5193 possidentem.
3250 5127 3474 5183 Patebat

1904 5227 2083 5269 autem
2116 5231 2208 5269 eos
2234 5214 2387 5284 plura
2422 5215 2554 5268 velle
2582 5216 2762 5269 dicere
2791 5233 2950 5283 quam
2978 5219 3303 5273 annuntiare
3320 5230 3472 5288 pote-

1903 5317 2049 5371 rant,
2093 5323 2243 5361 suam
2273 5307 2337 5360 de
2375 5316 2424 5359 te
2459 5308 2786 5360 sententiam
2816 5307 2995 5377 lingua
3033 5307 3291 5376 majorem
3325 5310 3470 5363 iudi-

1903 5409 2109 5453 cantes.
2148 5380 2261 5467 Ego
2293 5413 2419 5452 vero
2446 5398 2723 5453 abiisdem
2757 5400 2942 5453 multis
2964 5400 3213 5454 laudibus
3243 5411 3469 5455 ornatus

1901 5506 2039 5544 sum.
2074 5489 2276 5543 Deinde
2323 5490 2463 5543 enim
2490 5499 2730 5543 vestrum
2768 5493 3068 5545 encomium
3127 5492 3379 5560 agebant,
3413 5500 3469 5547 et

1902 5583 2203 5637 mercedem
2276 5583 2587 5652 petentibus
2645 5583 2835 5655 dabam
2892 5594 3212 5654 praesentem
3268 5584 3468 5653 episto-

1900 5674 2025 5727 lam.
