4046 6386
259 262 398 330 2792
413 273 439 302 ⁸

1746 260 2148 330 EPISTOL/E.

3321 265 3462 352 2792
3483 260 3510 301 ιι

251 361 355 432 ’καὶ
383 374 746 448 χαριεστάτην
772 371 1024 442 γλῶσσαν
1057 370 1152 424 καὶ
1201 368 1432 441 ῥέουσαν
1465 370 1560 422 ἐπὶ
1603 371 1834 432 δικαίοις

1951 369 2003 422 ιιΙ
2052 367 2323 424 sufﬁciens
2369 369 2629 425 auxilium
2678 386 2775 442 pro
2807 371 2987 442 aliquo
3031 371 3252 442 praemio
3295 346 3512 442 adiice;
3553 342 3558 346 ‘

261 470 526 538 ἁκωλύτῳ
571 468 715 538 φορᾷ
743 464 880 536 πρὸς
911 457 1226 534 συμμαχίαν
1265 461 1478 533 ἱκανὴν,
1503 461 1616 512 ἀντ’
1640 461 1833 532 ἐράνου

263 564 410 624 τινὸς
441 558 790 626 είσενέγκατε
825 573 840 588 ·
902 554 1020 624 Θεῴ
1061 572 1120 607 τε
1162 555 1324 624 φίλην
1354 554 1589 615 καὶτοῖς
1623 551 1833 605 αἰτοῦσι

266 651 671 726 κεχαρισμένην
703 647 798 703 καὶ
825 648 939 710 τοῖς
974 647 1254 717 δεομένοις
1289 643 1588 717 ἀρκοῦσαν.

817 739 944 808 una
995 737 1281 809 ΙΩΑΝΝῌ.

351 839 408 893 '0
430 839 527 907 τὴν
555 835 836 909 παροῦσαν
878 831 1165 900 ἐπιστολὴν
1209 829 1548 900 ἐπαγόμενος
1599 825 1737 896 ἀνὴρ
1762 823 1837 877 ὢν

267 932 490 1002 ἀγαθὸς,
515 929 574 994 ἐξ
607 926 818 988 ἀδικίας
862 920 1092 991 ἀδελφοῦ
1124 920 1222 991 τὴν
1270 919 1506 991 ἀπορίαν
1557 916 1834 1002 ὀδύρεται·

267 1001 390 1080 ὅθεν
417 1018 829 1090 καταλαμδάνει
868 1015 966 1088 τὴν
1001 1014 1301 1083 Καίσαρος,
1331 1011 1396 1065 ἄν
1423 1027 1528 1081 περ
1554 1003 1667 1072 οἷός
1692 1023 1749 1060 τε
1769 1001 1837 1076 ἦν

268 1115 336 1170 τὰ
393 1111 740 1181 προσήκοντα
793 1103 1187 1176 κομιούμενος·
1220 1100 1356 1156 ἀλλὰ
1399 1097 1682 1152 συλλαϐεῖν
1709 1113 1839 1150 κατ-

268 1203 522 1273 αξίωσον,
557 1201 683 1263 τοὺς
720 1199 850 1266 παρ’
897 1197 1024 1266 ὑμῖν
1071 1192 1333 1255 δυνατοὺς
1389 1191 1468 1255 είς
1519 1187 1840 1258 συμμαχίαν

269 1293 417 1368 αὐτῷ
467 1290 901 1363 παρασκευάζων
953 1285 1266 1357 ἀρκοῦσαν·
1342 1283 1469 1352 μίαν
1537 1280 1645 1352 γὰρ
1726 1278 1838 1348 ἔχει

269 1384 622 1459 παραμυθίας
663 1376 1020 1457 ἐλπίδα,ςτῆς
1069 1375 1264 1429 ἐκτῶν
1294 1373 1476 1443 νόμων
1517 1370 1840 1439 ἐπικουρίας

268 1455 476 1551 τυχεῖν,
507 1469 574 1547 ἧς
596 1473 849 1527 πλεῖστον
870 1455 1008 1537 ἄγαν
1041 1467 1404 1538 ἐπεστέρηται
1432 1465 1640 1534 χρόνον,
1672 1479 1841 1530 πονη-

273 1571 494 1646 ρότατον
516 1571 656 1639 ἔχων
693 1565 784 1619 τὸν
814 1562 1062 1631 ἀδελφὸν,
1096 1561 1191 1615 καὶ
1217 1559 1539 1628 καινοτέρας
1566 1553 1842 1616 διαλύσεις

270 1672 357 1726 ἀεὶ
383 1664 774 1738 μηχανώμενον
796 1677 810 1692 ·
838 1660 960 1713 ὃθεν
1009 1658 1156 1727 αὐτῷ
1183 1657 1282 1728 τὴν
1313 1655 1550 1726 ἀπορίαν
1579 1665 1842 1724 παραμυ-

271 1759 532 1832 θήσασθε,
561 1757 660 1819 τὰς
693 1751 802 1806 τῶν
828 1751 1195 1822 δικαστηρίων
1238 1747 1485 1811 δαπάνας
1508 1746 1583 1809 ὡς
1617 1743 1844 1798 δυνατὸν

271 1849 710 1924 περικόπτοντες.

677 1932 807 2002 ἥθ’..
835 1931 1114 2002 ΦΙΛΙΠΠῼ
1149 1927 1437 1998 ΑΔΕΛΦῼ.

343 2030 445 2082 Τὸν
499 2027 703 2096 ταύτην
737 2025 865 2095 ὑμῖν
927 2021 1223 2093 κομίζοντα
1269 2019 1368 2089 τὴν
1407 2015 1698 2087 ἐπιστολὴν
1757 2015 1851 2070 καὶ

273 2117 446 2183 ἄλλως
469 2119 568 2189 μὲν
583 2117 848 2180 ἐπόθουν,
878 2114 976 2184 οὐχ
1004 2113 1204 2183 ἥκιστα
1238 2109 1296 2162 δὲ
1332 2109 1413 2162 ὅτι
1441 2124 1548 2179 περ
1576 2107 1731 2177 ὑμῶν
1763 2107 1849 2159 ἐπ’

271 2213 495 2282 ἀγαθοῖς
544 2209 630 2262 ἀεὶ
667 2205 1043 2278 μεμνημένος·
1074 2202 1230 2274 τέλος
1277 2200 1371 2253 καὶ
1413 2199 1510 2268 τῆς
1535 2198 1851 2268 πρδςῖὖμᾶς

273 2301 562 2372 ἐπιστολῆς
593 2299 717 2368 ἐμοὶ⁸
755 2297 978 2366 γέγονεν
1007 2293 1198 2357 αἴτιος,
1245 2289 1415 2344 δεινὸν
1453 2285 1592 2343 εἷναι
1626 2288 1850 2360 φάσκων

275 2396 324 2448 εί
350 2394 457 2448 τῶν
486 2391 544 2457 ἐξ
577 2389 710 2462 ἐμοῦ
740 2387 1082 2460 γραμμάτων
1110 2384 1313 2456 ἕρημος
1337 2383 1465 2453 ὑμῖν
1487 2381 1846 2450 ἐπιφαίνοιτο.

274 2486 350 2538 Σὺ
376 2484 432 2536 δὲ
457 2481 585 2550 γοῦν
618 2481 746 2550 μίαν
770 2480 898 2550 ἡμῖν
925 2475 1209 2537 ἀντεπίθες
1231 2472 1536 2542 ἐπιστολὴν,
1567 2472 1660 2525 καὶ
1691 2471 1851 2524 λύσον

273 2576 386 2629 έτει
413 2575 647 2644 πέμπτῳ
675 2571 812 2642 μετὰ
845 2569 954 2622 τῶν
987 2564 1343 2635 Πυθαγορίων
1371 2563 1468 2631 τὴν
1497 2562 1709 2632 σιωπήν
1733 2576 1746 2589 ·
1776 2560 1852 2624 ὡς

273 2667 436 2736 ἡμεῖς
478 2664 573 2717 καί⁴
605 2661 867 2729 Δωδώνης
897 2657 1146 2729 χαλκεῖον
1187 2653 1513 2724 γεγόναμεν,
1545 2649 1763 2722 κινῆσαί
1793 2666 1852 2702 σε

275 2758 413 2828 πρὸς
446 2747 636 2824 λόγὸυς
665 2752 997 2823 βουλόμενοι.

852 2839 931 2891 P'.
975 2833 1287 2903 ΕΥΛΓΡΙῼ.

361 2936 448 2999 Ὡς
481 2931 774 2994 ποθοῦντος
797 2929 936 2998 ἄγαν
967 2929 1016 2982 οἱ
1045 2927 1214 2995 λόγοι,
1245 2922 1340 2978 καὶ
1368 2923 1434 2992 τῇ
1467 2919 1607 2973 κατὰ
1634 2917 1850 2970 πάντων

1937 468 1992 514 et
2023 457 2131 514 Deo
2157 460 2377 514 eharam
2407 470 2460 515 et
2510 463 2788 519 orantibus
2836 463 3130 534 gratiosam
3169 470 3225 518 et
3267 462 3516 536 indigen-

1939 551 2080 606 tibus
2114 552 2492 621 opitulantem.
3311 615 3326 621 _
3526 544 3529 548 ’

2456 728 2684 787 XCVIII.
2724 731 2984 788 JOANNI.

2009 822 2110 889 Qui
2147 831 2482 893 ..pr:eseutem
2542 826 2821 892 epistolam
2876 823 3115 895 perfert,
3162 829 3247 882 vir
3292 824 3533 900 probus,

1937 926 2005 971 ex
2049 913 2313 982 injustitia
2363 913 2550 968 fratris
2591 915 2826 986 inepiam
2869 917 3215 973 lamentatur.
3258 918 3410 975 Unde
3447 922 3515 976 ad

1936 1005 2202 1076 justitiam
2254 1005 2484 1063 Caesaris
2541 1009 2815 1078 confugit,
2868 1010 2912 1064 si
2964 1011 3068 1069 hoc
3121 1013 3281 1068 modo
3338 1013 3517 1067 debita

1946 1096 2118 1166 possit
2173 1112 2516 1168 recuperare.
2559 1099 2662 1154 Sed
2715 1099 2788 1154 illi
2848 1102 3098 1170 opitulari
3150 1104 3408 1171 dignare.
3462 1103 3514 1158 in

1941 1188 2200 1243 auxilium
2243 1190 2318 1244 illi
2372 1189 2641 1247 sulIiciens
2693 1207 2891 1262 parans
2937 1209 3032 1250 eos
3084 1198 3174 1266 qui
3231 1197 3370 1265 apud
3423 1210 3518 1250 vos

1946 1291 2194 1348 petentes
2252 1291 2398 1336 sunt.
2456 1279 2629 1336 Uuatn
2688 1285 2830 1338 enim
2891 1285 3051 1340 habet
3111 1301 3259 1355 spem
3318 1286 3517 1350 solatii,

1945 1385 2135 1440 nempe
2183 1387 2240 1426 se
2289 1371 2466 1441 legum
2515 1372 2924 1442 opitulationem
2976 1378 3360 1438 obtentui-um,
3412 1393 3518 1445 qua

1946 1465 2125 1517 tandiu
2178 1465 2427 1533 privatus
2476 1476 2589 1528 est,
2640 1465 3098 1533 improbissimum
3153 1469 3377 1523 fratrem
3428 1468 3522 1523 ha-

1943 1555 2098 1620 bens,
2133 1557 2221 1625 qui
2255 1556 2498 1625 quotidie
2524 1573 2660 1611 nova
2700 1559 2900 1614 fmdera
2941 1561 3300 1617 machinatur.
3335 1561 3524 1630 Itaque

1949 1647 2095 1702 illius
2155 1657 2450 1716 egestatem
2513 1648 2798 1717 solemiui,
2859 1649 3184 1719 judiciorum
3249 1654 3521 1723 impensas

1951 1738 2404 1809 quamplurimum
2440 1737 2766 1806 recidentes.

2304 1915 2486 1970 XCIX.
2529 1914 2845 1972 PIIILIPPO
2886 1917 3166 1975 FRATRI.

2023 2009 2156 2062 Eum
2192 2008 2285 2078 qui
2321 2009 2472 2063 vobis
2508 2009 2647 2064 hanc
2685 2009 2887 2076 perfert
2912 2012 3195 2079 epistolam
3226 2021 3280 2068 et
3309 2013 3525 2069 aliunde

1951 2099 2168 2169 quidem
2221 2099 2405 2171 diligo,
2447 2114 2554 2154 non
2609 2099 2786 2155 minus
2839 2111 3016 2156 autem
3066 2105 3208 2172 quod
3259 2106 3424 2160 vestri
3468 2106 3522 2161 in

1951 2191 2106 2247 honis
2144 2193 2413 2246 mem-init.
2447 2191 2562 2244 Imo
2593 2202 2648 2245 et
2679 2192 2837 2259 hujus
2871 2192 2938 2245 ad
2963 2208 3062 2248 vos
3089 2193 3328 2263 epistola:
3361 2209 3525 2251 causa
3569 2187 3578 2196 ’

1951 2281 2129 2338 factus
2167 2291 2270 2347 cst,
2307 2283 2503 2336 mirum
2545 2296 2668 2336 esse
2701 2281 2977 2346 dictitans,
3009 2282 3054 2335 si
3097 2298 3163 2336 ex
3195 2299 3280 2338 me
3320 2276 3527 2338 littera-

1953 2391 2070 2428 rum
2095 2389 2300 2429 vacuus
2331 2387 2515 2427 coram
2561 2372 2714 2427 vobis
2751 2384 3056 2443 appareret.
3088 2374 3168 2428 Tu
3207 2391 3336 2430 vero
3373 2376 3526 2431 nobis

1955 2480 2119 2519 unam
2155 2465 2369 2519 remitte
2403 2462 2708 2530 epistolam,
2754 2474 2808 2517 et
2851 2467 3041 2532 quinto
3081 2481 3223 2519 anno
3258 2481 3378 2521 eum
3420 2467 3526 2538 Py-

1955 2555 2228 2626 thagoreis
2279 2555 2556 2608 silentium
2611 2554 2779 2609 solve.
2846 2554 2952 2609 Nos
3003 2555 3146 2611 enim
3193 2565 3249 2610 et
3291 2555 3526 2613 Dodona:

1954 2648 2187 2702 ahenum
2244 2645 2371 2699 facti
2435 2657 2642 2708 sumus,
2701 2654 2754 2699 te
2809 2646 2875 2700 ad
2933 2647 3094 2701 verba
3156 2661 3376 2703 movere
3432 2663 3529 2704 vo-

1953 2739 2146 2794 lentes.

2517 2837 2578 2893 C.
2622 2833 2946 2890 EVAGRIO.

2023 2924 2162 2980 Sunt
2188 2925 2304 2980 haec
2330 2928 2497 2982 verba
2544 2939 2797 2998 tanquam
2830 2927 3067 2981 hominis
3096 2926 3318 2980 nimium
3349 2940 3528 2979 aman-

274 3029 404 3098 νίκῃ
447 3021 744 3093 στεφανοῦν
790 3017 1090 3087 ἐγνωκότες
1118 3015 1187 3069 τὰ
1241 3008 1605 3069 παιδικάοὼς
1646 3006 1755 3076 γὰρ
1791 3006 1846 3057 ἐν

1958 3017 2044 3084 tis,
2073 3026 2126 3072 et
2170 3015 2336 3071 relata
2373 3019 2440 3074 de
2475 3020 2726 3075 omnibus
2765 3018 2991 3073 victoria
3023 3033 3250 3088 puerum
3287 3029 3528 3070 amatum

274 3096 401 3181 τοῖς
420 3119 534 3180 σοῖς
566 3116 888 3186 γράμμασιν
916 3110 975 3164 οὐ
1007 3109 1132 3171 τοὺς
1164 3106 1257 3160 νῦν
1292 3105 1450 3174 μόνον
1473 3101 1686 3162 ἐνίκων,
1711 3096 1846 3151 ἀλλὰ

1954 3124 2219 3165 coronare
2263 3109 2517 3164 volentis.
2555 3110 2605 3164 lu
2649 3111 2756 3166 tuis
2794 3110 2938 3164 enim
2973 3110 3168 3165 litteris
3217 3123 3320 3162 non
3369 3108 3528 3162 modo

275 3212 370 3265 καὶ
398 3210 425 3262 ὃ
453 3208 532 3279 μὴ
553 3207 713 3277 θέμις
745 3205 936 3268 εἰπεῖν,
970 3200 1065 3254 καὶ
1093 3196 1442 3270 Δημοσθένης
1496 3195 1716 3264 ἥττητο,
1750 3190 1844 3243 καὶ

1951 3216 2046 3256 eos
2077 3201 2166 3269 qui
2204 3209 2332 3254 tunc
2377 3203 2635 3269 temporis
2669 3201 2965 3266 exsistunt,
3001 3200 3146 3264 vici;
3178 3202 3271 3255 sed
3301 3207 3356 3254 ct
3383 3199 3529 3269 quod

275 3299 603 3368 Θουκυδίδης
626 3293 736 3365 εἶχε
767 3295 833 3348 τὰ
858 3291 1106 3362 δεύτερα,
1133 3289 1228 3343 καὶ
1270 3289 1298 3340 ό
1324 3286 1526 3354 γλυκὺς
1567 3283 1846 3354 Ἡρόδοτος

1953 3308 2060 3347 non
2101 3293 2179 3346 fas
2208 3301 2290 3347 est
2318 3292 2520 3360 dicere,
2555 3291 2946 3348 Demosthenes
2982 3291 3098 3361 ipse
3134 3291 3307 3368 vietus
3340 3303 3444 3355 est,
3475 3300 3532 3345 et

280 3393 418 3465 μετὰ
439 3391 642 3444 τούτων
673 3388 925 3442 ἐτάττετο
946 3404 960 3418 ο
991 3385 1066 3448 ὡς
1098 3380 1334 3444 τοιοῦτος
1353 3375 1420 3451 ἦν
1449 3380 1505 3431 ἐν
1536 3378 1645 3440 τοῖς
1667 3375 1846 3443 λόγοις

1951 3380 2295 3450 Thucydides
2328 3377 2555 3434 inferior
2595 3379 2721 3446 fuit,
2753 3388 2806 3434 et
2840 3380 3024 3434 salvis
3059 3367 3362 3434 Herodotus
3403 3391 3526 3430 cum

280 3462 561 3554 μειδιάσας
586 3477 724 3548 πρὸς
746 3462 979 3548 ὲμαυτδν
1016 3473 1166 3527 οὐδὲν
1193 3471 1268 3542 (I)
1297 3509 1311 3522 .
1346 3507 1362 3522 .
1401 3509 1414 3522 .
1444 3467 1556 3538 ᾠην
1581 3467 1679 3536 τῆς
1710 3465 1846 3536 Epeo-

1949 3471 2079 3542 ipsis
2111 3485 2498 3527 aunumeratus
2527 3478 2632 3528 est.
2739 3483 2756 3529 '.

276 3589 367 3639 τος
394 3571 710 3633 δυναστείας
751 3566 1145 3638 σφοδρότερον·
1197 3565 1264 3634 τῇ
1295 3560 1402 3631 γὰρ
1446 3560 1610 3629 περὶ.
1655 3597 1668 3610 .
1708 3595 1722 3612 .
1755 3573 1847 3608 το-
1952 3605 1966 3618 ,

277 3678 370 3732 χος
399 3663 426 3713 ὁ
454 3659 708 3729 φίλτατος
733 3654 994 3727 γεγονὼς,
1026 3650 1261 3723 ἠγνόησέ
1299 3649 1494 3720 μουιτὰ
1523 3647 1845 3719 πράγματα,
1955 3694 1969 3709 ,

277 3753 374 3807 καὶ
407 3751 636 3822 παρέχει
660 3766 713 3802 τι
743 3745 1122 3818 παραπλήσιον
1145 3759 1157 3772 ·
1195 3742 1382 3812 ὥσπερ
1433 3739 1500 3794 ἂν
1551 3739 1604 3792 εί
1627 3755 1714 3807 τις
1755 3736 1847 3790 τὸν
1959 3788 1974 3805 ,

278 3843 438 3914 φοξὸν
467 3843 599 3912 παρ’
622 3841 869 3911 Ὅμηρον
889 3856 901 3870 ·
935 3837 1028 3892 καὶ
1061 3835 1116 3890 τί
1151 3834 1261 3904 γὰρ
1295 3833 1482 3904 ἕτερον
1510 3831 1542 3902 ἢ
1583 3831 1849 3901 Θερσίτην

277 3933 431 4005 παρὰ
470 3933 578 3986 τῶν
613 3931 883 4002 Ἑλλήνων
921 3931 978 3992 ἐς
1012 3928 1140 3981 θέαν
1167 3925 1413 3996 ἀπέφηνε
1442 3922 1724 3995 κρείττονα
1755 3921 1850 3975 καὶ

279 4023 445 4078 αὐτοῦ
498 4024 636 4094 τάχα
689 4020 783 4075 τοῦ
832 4019 1065 4084 Νιρέως,
1107 4017 1167 4081 ὃς
1223 4015 1507 4078 κάλλιστος
1560 4012 1696 4083 ἀνὴρ
1747 4011 1850 4064 ὑπὸ

282 4114 444 4166 Ἴλιον
476 4109 674 4184 ἧλθεν;
705 4110 862 4181 Ἐμοὶ¹
905 4109 963 4162 δὲ
990 4108 1244 4178 μέγιστος
1290 4106 1509 4167 ἔπαινος
1543 4106 1590 4158 εί
1629 4102 1849 4166 τούτους

279 4204 605 4274 ἁγνοηκέναι
653 4201 864 4270 δοκοίην
886 4241 900 4266 ,
942 4198 1034 4259 οὒς
1074 4197 1224 4269 παρὰ
1247 4213 1278 4249 σ
1303 4238 1316 4252 .
1351 4238 1364 4252 .
1398 4235 1410 4249 .
1450 4195 1845 4264 νενικήκαμεν·

280 4298 400 4350 ὅθεν
429 4312 521 4348 σου
556 4294 842 4364 Θαυμάσας
872 4291 973 4363 τὴν
999 4289 1232 4352 εὔνοιαν,
1259 4289 1383 4350 τοὺς
1405 4287 1594 4356 λόγους
1624 4284 1850 4353 ἀνεστή-

1952 3935 2019 3990 Ει
2049 3935 2175 4004 quid
2228 3931 2374 3987 aliud
2433 3931 2720 3986 Thersiten
2759 3931 2898 4001 apud
2951 3929 3168 3986 Graecos
3215 3931 3266 3983 in
3315 3937 3528 3999 specta~

1953 4030 2134 4087 culum
2188 4027 2358 4084 edidit
2406 4024 2684 4080 meliorem
2738 4023 2878 4077 forte
2925 4032 2980 4076 et
3032 4022 3148 4090 ipso
3197 4021 3389 4085 Nereo,
3437 4019 3528 4086 qui

1952 4121 2352 4193 pulcherrimus
2392 4119 2460 4172 ad
2493 4117 2644 4172 IIitttn
2685 4114 2873 4170 venit?
2899 4113 3026 4166 Mihi
3073 4123 3255 4165 autem
3290 4113 3527 4164 maxima

1953 4215 2098 4278 laus,
2130 4213 2174 4267 si
2226 4198 2476 4281 ignarare
2515 4208 2732 4264 viderer
2770 4220 2863 4259 eos
2894 4219 3030 4274 quos
3069 4217 3163 4272 per
3199 4213 3248 4256 te
3278 4203 3527 4256 vicimus.

1959 4304 2114 4361 Unde
2146 4314 2289 4357 tuam
2321 4301 2550 4356 miratus
2574 4299 3029 4360 benevolentiam,
3060 4297 3126 4349 ad
3157 4295 3317 4349 verba
3348 4309 3532 4348 amore

282 4388 383 4460 θην
410 4389 522 4449 τοῖς
546 4385 734 4456 ἔρωσι,
757 4385 900 4455 ἀμφὶ
931 4384 1019 4436 τὸν
1049 4381 1322 4435 Παιανιέα·
1356 4376 1846 4448 παραιτησάμενος,

1960 4391 2227 4451 excitatus
2275 4408 2420 4457 sum,
2463 4390 2752 4445 Paeaneum
2815 4388 3156 4454 interrogans
3206 4400 3332 4438 num
3382 4399 3532 4436 amor

279 4481 328 4532 εί
385 4459 548 4540 πόθος
585 4476 907 4547 ἀνθρώπους
956 4471 1239 4527 ἀναπείθει
1283 4471 1496 4538 λέγειν,
1542 4469 1713 4521 ὁπόσα
1765 4464 1856 4518 καὶ

277 4571 460 4639 λέγειν
519 4569 796 4621 ἐθέλουσι·
857 4567 951 4618 καὶ
999 4565 1229 4636 μάλιστα
1275 4562 1340 4633 δὴ
1393 4561 1636 4624 τούτους,
1669 4558 1856 4612 ὁπόσοι

277 4661 452 4728 λόγων
498 4657 894 4727 ’ἐναϐρύνονται
945 4655 1138 4726 ῥώμῃ·
1181 4652 1318 4706 ἀλλὰ
1364 4651 1502 4722 πρὸς
1552 4649 1715 4719 εὐχὴν
1762 4648 1857 4701 κοιλ⁸

277 4754 484 4822 ταύτην
515 4753 756 4820 ,μετρίαν
810 4751 1196 4819 τραπήσομαι,
1249 4742 1536 4812 εὐτυχοίης
1583 4739 1778 4808 λέγων,
1811 4732 1856 4791 ὦ

280 4843 526 4912 φίλτατε,
559 4841 654 4893 καὶ
684 4837 891 4908 νικοίης
922 4838 1048 4900 τοὺς
1084 4836 1301 4906 νόμους,
1334 4833 1506 4887 ὁπόσα
1533 4833 1648 4894 τοῖς
1675 4830 1852 4899 λόγοις

266 4935 590 5004 νενίκηκας.
1093 4961 1099 4968 η
1339 4973 1344 4976 .

862 5020 987 5072 PA'.
1034 5018 1259 5088 Nemo.

349 5114 529 5176 Δεινδς
573 5113 678 5182 ἄρα
723 5128 805 5173 τις
845 5106 990 5180 ἦσθα
1029 5110 1096 5161 τὰ
1144 5109 1348 5177 σμικρὰ
1403 5107 1617 5177 μεγάλα
1655 5110 1849 5174 ποιεῖν,

281 5208 376 5262 καὶ
422 5206 665 5274 γλῶτταν
713 5205 926 5273 ἄμαχον
969 5204 1026 5255 ἐν
1059 5196 1139 5262 οἷς
1188 5199 1390 5264 ἐθέλεις
1446 5201 1851 5254 ἐνδείκνυσθαι·

278 5299 568 5362 τοσούτους
609 5296 719 5366 γὰρ
751 5295 1010 5356 ἐπαίνους
1053 5293 1362 5356 ἀνέπλασας
1395 5292 1516 5346 κατ’
1550 5291 1707 5363 ἐμοῦ,
1760 5294 1855 5346 καὶ

277 5390 450 5454 οὕτως
501 5389 738 5450 εὐκόλως
794 5385 1176 5456 ἀπήγγειλας,
1232 5385 1306 5448 ὡς
1358 5385 1458 5438 οὐκ
1503 5383 1567 5438 ἄν
1607 5401 1692 5448 τις
1734 5379 1853 5436 εἷπε

279 5483 477 5556 ῥᾳδίως
509 5481 568 5545 ἐξ
596 5479 855 5551 ἀληθείας
886 5477 1235 5550 ὁρμώμενος·
1271 5477 1364 5531 καί
1405 5494 1496 5548 μοι
1535 5476 1709 5540 δοκεῖς
1733 5493 1853 5528 τοσ-

1959 4487 2274 4542 homiuibus
2335 4485 2561 4539 suadeat
2613 4491 2676 4537 ut
2724 4481 2907 4535 dicant
2957 4491 3292 4547 quaecunque
3346 4475 3534 4528 volunt

1957 4578 2160 4639 dicere,
2199 4575 2495 4645 prmsertim
2529 4588 2656 4627 vero
2687 4571 2751 4626 iis
2781 4570 3093 4626 hominibus
3123 4569 3214 4638 qui
3255 4566 3357 4621 sibi
3400 4564 3532 4635 ipsis

1958 4671 2013 4724 in
2066 4669 2353 4722 verborum
2392 4667 2442 4720 vi
2497 4665 2856 4732 eomplacent.
2913 4662 3019 4716 Sed
3073 4662 3139 4716 ad
3193 4662 3296 4716 hoc
3345 4670 3529 4714 votum

1955 4773 2167 4829 atquein
2202 4765 2486 4813 convertar
2535 4764 2749 4824 optans,
2782 4770 2814 4809 ο
2842 4753 3185 4819 cbarissime,
3233 4758 3295 4806 ut
3345 4749 3532 4805 vincas

1956 4851 2162 4923 legibus
2189 4847 2645 4918 quemadmodum
2681 4847 2866 4902 verbis
2896 4845 3090 4901 vicisti.
3117 4872 3120 4875 λ

2585 5022 2668 5077 CI.
2711 5020 2895 5078 NILO.

2024 5107 2236 5203 Peritus
2279 5130 2402 5172 eras
2447 5115 2513 5170 de
2559 5115 2743 5183 parvis
2790 5129 2985 5185 magno
3036 5114 3291 5181 faciendi,
3325 5121 3378 5168 et
3422 5112 3530 5167 lin-

1953 5221 2109 5274 guam
2147 5206 2425 5274 invictam,
2454 5207 2760 5276 ubicunque
2798 5207 2953 5274 velis,
2985 5207 3321 5262 ostendendi.
3375 5205 3532 5260 Tales

1955 5295 2096 5348 enim
2131 5295 2411 5361 laudesde
2441 5311 2528 5350 me
2554 5295 2803 5351 efﬁnxiin
2838 5305 2892 5351 et
2926 5305 3033 5350 tam
3066 5297 3297 5366 ingenue
3323 5311 3531 5349 aunun-
3615 5345 3622 5352 .

1957 5387 2101 5442 tiasti
2151 5389 2339 5458 quales
2376 5403 2562 5460 neque
2608 5391 2729 5459 quis
2779 5388 2938 5444 facile
2979 5390 3207 5444 dixisset
3251 5389 3532 5443 veritatem

1955 5489 2196 5536 secutus.
2241 5481 2308 5537 Et
2348 5482 2480 5538 mihi
2522 5482 2723 5539 videris
2777 5482 2867 5538 tali
2912 5481 3095 5554 lingua
3139 5480 3360 5548 ell'uudi,
3392 5479 3535 5536 forte

348 5668 425 5740 (I)
452 5665 776 5722 Vocabulum
807 5678 912 5718 non
937 5663 1148 5735 legitur.
1181 5659 1371 5716 Itidem
1405 5661 1456 5714 in
1484 5669 1744 5732 sequente
1769 5658 1962 5717 lacuna.
1986 5669 2235 5732 utraque.

325 5741 372 5784 ‘
595 5762 864 5821 emat.
911 5759 1026 5823 Gn.
1073 5756 1445 5820 Lxxxvu.

3115 5751 3221 5819 δῖ*
