4014 6562
220 421 366 490 2792
383 433 407 461 °

1666 414 2074 479 EPiSTOLrE.

3301 419 3442 484 2792
3457 419 3481 460 ί

220 536 270 596 ὦ
311 541 451 597 Ζεῦ·
485 540 549 594 ού
601 536 814 610 χρόνον,
848 534 911 588 οὗ
952 532 1145 587 πολιὰν
1181 528 1442 602 ἐλεεινὴν,
1489 529 1552 584 ού
1590 530 1650 584 τὸ
1697 530 1795 599 τῆς

1914 546 2005 582 1011
2060 538 2305 594 tempus,
2352 544 2461 582 non
2516 544 2684 584 canos
2740 530 3101 595 miserabiles,
3142 548 3247 588 non
3299 537 3491 593 matris

228 635 435 707 μητρὸς
482 631 753 693 αἰδεσθεὶς
784 627 1167 699 φιλάνθρωπον
1195 624 1399 694 ὄνομα·
1430 622 1546 677 ἀλλ’
1580 622 1684 694 ἤδη
1714 621 1808 675 κῖιύ⁹

229 730 421 799 βιαίως
463 724 797 796 ἀνατρέψας,
839 722 920 785 είς
969 720 1073 789 γῆν
1115 715 1399 772 κατέϐαλε
1444 727 1467 754 ο
1492 731 1507 746 °
1551 713 1645 768 καὶ
1707 712 1808 779 λὰξ

224 823 347 875 κατ’
379 819 551 888 αὐτῆς
579 816 858 888 ὲνήλλατο,
904 812 1115 883 βοώσης
1152 806 1266 863 οἷον
1297 807 1465 872 εἰκὸς,
1514 806 1611 860 καὶ
1644 806 1809 859 παῖδα

228 912 534 982 καλούσης’
586 909 680 964 καὶ
724 909 777 961 τί
810 906 919 977 γὰρ
966 904 1068 957 οὐκ
1104 902 1171 956 ἂν
1223 903 1371 955 εἴποι
1415 900 1632 970 μήτηρ,
1690 898 1807 988 μετ’

222 998 423 1067 ὠδῖνας
472 1001 569 1056 καὶ
595 998 803 1073 τροφὴν
838 998 933 1051 καὶ
973 997 1070 1058 τὰς
1103 993 1273 1056 καλὰς
1306 989 1523 1053 ὲκείνας
1567 987 1805 1050 ἐλπίδας,

223 1097 452 1152 τοιαῦτα
510 1094 663 1165 παρά
736 1091 831 1145 τοῦ
908 1088 1101 1151 παιδὸς
1150 1082 1564 1155 ἀνασχομένηλά
1619 1081 1806 1147 κακά;

228 1187 548 1240 τελευταῖον
600 1182 657 1236 δὲ
719 1178 814 1233 καὶ
864 1181 962 1249 τῆς
1010 1178 1189 1239 οίκίας
1247 1173 1455 1242 ταύτην
1501 1170 1805 1242 ἀπήλασεν,

223 1279 453 1348 ἄπορον,
506 1273 740 1343 γυμνὴν,
787 1271 896 1323 τῶν
929 1268 1240 1335 ἀναγκαίων
1289 1264 1698 1335 ἑστερημένηνο
1748 1260 1808 1315 ἓν

228 1366 360 1427 ἱσως
398 1363 557 1415 τοῦτο
606 1360 996 1432 χαρισάμενος,
1036 1358 1120 1411 ὅτι
1171 1354 1266 1409 τοῦ
1326 1356 1561 1407 συνεῖναι
1604 1350 1809 1423 ταύτην

227 1454 540 1524 ἀπήλλαξεο
572 1453 666 1505 καὶ
695 1450 789 1503 νῦν
843 1443 996 1510 οὗτος
1034 1447 1131 1517 μὲν
1175 1446 1417 1516 ἐντρυφᾷ
1453 1446 1564 1508 τοῖς
1604 1443 1809 1497 τούτων

228 1547 443 1609 κακοῖς,
479 1543 616 1614 γυνὴ
648 1542 703 1595 δὲ
746 1540 943 1610 γραῦς,
985 1540 1079 1593 καὶ
1106 1538 1175 1590 τὰ
1210 1537 1396 1607 πρῶτα
1442 1535 1684 1607 φέρουσα
1711 1537 1810 1605 τῆς

229 1641 363 1710 παρ’
396 1639 528 1709 ἡμῖν
561 1630 867 1703 εὐγενείας,
899 1634 954 1683 ὲν
982 1633 1101 1692 ταῖς
1128 1628 1287 1700 χερσὶ
1317 1628 1411 1690 τὰς
1448 1627 1671 1689 ἐλπίδας
1698 1625 1810 1696 ἔχει

226 1729 323 1784 τοῦ
352 1730 499 1799 βίου·
524 1727 603 1798 τῷ
629 1727 685 1779 δὲ
710 1723 932 1796 χρηστῷ
960 1722 1117 1793 τῷδε,
1146 1721 1240 1774 καὶ
1275 1720 1336 1773 τὸ
1374 1717 1577 1787 ταύτης
1615 1717 1807 1781 πάθος,

226 1821 362 1892 ἄλλη
394 1822 603 1890 γίνεται
633 1818 889 1889 συμφορά
914 1833 927 1846 ·
957 1819 1049 1869 καὶ
1080 1815 1220 1885 πρὸς
1250 1812 1346 1884 τὴν
1371 1813 1577 1867 οἰκείαν
1602 1809 1808 1883 τροφὴν

1910 620 2069 675 dulce
2128 636 2322 675 nomen
2385 623 2671 676 reveritus.
2725 620 2833 677 Sed
2877 623 2989 693 jam
3047 640 3164 679 eam
3225 627 3491 683 violenter

1910 711 2253 776 subvertens,
2296 710 2346 763 in
2398 721 2597 765 terram
2648 712 2921 780 projecit,
2971 720 3027 768 et
3078 714 3224 771 calce
3274 717 3326 771 in
3366 733 3490 774 eam

1910 802 2139 867 insiluit,
2181 804 2532 869 clamantem,
2583 815 2646 859 ut
2694 808 2912 872 merito,
2959 817 3016 862 et
3071 808 3238 863 lilium
3294 825 3491 866 vocan-

1912 907 2039 951 tem.
2076 896 2212 962 Quid
2250 897 2392 950 enim
2428 914 2532 951 non
2569 897 2772 953 diceret
2807 909 3000 964 mater,
3028 909 3149 969 post
3180 911 3365 972 partus
3391 908 3488 959 do-

1911 986 2075 1049 lores,
2108 996 2164 1039 et
2195 986 2575 1040 educationem
2629 997 2683 1041 et
2730 989 2983 1057 pulchras
3026 991 3146 1045 illas
3186 1007 3331 1062 spes,
3365 994 3489 1049 talia

1908 1095 1938 1129 a
1970 1076 2078 1130 iiiio
2107 1074 2318 1144 patiens
2363 1077 2522 1131 mala.
2559 1076 2799 1147 Denique
2839 1087 2893 1133 et
2925 1080 3084 1132 domo
3111 1096 3228 1134 eam
3261 1084 3487 1152 expulit,

1910 1178 2183 1237 egentem,
2217 1170 2439 1233 undam,
2477 1171 2802 1225 necessariis
2854 1182 3172 1239 carentem;
3222 1174 3272 1227 id
3324 1191 3489 1229 unum

1913 1262 2053 1316 forte
2085 1262 2156 1315 illi
2192 1261 2494 1330 indulgens,
2528 1264 2673 1333 quod
2718 1262 2801 1317 sui
2849 1265 3110 1319 societate
3144 1282 3261 1319 eam
3293 1257 3486 1321 solvit.

1910 1352 1977 1406 Et
2016 1369 2159 1407 nunc
2204 1352 2291 1406 ille
2339 1352 2554 1421 quidem
2602 1352 2798 1407 talibus
2843 1354 3000 1407 malis
3040 1355 3298 1409 exsultat.
3342 1358 3491 1411 Anus

1911 1456 2118 1511 autem,
2151 1457 2205 1500 et
2248 1446 2450 1515 primas
2505 1445 2812 1500 nobilitates
2856 1448 2995 1516 apud
3047 1464 3145 1503 nos
3190 1464 3404 1517 gerens.
3436 1451 3488 1504 in

1913 1536 2161 1591 manibus
2200 1552 2310 1591 sua:
2358 1537 2483 1591 vitae
2529 1553 2678 1607 spem
2726 1538 2906 1593 habet.
2952 1538 3026 1593 illi
3066 1550 3244 1595 autem
3286 1543 3492 1611 optimo

1910 1639 1965 1682 et
1996 1628 2153 1699 hujus
2187 1629 2409 1684 miseria
2456 1629 2599 1683 aliud
2638 1630 2990 1686 infortunium
3025 1640 3148 1698 est;
3193 1643 3247 1687 et
3275 1635 3385 1702 jam
3424 1636 3491 1687 ad

1914 1720 2191 1788 proprium
2222 1719 2423 1773 victum
2459 1719 2728 1790 indigens,
2763 1735 2880 1773 eam
2919 1731 3096 1776 tamen
3140 1723 3355 1791 excepit
3390 1723 3492 1792 ipsi

1916 1812 2190 1866 miseriam
2248 1814 2629 1884 adaugentem.
2685 1814 2793 1869 Sed
2852 1814 3222 1868 necessariqu
3285 1825 3493 1869 natura:

226 1912 631 1985 ἀπορούμενος,
676 1909 971 1975 ὑπεδέξατο
1008 1908 1235 1977 ταύτην,
1278 1904 1653 1959 ἐπιτείνουσαν
1708 1902 1805 1971 μὲν

1917 1905 2154 1957 debitum
2210 1904 2393 1959 solvit.
2448 1904 2527 1977 Et
2571 1922 2714 1961 nunc
2774 1922 2880 1960 una
2938 1908 3183 1961 habitant
3238 1908 3490 1962 solatium

226 2006 378 2075 αύτῷ
409 2003 508 2077 τὴν
562 2002 768 2056 ἔνδειαν
788 2018 803 2034 ο
833 2002 985 2071 ὅμως
1020 1999 1315 2066 ἀναγκαῖον
1370 1996 1528 2067 χρέος
1558 1994 1758 2048 ἐκτίνει
1784 2005 1808 2033 ε

238 2097 306 2165 τῇ
337 2092 525 2162 φύσει·
580 2089 671 2143 καὶ
708 2088 802 2142 νῦν
852 2087 1088 2142 σύνεισιν
1133 2085 1384 2152 ἀλλήλοις
1435 2085 1565 2156 μίαν
1594 2084 1811 2155 ἔχοντες

228 2183 587 2256 παραμυθίαν
612 2223 627 2247 ,
654 2182 733 2235 ὅτι
768 2182 841 2251 μὴ
868 2179 1039 2234 πλείω
1071 2178 1405 2232 πεπόνθασιν
1424 2194 1440 2210 ⁶
1462 2180 1496 2249 ἡ
1530 2179 1586 2230 δὲ
1621 2180 1807 2249 μήτηρ

225 2271 317 2330 οἷα
344 2276 517 2346 δήπου
562 2272 721 2343 γυνὴ,
748 2273 843 2325 καὶ
867 2268 1092 2324 τοιαῦτα
1130 2266 1398 2332 παθοῦσα,
1422 2268 1519 2321 ἕνα
1552 2267 1664 2337 βίον
1690 2267 1807 2335 ἔχει

225 2368 286 2420 τὸ
326 2365 638 2437 μεμνῆσθαι
661 2362 769 2415 τῶν
816 2360 1021 2422 ἑαυτῆς
1052 2359 1260 2419 κακῶν,
1298 2358 1391 2410 καὶ
1424 2356 1692 2426 δακρύειν.
1711 2354 1805 2408 ἐπὶ

226 2462 293 2529 τῇ
328 2460 513 2529 μνήμη
533 2475 545 2487 ·
579 2455 675 2509 καὶ
717 2454 815 2524 τὴν
842 2452 1010 2522 θηλὴν
1037 2447 1414 2504 ὑποδεικνύειν
1446 2450 1513 2517 τῇ
1561 2447 1683 2518 δίκῃ
1714 2441 1803 2500 οἷα

226 2551 463 2604 πέπονθε
494 2546 850 2619 διηγουμένη.
890 2542 1077 2597 Ταῦτα
1106 2542 1286 2593 τοίνυν
1325 2542 1403 2601 εἰς
1447 2539 1573 2590 νοῦν
1601 2535 1803 2603 λαϐὼν,

227 2644 322 2695 καὶ
351 2640 517 2710 μηδὲν
546 2639 691 2709 ἡμᾶς
722 2634 1071 2706 προστιθέναι
1096 2633 1213 2713 ταῖς
1246 2628 1525 2699 ἀληθείαις
1552 2628 1801 2698 νομίσας,

226 2731 367 2786 ἀλλὰ
417 2730 486 2783 τὰ
546 2728 816 2798 κεφάλαια
864 2724 888 2765 ί
937 2726 1096 2796 μόνον
1149 2720 1425 2776 δεικνύναι
1466 2718 1569 2789 τῆς
1632 2716 1802 2773 αὑτοῦ

227 2822 519 2893 πονηρίας,
556 2820 646 2875 διὰ
683 2821 774 2873 τὸν
808 2819 907 2887 τῆς
937 2815 1227 2884 ἐπιστολῆς
1265 2814 1484 2884 καιρὸν,
1530 2810 1803 2882 μέτρησόν

1916 1996 2134 2050 unicum
2190 1997 2450 2052 habentes
2506 2001 2647 2067 quod
2702 2014 2806 2052 non
2858 1997 3008 2068 plura
3056 1999 3297 2069 perpessi
3357 1999 3488 2052 sint.

1918 2086 2086 2142 Mater
2125 2098 2329 2151 autem,
2370 2098 2552 2155 utpote
2583 2089 2795 2144 .muiier
2841 2097 2895 2143 ct
2952 2086 3075 2141 talia
3124 2104 3281 2158 passa
3325 2098 3489 2143 totam

1919 2179 2084 2232 vitam
2125 2180 2287 2233 habet
2325 2195 2545 2234 suorum
2583 2182 2842 2234 maiorum
2880 2181 3191 2236 meminisse
3222 2191 3271 2235 et
3302 2196 3490 2235 eorum

1914 2270 2173 2324 memoria
2223 2272 2549 2342 iacrymare,
2590 2281 2643 2327 et
2692 2274 2984 2326 mamillam
3023 2274 3306 2327 ostendere
3344 2271 3490 2338 judi-

1910 2360 2063 2414 cibus
2096 2362 2277 2429 qualia
2322 2377 2477 2430 passa
2519 2364 2591 2416 sit
2630 2377 2918 2419 enarrans.
2965 2362 3090 2417 "me
3125 2378 3284 2431 porro
3315 2376 3494 2417 mente

1910 2454 2130 2521 capiens
2161 2463 2215 2507 et
2248 2470 2565 2521 persuasum
2613 2456 2820 2510 habens
2860 2471 2986 2509 vero
3035 2455 3169 2510 nihil
3216 2470 3313 2510 nos
3353 2455 3493 2525 adji-

1912 2558 2061 2603 cere,
2096 2544 2189 2597 sed
2242 2545 2414 2599 solum
2470 2547 2627 2613 hujus
2667 2546 2888 2599 malitia:
2938 2546 3294 2599 summarium
3334 2545 3490 2599 exhi-

1915 2634 2067 2700 bere,
2105 2645 2254 2691 tuum
2296 2640 2533 2692 stmlium
2583 2638 2726 2692 illius
2775 2637 2980 2691 malitia
3017 2637 3225 2691 metire.
3262 2636 3329 2689 Et
3369 2646 3490 2690 esto

1915 2727 2036 2781 talis
2067 2730 2278 2795 qualem
2318 2740 2367 2783 te
2398 2745 2516 2784 esse
2549 2730 2689 2785 Dens
2720 2730 2910 2799 exigit,
2945 2738 3000 2783 et
3033 2728 3288 2783 amicitiae
3322 2727 3404 2782 lex
3434 2736 3492 2781 et

1909 2817 2109 2886 injuria
2142 2819 2455 2874 aﬂ'ectorum
2487 2836 2635 2890 spes.

227 2929 326 2966 σου
351 2912 449 2983 τὴν
478 2909 708 2981 σπουδὴν
731 2908 868 2979 πρὸς
884 2906 982 2977 τὴν
1007 2906 1215 2958 ἐκείνου
1245 2904 1472 2957 κακίαν
1507 2900 1601 2954 καὶ
1627 2899 1789 2969 γενοῦ
1823 2903 2084 2974 τοιοῦτος,
2132 2903 2243 2962 οἷον
2328 2910 2387 2964 σὲ
2428 2911 2587 2976 ,Θεὸς
2636 2912 2879 2978 ἀπαιτεῖ,
2928 2912 3020 2965 καὶ
3085 2912 3269 2982 φιλίας
3320 2912 3485 2982 νόμος

227 3008 324 3062 καὶ
350 3009 382 3078 ἡ
412 3006 518 3059 τῶν
548 3002 915 3073 ἀδικουμένων
948 2998 1123 3061 ὲλπίς.

772 3091 892 3149 PA'.
932 3089 1255 3161 ΔΩΡΟΘΕῼ.

301 3189 471 3244 Πάλιν
495 3186 775 3248 εὐσεϐείας
807 3183 1018 3254 καιρὸς,
1045 3181 1142 3234 καὶ
1173 3180 1333 3233 πάλιν
1364 3177 1502 3249 πρὸς
1533 3178 1632 3249 τὴν
1661 3176 1801 3247 ὗμε-

224 3282 393 3354 τέραν
451 3280 642 3351 σοφίαν
695 3280 723 3331 ὁ
773 3276 992 3347 δρόμος.
1061 3275 1225 3344 Ἀνήρ
1279 3289 1363 3335 τις
1417 3270 1525 3323 τῶν
1575 3269 1806 3334 ἑαυτοὺς

235 3368 547 3426 ἀναθέντων
592 3367 713 3437 Θεῴ
745 3365 840 3419 καὶ
894 3366 957 3418 ὲκ
1008 3361 1324 3433 φιλοσοφίας
1360 3361 1799 3431 γνωριζομένων,

227 3462 292 3527 ἐξ
329 3461 513 3515 ἀδίκου
558 3455 1035 3526 συκοφαντίας,ὡς
1066 3455 1263 3516 ἔοικεν,
1309 3452 1387 3522 τῷ
1426 3450 1519 3504 τοῦ
1547 3449 1805 3504 δικαστοῦ

227 3553 391 3625 Ουμῷ
445 3551 885 3620 περιπέπτωκεν,
920 3545 995 3611 ὡς
1034 3547 1221 3612 δεξιὰν
1272 3545 1514 3615 ἀντάρας
1551 3543 1807 3614 πολέμιον

231 3646 376 3700 κατὰ
403 3644 510 3697 τῶν
540 3639 1058 3712 ἒξυπηρετουμένων
1094 3641 1199 3700 τοῖς
1224 3638 1410 3707 νόμοις
1431 3652 1449 3668 ⁸
1476 3637 1525 3689 oi
1555 3636 1612 3689 δὲ
1635 3634 1807 3689 ταῦτα

235 3734 599 3807 μηνύσαντες,
644 3733 712 3785 τὰ
751 3730 903 3802 παρὰ
942 3729 1052 3783 τῶν
1099 3729 1271 3781 ἄλλων
1306 3726 1383 3792 ὥς
1414 3743 1578 3797 φασιν
1614 3726 1804 3796 ἀδική-

235 3844 401 3896 ματα,
448 3824 592 3878 κατὰ
626 3822 816 3876 τούτου
865 3820 1239 3891 μετέστησαν
1279 3820 1374 3874 καὶ
1414 3820 1633 3891 πλήρης
1672 3820 1700 3870 ὁ
1730 3818 1809 3870 διο

233 3920 417 3983 κάζων
447 3915 620 3988 θυμοῦ
643 3932 657 3945 ·
684 3915 783 3969 xui.
811 3913 945 3985 πρὸς
973 3913 1163 3966 ἑαυτὸν
1210 3912 1387 3973 καλεῖ,
1420 3914 1514 3964 καὶ
1558 3911 1695 3981 πρὸς
1724 3906 1809 3964 τιὲ

233 4010 447 4080 μωρίαν
476 4008 798 4075 ἐπείγεται·
834 4006 929 4060 καὶ
970 4005 1210 4074 πάρεστι
1242 4002 1431 4073 καιρὸς
1479 4001 1638 4071 εἴπερ
1681 4000 1809 4053 ποτὲ

230 4102 328 4153 καὶ
348 4101 443 4153 νῦν
469 4098 879 4169 φιλανθρωπίαν
902 4095 1102 4165 ζητῶν.
1129 4094 1336 4165 Φάνηθι
1363 4094 1426 4163 δὴ
1454 4092 1545 4145 καὶ
1580 4090 1808 4160 φθέγξαι

229 4210 282 4246 τι
328 4191 438 4246 τῶν
474 4192 604 4256 σῶν,
633 4190 730 4244 καὶ
776 4189 877 4260 τῆς
909 4189 1080 4259 ὀργῆς
1126 4184 1465 4253 παραλύσεις
1514 4184 1608 4236 τὸν
1658 4183 1811 4235 δικα-

230 4287 386 4355 στήν.
434 4283 498 4337 Ei
539 4285 646 4353 γάρ
687 4301 741 4336 τι
778 4281 873 4335 καὶ
921 4281 1238 4349 πέπρακται
1284 4277 1481 4340 δεινὸν,
1520 4278 1657 4347 ὅπερ
1686 4275 1811 4329 οὐδὲ

228 4379 475 4444 γέγονεν,
505 4378 581 4438 εἰς
617 4371 947 4443 συγγνώμην
976 4371 1176 4441 τρέψον
1222 4369 1282 4421 τὸ
1315 4366 1725 4438 ψηφιζόμενον·
1757 4368 1806 4419 εί

231 4469 401 4539 μηδὲν
430 4468 578 4532 ἄλλο,
600 4468 660 4521 τὺ
688 4466 1070 4538 περικείμενον
1097 4462 1245 4532 αύτῷ
1272 4462 1454 4530 σχῆμα
1477 4460 1803 4529 τιμήσαντα.

226 4560 435 4631 Φάνηθι
488 4560 629 4630 μετὰ
661 4558 895 4621 πολλῶν,
946 4559 993 4609 oi
1039 4556 1175 4625 πρὸς
1200 4553 1302 4623 τὴν
1340 4553 1560 4621 αἴτησιν
1603 4550 1807 4620 τυγχά-

227 4668 413 4705 νουσιν
459 4652 754 4722 εὐπρεπεῖς
776 4667 787 4680 ⁸
846 4648 1046 4717 μᾶλλον
1100 4647 1155 4698 δὲ
1185 4646 1278 4698 καὶ
1306 4644 1412 4713 πρὸ
1443 4642 1551 4694 τῶν
1607 4642 1803 4703 ἄλλων,

224 4740 417 4793 ὀπόσοι
468 4740 664 4792 οἰκεῖόν
709 4754 762 4789 τι
807 4735 1017 4800 δόξουσι
1080 4733 1492 4803 συνεισφέρειν·
1539 4731 1658 4783 ἀλλ’
1710 4727 1806 4783 οὖν

223 4830 391 4894 αὐτὸς
420 4831 645 4884 πάντων
677 4827 905 4898 ἀναδέξῃ
941 4826 1030 4878 τὸν
1062 4825 1310 4877 ἔπαινονο
1338 4823 1417 4886 ὼς
1447 4823 1546 4895 καὶ,
1565 4822 1803 4893 πρῶτος,

224 4924 322 4975 καὶ
358 4922 477 4975 λίαν
507 4922 737 4991 αἰτήσας
783 4920 879 4973 καὶ
908 4918 1010 4987 τῆς
1048 4917 1219 4987 καλῆς
1258 4915 1677 4988 φιλανθρωπίας
1705 4932 1797 4984 γε-

222 5014 401 5081 γονὼς
429 5017 542 5079 τοῖς
570 5014 751 5077 ἄλλοις
782 5012 1160 5083 παράδειγμα.

1833 3089 1881 3152 C

2403 3086 2545 3142 CiV‘.’
2580 3082 2974 3144 DOROTiIEO.

1977 3178 2214 3237 Rursum
2244 3179 2468 3251 pietatis
2513 3182 2725 3235 occasio
2755 3190 2808 3235 et
2852 3197 3084 3235 rursum
3134 3181 3197 3234 ad
3245 3191 3483 3237 vestram

1906 3273 2227 3341 sapientiam
2276 3287 2552 3327 recursus.
2612 3270 2705 3325 Vir
2741 3274 2963 3341 quidam
2995 3290 3183 3329 eorum
3234 3276 3324 3343 qui
3374 3275 3486 3329 Deo

1906 3366 2071 3419 vitam
2098 3377 2512 3429 consecravere,
2546 3373 2601 3419 et
2624 3379 2691 3419 ex
2731 3364 3071 3433 philosophia
3119 3365 3485 3429 celebrantur.

1910 3458 2111 3528 injusta
2140 3457 2435 3521 calmunia,
2462 3467 2519 3511 ut
2540 3457 2775 3524 videtur,
2812 3459 2864 3512 in
2899 3459 3242 3527 iramjudicis
3270 3460 3486 3524 incidit,

1909 3562 2096 3616 utpote
2125 3551 2215 3619 qui
2272 3549 2551 3603 inimicam
2600 3564 2818 3603 manum
2861 3560 3049 3604 contra
3104 3550 3312 3621 legibus
3359 3551 3491 3606 obe-

1909 3640 2117 3692 tlientes
2142 3636 2439 3692 sustulerit.
2464 3637 2567 3705 Qui
2596 3649 2778 3693 autem
2800 3654 2859 3693 ea
2893 3640 3222 3705 indicavere,
3260 3641 3488 3709 injurias

1910 3732 1978 3785 ah
2007 3730 2146 3793 aliis,
2185 3739 2243 3782 ut
2288 3730 2459 3795 aiunt,
2506 3728 2698 3795 facias,
2730 3731 2782 3783 in
2814 3745 2936 3784 eum
2968 3741 3375 3786 converterunt.
3422 3730 3491 3785 Et

1904 3822 2067 3893 judex
2122 3822 2309 3891 plenus
2359 3822 2438 3873 ira
2487 3829 2606 3881 est.
2639 3830 2695 3874 et
2733 3837 2855 3876 eum
2905 3823 2972 3876 ad
3012 3838 3072 3877 se
3108 3832 3284 3888 vocat,
3331 3832 3385 3878 et
3424 3825 3490 3877 ad

1912 3914 2207 3969 vindictam
2238 3912 2520 3966 incitatur.
2550 3913 2719 3969 Adest
2748 3924 2977 3984 tempus,
2999 3916 3041 3969 si
3070 3932 3305 3986 unquam
3333 3917 3488 3979 alias,

1910 4003 2343 4058 benevolentiam
2377 4004 2683 4083 requirens.
2726 4006 2939 4075 Appare
2966 4007 3151 4077 igitur,
3185 4017 3240 4061 et
3274 4017 3488 4061 tuorum

1911 4094 2113 4162 aliquid
2172 4094 2411 4164 loquere,
2463 4104 2517 4150 et
2571 4096 2651 4149 ira
2697 4097 2933 4165 jndieem
2990 4096 3187 4152 solves.
3234 4097 3293 4152 Si
3358 4099 3489 4165 quid

1912 4188 2056 4242 enim
2123 4189 2375 4246 horrendi
2426 4191 2630 4246 factum
2685 4192 2789 4256 sit,
2856 4191 2999 4260 quod
3053 4206 3157 4244 non
3208 4201 3325 4254 est,
3362 4206 3489 4244 sen-

1915 4281 2135 4335 tentiam
2193 4284 2246 4336 in
2279 4284 2489 4337 veniam
2522 4290 2809 4345 converte;
2855 4283 2898 4335 si
2939 4282 3071 4336 nihil
3141 4282 3284 4335 aliud
3324 4297 3488 4351 quam

1913 4373 2054 4441 quod
2083 4374 2241 4438 dixit,
2282 4389 2403 4428 eum
2432 4376 2656 4430 ostende
2684 4376 3043 4429 honoranlem
3085 4389 3205 4444 qua:
3248 4375 3347 4443 ipsi
3383 4376 3492 4428 cir-

1913 4460 2205 4528 cutnjacet,
2244 4464 2588 4534 dignitatem.
2624 4464 2839 4534 Appare
2872 4480 2976 4519 una
3006 4479 3128 4520 cum
3177 4465 3360 4519 multis
3392 4466 3485 4532 qui

1913 4556 1979 4607 ad
2012 4555 2427 4622 postulationem
2466 4557 2574 4610 sint
2605 4557 2820 4624 idonei;
2856 4558 2936 4611 vel
2966 4558 3147 4627 potius
3189 4568 3316 4612 ante
3352 4559 3489 4612 alios

1911 4646 2001 4715 qni
2038 4646 2315 4716 proprium
2345 4648 2548 4717 aliquid
2577 4651 2926 4704 contribuere
2966 4651 3195 4705 valeant.
3236 4650 3305 4704 At
3334 4663 3487 4705 certe

1913 4737 2025 4804 ipse
2054 4738 2296 4791 omnium
2329 4739 2513 4793 laudes
2541 4741 2811 4808 accipies;
2841 4751 2898 4794 ut
2940 4750 2992 4794 et
3024 4739 3231 4809 primus
3258 4750 3309 4793 et
3332 4740 3488 4792 valde

1911 4829 2193 4896 postulans
2252 4842 2307 4885 et
2362 4832 2601 4900 pulchrae
2677 4831 3069 4888 benevolentia:
3137 4833 3259 4888 aiiis
3310 4832 3486 4886 factus

1902 4921 2199 4991 exemplar.

585 5250 893 5308 EIUSDEM
927 5247 1241 5304 PROCOPII
1297 5244 1529 5301 (ἓΑΖᾸΞὶ
1560 5246 2069 5305 FliAGMENTllM.
2110 5251 2183 5306 Ex
2219 5251 2412 5307 codice
2441 5248 2705 5308 Vaticano
2745 5253 2904 5320 i096,
2955 5268 3007 5324 p.
3041 5248 3130 5307 61.

242 5385 342 5438 Ἐκ
391 5386 511 5439 τῶν
563 5389 649 5453 είς
702 5386 775 5440 τὰ
820 5385 1095 5453 Πρόκλου
1139 5380 1455 5453 owing-md
1497 5381 1796 5449 κεφάλαια

295 5452 704 5524 ἀντιρῤήσεων
738 5455 1073 5524 Προκοπίου
1107 5452 1297 5521 Γάζης
1320 5452 1673 5519 ἀντίῤῥησις
1703 5472 1800 5507 κε·-

296 5528 559 5591 ςοαλαίου
597 5533 758 5595 ρμς’.

297 5617 433 5670 Θεία
472 5619 695 5689 πρόοδος
722 5618 959 5689 ἄναρχος
995 5618 1090 5671 καὶ
1125 5612 1501 5685 ἀτελεύτητος,
1543 5617 1679 5685 μόνη
1727 5615 1792 5669 ἂν

1906 5389 1988 5442 Ea:
2046 5388 2294 5457 Procopii
2329 5387 2488 5443 ϐαιοὶ
2530 5391 2583 5443 in
2627 5388 2805 5443 Procli
2844 5390 3133 5459 theologica
3173 5390 3348 5459 capita
3394 5395 3475 5443 rd.-

2187 5466 2413 5527 sponais,
2447 5477 2749 5529 responsum
2781 5461 2836 5513 in
2862 5466 3029 5529 capite
3060 5461 3177 5515 145.

1973 5616 2161 5670 Divina
2202 5617 2475 5685 processio
2525 5618 2641 5672 sine
2677 5618 2941 5688 principio
2970 5629 3025 5675 et
3063 5619 3180 5675 sine
3224 5618 3331 5675 ﬁne
3366 5619 3480 5674 sola

1522 5734 1755 5792 VARl/E
1788 5737 2188 5793 LECTIONES.

294 5836 320 5869 ο
363 5830 482 5885 Vat.
527 5831 847 5887 κατέϐαλλε.
956 5832 985 5872 ά
1017 5832 1135 5891 Yat.
1156 5827 1480 5900 ἀνεχομένη.

1594 5840 1618 5868 ε
1659 5829 1781 5886 .Vat.
1816 5834 2068 5887 ἐκτείνει.

2153 5830 2170 5869 ί
2208 5831 2327 5887 Vat.
2363 5831 2422 5885 τὸ
2441 5832 2757 5905 κεφάλαιον.
