4014 6552
551 359 695 424 2792
711 358 736 398 ⁸

1651 351 2002 414 PROCOPII
2043 349 2288 411 GAZIEI
2327 350 2734 415 EPISTOLE.

3665 349 3778 411 79?.
3793 351 3826 388 ιι

547 475 820 529 diceretur
843 483 909 524 ex
942 482 1059 521 uno
1089 465 1250 520 Patre
1279 464 1556 534 generatio
1601 465 1762 520 unius
1792 464 1934 528 Filii,
1968 473 2022 517 et
2063 478 2129 517 ex

2235 461 2445 530 λέγοιτο
2484 465 2515 534 ή
2549 465 2656 518 ἀπὸ
2690 465 2784 518 τοῦ
2819 463 2940 528 ἐνὸς
2972 466 3135 536 μόνου
3174 463 3390 536 Πατρὸς
3430 463 3688 531 γέννησις
3720 461 3830 514 τοῦ

471 628 474 634 ,
549 564 738 621 eodem
801 561 1084 631 productio
1139 560 1305 613 unius
1334 557 1508 611 sancti
1553 557 1788 627 Spiritus
1835 559 2130 612 secundum

549 673 712 729 quam
738 666 962 726 paterna
1005 662 1059 708 et
1087 652 1262 723 prima
1299 651 1384 706 vel
1412 651 1592 720 potius
1625 651 1890 720 principio
1941 666 2134 707 carens

553 749 730 801 unitas
764 748 816 799 in
863 743 1182 798 dualitatem
1229 753 1408 797 emota
1458 743 1511 796 iu
1566 743 1702 796 Filio
1747 752 2040 810 spectatam
2079 752 2134 797 ct

556 829 764 904 Spiritu
796 842 1008 894 sancto,
1042 845 1213 900 usque
1257 831 1322 883 ad
1359 829 1680 885 Trinitatem
1727 831 1898 894 stetit,
1947 846 2134 898 quem-

553 925 851 981 admodum
883 924 960 977 ait
985 921 1290 992 Tlieologus
1317 931 1499 976 noster
1521 922 1834 993 Gregorius.
1868 921 1960 975 llla
1986 922 2129 982 enim

553 1017 665 1072 sola
719 1026 912 1070 natura
969 1015 1150 1069 divina
1214 1014 1526 1082 processio,
1581 1015 1625 1068 si
1695 1023 1873 1068 tamen
1919 1023 2132 1083 oportet

541 1119 744 1161 natura
779 1107 982 1170 dicere,
1016 1106 1232 1174 quando
1278 1103 1344 1158 de
1386 1106 1889 1174 supernaturalibus
1919 1115 1971 1159 et
1997 1107 2132 1161 divi—

555 1201 637 1254 nis
660 1199 859 1269 agitur.
884 1198 949 1252 Et
979 1197 1135 1268 hujus
1159 1198 1376 1268 quidem
1404 1198 1732 1268 principium
1757 1196 1963 1266 absque
1984 1199 2132 1267 prin-

550 1292 691 1363 cipio
737 1293 898 1347 Pater
931 1309 944 1346 :
974 1309 1038 1345 ex
1063 1291 1157 1348 illo
1190 1292 1333 1346 enim
1364 1309 1379 1357 ;
1413 1289 1650 1345 medium
1696 1298 1876 1344 autem
1915 1299 1970 1344 et
2017 1290 2131 1358 ipse

550 1384 875 1459 principium
909 1380 1076 1437 Filius
1108 1401 1120 1436 :
1158 1396 1258 1451 per
1288 1381 1464 1450 ipsum
1491 1382 1670 1447 enim;
1721 1381 1980 1435 terminus
2035 1396 2132 1433 an-

553 1488 656 1532 tem
691 1475 1118 1546 perfectissimus
1163 1483 1218 1528 et
1270 1485 1511 1529 aeternus
1563 1471 1802 1542 Spiritus
1851 1481 2124 1527 sanctus:

551 1575 604 1628 in
641 1573 814 1642 ipsum
861 1571 1026 1626 enim.
1078 1567 1408 1624 'Seccinitur
1443 1576 1620 1621 autem
1660 1577 1715 1620 et
1746 1567 1812 1619 ab
1841 1565 1964 1619 aliis
1998 1581 2126 1634 pro-

549 1666 889 1722 cessionibus
917 1664 1034 1730 illa;
1064 1679 1170 1717 non
1206 1663 1352 1717 enim
1404 1667 1623 1730 separat
1668 1659 1890 1713 omnino
1915 1674 1942 1710 a
1973 1660 2123 1728 priu-

551 1762 694 1829 cipio
722 1775 783 1813 ea
809 1773 928 1828 qua:
959 1773 989 1812 a
1019 1755 1286 1825 principio
1316 1756 1598 1819 oriuntur;
1632 1751 1726 1806 sed
1759 1752 1981 1807 omnino
2018 1767 2123 1806 non

558 1853 704 1909 foras
731 1850 1052 1921 prodeuntia
1079 1857 1278 1913 servat,
1307 1862 1400 1916 per
1419 1845 1737 1900 substantia:
1758 1842 2122 1908 identitatem;

555 1960 866 2017 quanquam
898 1952 956 1997 ut
994 1942 1227 2012 propriae
1258 1955 1504 2010 persona:
1531 1939 1798 2008 prodeunt
1828 1955 1842 1991 :
1878 1937 1994 1991 ideo
2020 1953 2126 1991 non

552 2047 711 2107 egent
761 2035 1058 2091 secundum
1098 2034 1357 2101 impetum
1395 2031 1773 2087 conversione.
1828 2028 1934 2084 Sed
1988 2029 2129 2085 ultra

552 2132 692 2186 hanc
724 2143 914 2184 omnes
952 2127 1072 2181 aliae
1110 2117 1486 2196 processiones
1516 2123 1747 2177 invicem
1780 2131 2125 2191 separantur.

551 2222 616 2276 Et
639 2238 822 2276 carum
846 2221 1062 2291 quidem
1095 2219 1300 2288 absque
1333 2216 1596 2287 principio
1627 2215 1802 2281 nullo;
1837 2215 1961 2283 quia
1993 2214 2127 2277 nihil

554 2315 673 2366 sine
701 2311 971 2380 principio
992 2319 1095 2374 est,
1126 2308 1220 2362 sed
1247 2308 1429 2361 omnia
1463 2306 1607 2361 facta
1633 2315 1758 2360 sunt
1789 2322 1815 2358 a
1847 2304 2007 2358 l’atre
2030 2320 2130 2372 per

551 2404 770 2470 Filium,
796 2402 1032 2472 perfecta
1057 2418 1087 2458 a
1113 2401 1338 2472 Spiritu.
1363 2401 1576 2469 Absque
1611 2402 1717 2454 line
1775 2414 1879 2453 non
1911 2399 2124 2463 omnis;

552 2500 644 2552 sed
674 2510 848 2567 neque
869 2498 1033 2550 etiam
1060 2495 1299 2548 omnino.
1328 2493 1525 2547 Eorum
1555 2507 1682 2546 vero
1716 2507 1835 2562 quae
1868 2499 2130 2562 perpetuo

552 2598 673 2656 post
701 2603 856 2642 suam
892 2585 1019 2638 inde
1054 2583 1466 2655 productionem
1501 2589 1842 2652 permanent,
1878 2595 1984 2656 upa
2012 2582 2132 2650 qui-

553 2681 674 2732 dem
717 2679 1009 2734 secundum
1067 2676 1451 2742 substantiam,
1487 2682 1541 2728 et
1577 2673 1686 2744 jam
1725 2649 1962 2751 perteei'a
2012 2684 2130 2739 est;

553 2789 727 2844 neque
753 2773 896 2828 enim
918 2772 1024 2827 ulla
1050 2772 1153 2826 alia
1179 2773 1316 2826 ultra
1342 2787 1405 2824 ea
1438 2784 1556 2839 qum
1592 2770 1658 2824 ab
1689 2769 1847 2824 initio
1874 2769 2131 2839 producta

552 2876 698 2931 sunt,
751 2865 971 2934 insuper
1025 2865 1429 2934 producuntur;
1466 2878 1640 2932 neque
1690 2864 1852 2916 etiam
1903 2876 1964 2915 ea
2011 2876 2130 2931 qua:

555 2948 819 3027 producta
852 2965 979 3011 sunt
1024 2959 1324 3010 secundum
1371 2951 1728 3024 snbstarﬂam
1775 2952 2128 3008 mutationem

553 3049 927 3118 exspectantia
962 3062 1099 3101 nova
1132 3045 1782 3117 productioneindigent.
1821 3043 1912 3097 Illa
1949 3053 2130 3098 autem

2237 553 2354 615 ἐνὸς
2381 555 2474 608 καὶ
2504 554 2666 625 μόνου
2705 555 2856 619 Υἱοῦ,
2893 556 2990 610 καὶ
3021 555 3131 609 ἀπὸ
3164 554 3257 608 τοῦ
3297 552 3460 608 αὑτοῦ
3510 550 3837 622 πρόϐλησις

2234 647 2329 701 τοῦ
2362 650 2480 712 ἐνὸς
2505 650 2600 703 καὶ
2632 650 2794 719 μόνου
2836 649 2992 718 ἁγίου
3037 648 3354 719 Πνεύματος
3385 645 3507 699 καθ’
3542 645 3608 714 ἡν
3645 646 3679 713 ἡ
3712 660 3838 696 πα-

2235 741 2397 811 τρική
2443 757 2499 794 τε
2544 742 2639 795 καὶ
2668 740 2871 812 ἀρχικὴ
2908 741 3109 811 μᾶλλον
3152 739 3210 792 δὲ
3257 739 3597 809 προάναρχος
3641 735 3833 806 μονάς

2235 834 2315 898 εἰς
2350 833 2514 887 δυάδα
2565 833 2851 904 κινηθεῖσα
2896 833 2996 903 τὴν
3043 834 3100 884 ἐν
3136 831 3250 901 Υἱῷ
3295 829 3681 899 θεωρουμένην
3717 829 3830 879 καὶ

2233 925 2538 995 Πνεύματι,
2591 927 2755 996 μέχρι
2795 925 3026 995 Τριάδος
3077 924 3243 994 ἔστη,
3283 923 3534 992 καθάπερ
3575 921 3743 991 φησὶν
3792 921 3827 974 ὁ

2233 1017 2502 1088 ἡμέτερος
2545 1015 2806 1083 Θεολόγος
2856 1018 3178 1087 Γρηγόριος.
3209 1015 3355 1084 Αὕτη
3410 1013 3466 1066 δὲ
3522 1015 3616 1067 καὶ
3676 1013 3824 1082 μόνη

2235 1109 2353 1163 θεία
2391 1109 2548 1178 φύσει
2585 1109 2832 1178 πρόοδος,
2861 1109 3020 1178 εἴπερ
3051 1110 3131 1161 δεῖ
3157 1109 3335 1176 φύσει
3365 1107 3544 1175 λέγειν
3575 1106 3670 1158 ἐπὶ
3703 1107 3826 1158 τῶν

2235 1200 2534 1270 ὑπερφυῶν
2565 1200 2660 1252 κα)⁶
2690 1200 2850 1252 θείων
2874 1220 2886 1230 ·
2918 1203 3012 1254 καὶ
3043 1201 3245 1270 ταύτης
3271 1200 3412 1271 ἁρχὴ
3447 1200 3545 1269 μὲν
3576 1200 3825 1268 ἄναρχος

2231 1296 2259 1347 ὁ
2311 1297 2524 1362 Πατὴρ,
2578 1292 2638 1360 ἐξ
2692 1291 2856 1345 αὐτοῦ
2903 1292 3044 1362 γάρ’
3101 1292 3334 1362 μεσότης
3382 1291 3437 1343 δὲ
3489 1289 3762 1360 σύναρχος
3794 1293 3826 1342 ὁ

2233 1386 2381 1452 Υἱὸς,
2434 1385 2503 1438 δι’
2533 1384 2702 1438 αὑτοῦ
2738 1387 2844 1454 γάρ
2869 1402 2880 1415 ·
2911 1383 3063 1447 τέλος
3104 1383 3159 1436 δὲ
3207 1382 3672 1453 ύπερτελέστατον
3719 1381 3825 1434 καὶ

2231 1476 2589 1549 ἀτελεύτητον
2647 1477 2706 1529 τὸ
2757 1475 2986 1544 Πνεῦμα
3035 1476 3095 1528 τὸ
3144 1475 3317 1541 ἆγιον,
3355 1476 3434 1536 εἰς
3483 1474 3614 1527 αὐτὸ
3666 1475 3823 1541 γάρ·

2232 1570 2496 1641 ἐξῄρηται
2521 1569 2576 1621 δὲ
2608 1569 2701 1622 καὶ
2734 1569 2844 1621 τῶν
2878 1567 3052 1620 ἄλλων
3085 1567 3324 1638 προόδων
3351 1565 3490 1635 αὕτη
3512 1580 3523 1593 ·
3561 1565 3682 1617 οἰδὲ
3705 1567 3826 1635 γὰρ

2232 1662 2512 1732 ἐξίστησιν
2545 1661 2682 1725 ὅλως
2719 1662 2817 1730 τῆς
2861 1659 3037 1732 ἀρχῆς
3075 1661 3141 1714 τά
3173 1661 3230 1728 ἐξ
3265 1661 3460 1727 αὐτῆς,
3504 1660 3619 1712 ἀλλ’
3651 1661 3821 1712 ἀνεκ-

2230 1755 2462 1825 φοὶτητα
2493 1754 2673 1830 πάντη
2721 1752 2925 1824 ταύτης
2960 1755 3148 1823 τηρεῖ,
3195 1753 3281 1806 διὰ
3330 1753 3428 1821 τὴν
3487 1751 3586 1821 τῆς
3625 1748 3823 1814 οὑσξας

2229 1849 2575 1919 ταύτότηταο
2622 1841 2799 1900 εἷ’καὶ
2847 1846 2923 1909 ὡς
2969 1847 3076 1899 ἴδια
3116 1849 3386 1919 πρόσωπα
3442 1847 3688 1916 πρόεισι·
3729 1845 3822 1900 διὸ

2231 1941 2350 1994 οὐδὲ
2379 1942 2478 2011 τῆς
2503 1941 2624 1994 κατ’
2650 1939 2836 2008 ἔφεσιν
2866 1939 3201 2008 ἐπιστροφῆς
3227 1937 3467 1993 δέονται·
3490 1942 3546 1992 αἱ
3572 1940 3628 1992 δὲ
3658 1940 3821 2011 παρά

2230 2035 2439 2103 ταύτην
2469 2035 2643 2088 πᾶσαι
2667 2035 2773 2086 τῶν
2811 2034 2982 2088 ὄντων
3018 2033 3257 2104 πρόοδοι,
3285 2037 3398 2096 τοῖς
3424 2034 3544 2087 οὖσι
3575 2035 3822 2088 συνδιαι-

2235 2125 2483 2196 ρούνταιο
2514 2125 2610 2178 καὶ
2655 2126 2889 2196 ἄναρχος
2925 2126 3022 2192 μὲν
3064 2123 3269 2177 τούτων
3309 2124 3554 2195 οὐδεμία,
3587 2127 3672 2178 δτι
3715 2126 3820 2179 καὶ

2230 2195 2535 2273 τῶνίῧντων
2576 2195 3007 2289 ἄναρχονγούδὲν,
3039 2218 3178 2272 ἀλλὰ
3209 2220 3388 2272 πάντα
3419 2218 3609 2286 γέγονε
3661 2219 3822 2288 παρὰ

2231 2308 2326 2361 τοῦ
2368 2309 2582 2379 Πατρδς
2617 2307 2706 2360 διὰ
2743 2307 2838 2362 τοῦ
2881 2308 3006 2361 Υἱοῦ
3049 2307 3475 2362 συντελεσθέντα
3511 2308 3589 2379 τῷ
3634 2308 3818 2361 Πνεύ-

2237 2389 2398 2471 ματι·
2440 2401 2798 2471 ἁτελεύτητος
2831 2401 2908 2467 δὲ,
2966 2401 3026 2454 οὐ
3078 2403 3262 2455 πᾶσαο
3297 2400 3418 2453 οὔτε
3465 2401 3574 2471 μὴν
3608 2403 3818 2474 πάντη,

2233 2494 2371 2548 ἀλλὰ
2405 2495 2511 2548 τῶν
2549 2495 2650 2565 μὲν
2703 2495 2889 2548 ἁῖδίων
2934 2496 3072 2564 μετὰ
3101 2495 3199 2566 τὴν
3225 2495 3435 2549 ἐκεῖθεν
3467 2498 3820 2567 παραγωγὴν

2238 2589 2531 2657 μενόντων,
2576 2589 2608 2659 ἡ
2665 2586 2764 2657 μὲν
2809 2586 2930 2640 κατ’
2970 2588 3160 2641 οὐσίαν
3213 2588 3304 2640 καὶ
3351 2587 3418 2659 δὴ
3463 2587 3819 2641 τετέλεσται·

2237 2680 2359 2733 οὒτε
2405 2681 2514 2751 γὰρ
2574 2679 2811 2734 ἀλλάττα
2846 2679 3098 2757 παρὰετὰ
3141 2679 3204 2746 ἐξ
3240 2681 3413 2751 ἀρχῆς
3460 2681 3820 2750 παραχθέντα

2236 2773 2709 2842 ὲπιπαράγονταιο
2757 2770 2869 2824 οὔτ’
2919 2771 3057 2824 αὐτὰ
3095 2773 3279 2824 ἐκεῖνα
3329 2770 3396 2824 τά
3437 2770 3817 2841 παραχθέντα,

2235 2865 2333 2938 τὴν
2365 2867 2485 2919 κατ’
2519 2865 2704 2918 οὐσίαν
2739 2864 3039 2935 μεταϐολὴν
3075 2864 3436 2933 ὑπομένοντα,
3463 2863 3623 2917 πάλιν
3650 2863 3822 2934 ἄλλης

2236 2956 2582 3027 παραγωγῆς
2631 2957 2876 3010 δέονται·
2934 2956 2968 3026 ἡ
3013 2953 3069 3007 δὲ
3129 2956 3250 3008 κατ’
3298 2954 3588 3025 ἔλλαμψιν,
3645 2955 3822 3019 ἄϊδιος

2238 3047 2449 3100 ἐκεῖθεν
2485 3047 2770 3119 προϐαίνει
2800 3046 2895 3099 καὶ
2948 3045 3327 3116 άτελεύτητος,
3371 3049 3482 3110 τοῖς
3531 3046 3630 3117 μὲν
3667 3065 3821 3116 πρω-

553 3157 672 3212 qua:
704 3150 788 3196 est
833 3139 1130 3194 secundum
1173 3139 1649 3216 illuuilu‘ationem,
1688 3148 1951 3207 perpetuo
2004 3136 2129 3192 inde

2237 3140 2491 3204 τοδότως,
2533 3142 2644 3202 τοῖς
2694 3139 2751 3192 δὲ
2795 3139 3188 3208 δευτεροδότως
3215 3179 3230 3202 ,
3261 3139 3355 3191 καὶ
3401 3137 3663 3208 καθεξῆς·
3705 3139 3818 3192 τῶν

555 3243 610 3288 et
646 3234 764 3288 sine
797 3232 905 3286 line
939 3231 1202 3300 procedit,
1239 3231 1309 3296 iis
1354 3231 1570 3301 quidem
1612 3229 1786 3299 primo
1819 3228 1978 3292 dono,
2027 3229 2133 3283 illis

555 3338 734 3380 autent
785 3325 1056 3392 secundo,
1101 3335 1155 3380 et
1189 3325 1260 3377 ita
1286 3323 1612 3387 successive,
1645 3321 1843 3377 divinis
1881 3320 2136 3390 Splendo-

557 3412 706 3468 ribus
745 3414 1040 3468 secundum
1091 3415 1288 3467 donum
1329 3411 1737 3483 proﬂuentibus,
1799 3410 2132 3480 singulorum

555 3506 845 3561 ordinibus
872 3516 922 3560 et
959 3507 1124 3559 statui
1167 3505 1578 3574 proportionate
1623 3518 1792 3572 usque
1841 3503 1906 3555 ad
1946 3516 2133 3556 eorum

557 3597 765 3651 ultima.
810 3596 901 3652 Sic
934 3606 1114 3651 autem
1147 3607 1202 3651 et
1225 3597 1406 3650 omnia
1453 3597 1519 3650 ad
1544 3597 1760 3650 unicum
1805 3595 2130 3664 principium

499 3676 504 3684 ’
558 3689 857 3757 composite
884 3701 1308 3757 convertuntur;
1336 3701 1389 3744 et
1421 3698 1713 3759 perpetuus
1753 3687 1858 3742 illis
1893 3696 1946 3741 et
1977 3695 2134 3739 acter-

553 3797 662 3840 nus
685 3795 751 3834 ex
780 3781 1338 3851 processionibusque
1367 3790 1421 3835 et
1459 3779 1912 3835 conversionibus
1945 3778 2129 3832 circu-

559 3872 642 3927 lus
668 3881 942 3927 servatur.
970 3871 1255 3927 Proeessio
1282 3882 1461 3926 autem
1492 3887 1681 3926 eorum
1713 3885 1833 3941 qua:
1863 3868 2134 3923 nativitati

502 3968 506 3972 ’
558 3971 612 4018 et
643 3963 982 4032 corruptioni
1017 3973 1071 4017 et
1107 3965 1336 4031 tempori
1369 3962 1753 4033 subjiciuntur,
1794 3960 1969 4030 quoad
2017 3960 2135 4012 uni-

558 4067 777 4107 versum
806 4054 1024 4121 quidem
1049 4066 1104 4108 et
1127 4055 1240 4123 jam
1266 4055 1502 4122 perlecta
1534 4062 1678 4108 sunt.
1705 4054 1845 4106 Intra
1869 4065 1958 4108 sex
1989 4052 2132 4107 enim

558 4145 673 4202 dies
717 4154 866 4200 totus
889 4145 978 4201 llic
1029 4145 1300 4201 sensibilis
1364 4147 1596 4198 mundus
1655 4147 1978 4214 adintplettts
2011 4155 2129 4210 est;

557 4237 787 4306 septima
812 4245 992 4290 autem
1029 4236 1116 4290 die
1151 4235 1419 4305 requievit
1449 4236 1588 4289 Deus
1614 4235 1681 4288 ab
1705 4234 1974 4290 universis
2006 4250 2134 4302 ope-

557 4328 708 4382 ribus
767 4326 903 4380 suis.
958 4310 1142 4395 Neque
1187 4325 1296 4396 jam
1351 4323 1573 4379 alterius
1623 4325 1804 4383 mundi
1859 4325 2132 4394 processio

558 4427 907 4487 exspectatur
942 4417 995 4471 in
1048 4419 1361 4471 universum
1408 4417 1776 4486 perﬁcienda,
1835 4421 2128 4470 secundum

556 4509 843 4576 praesentis
874 4509 1054 4564 saeculi
1083 4508 1504 4579 perfectionem;

556 4606 730 4658 adhuc
767 4604 985 4673 quidem
1036 4605 1286 4670 etlieitur,
1330 4602 1781 4672 quemadmodum
1812 4603 2015 4655 dictum
2049 4611 2129 4656 est

554 4712 582 4749 a
618 4695 900 4750 Salvatore
939 4714 952 4750 :
992 4715 1010 4748 ι
1049 4695 1209 4751 Pater
1235 4711 1388 4752 meus
1407 4709 1578 4765 usque
1605 4695 1764 4748 modo
1789 4702 2046 4761 operatur
2075 4703 2130 4748 et

553 4801 653 4855 ego
672 4801 889 4855 operor.
923 4805 942 4839 ι
979 4788 1262 4842 Cessatum
1291 4796 1473 4842 autem
1509 4784 1611 4839 fuit
1636 4784 2130 4853 omninoaproces-

555 4877 708 4932 sione
748 4879 1043 4933 secundum
1095 4895 1437 4937 communem
1485 4868 1911 4951 perfectionem;
1942 4887 1994 4932 et
2024 4877 2126 4931 alia

557 4978 685 5023 tunc
724 4971 1001 5038 processio
1066 4974 1206 5039 erit,
1267 4973 1564 5028 secundum
1619 4986 1780 5041 quant
1834 4969 1939 5023 erit
1990 4969 2130 5026 Deus

1560 4510 1735 4577 quoad
1787 4517 1972 4576 partes
2006 4523 2132 4562 vero
2162 4497 2205 4554 Β

2240 3233 2398 3286 θείων
2425 3230 2877 3300 ἁπαυγασμάτων
2909 3229 3293 3302 προχεομένων
3325 3229 3463 3282 κατά
3504 3230 3816 3300 μετάδοσιν,

2239 3324 2519 3392 ἀναλόγως
2567 3326 2687 3386 ταῖς
2735 3322 2980 3375 ἑκάστων
3020 3319 3236 3385 τάξεσιν
3284 3323 3382 3375 εἴτ’
3423 3322 3514 3376 οὖν
3583 3325 3816 3386 ττάσεσι,

2241 3417 2403 3486 μέχρι
2442 3417 2537 3469 καὶ
2581 3416 2689 3469 τῶν
2725 3416 2781 3468 ἐν
2823 3413 3054 3478 ἐκείνοις
3112 3414 3390 3484 ἐσχάτων*
3441 3414 3583 3468 οὕτω
3631 3416 3686 3468 δὲ
3721 3416 3820 3470 καὶ

2238 3503 2416 3556 πάντα
2437 3503 2574 3572 πρὸς
2597 3504 2696 3573 τὴν
2731 3503 2862 3571 μίαν
2885 3503 3059 3572 ἀρχὴν
3090 3503 3428 3567 ἀνατατικῶς
3457 3494 3778 3576 ἐπιστρέφει
3799 3523 3814 3536 ο

2239 3597 2333 3649 καὶ
2387 3598 2414 3648 ὁ
2467 3596 2632 3658 ἀΐδιος
2675 3595 2883 3659 τούτοις
2934 3597 3025 3648 καὶ
3073 3596 3428 3666 ἀτελεύτητος
3464 3597 3518 3650 ἒν
3578 3615 3640 3650 τε
3695 3602 3816 3662 ταῖς

2240 3687 2492 3758 προόδοις
2525 3689 2620 3740 καὶ
2650 3689 2769 3751 ταῖς
2805 3689 3128 3756 ἐπιτροφαῖς
3163 3687 3358 3751 κύκλος
3393 3688 3626 3752 σώζεται
3647 3705 3660 3718 ·
3694 3692 3726 3759 ἡ
3759 3690 3816 3743 δὲ

2237 3781 2347 3857 τῶν
2381 3783 2486 3835 ὑπὸ
2529 3782 2745 3850 γένεσιν
2783 3781 2878 3833 καὶ
2918 3781 3126 3852 φθορὰν
3170 3784 3265 3834 καὶ
3294 3781 3503 3852 χρόνον,
3538 3783 3678 3836 κατά
3713 3783 3817 3852 μὲν

2235 3873 2296 3928 τὸ
2325 3873 2579 3940 καθόλου,
2609 3876 2699 3927 καὶ
2730 3875 2830 3946 ἤδη
2865 3876 3197 3928 τετέλεσται.
3238 3876 3326 3926 Ἐν
3353 3873 3410 3941 ἒξ
3439 3874 3545 3946 γὰρ
3576 3875 3816 3946 ἡμέραις

2239 3965 2462 4037 σύμπας
2496 3967 2524 4019 ὁ
2565 3966 2821 4037 αἰσθητὸς
2867 3968 3336 4038 συμπεπλήρωται
3384 3967 3623 4037 κόσμος·
3665 3970 3724 4021 ὲν
3757 3968 3817 4021 δὲ

2235 4061 2300 4129 τῇ
2356 4058 2560 4129 ἑϐδόμῃ
2623 4061 2971 4113 κατέπαυσεν
3019 4061 3047 4111 ὁ
3094 4060 3226 4122 Θεὸς
3274 4057 3384 4112 ἀπὸ
3444 4061 3662 4114 πάντων
3702 4062 3817 4114 τῶν

2239 4149 2418 4220 ἔργων
2448 4149 2615 4205 αὑτοῦ
2643 4168 2656 4182 ·
2688 4151 2782 4205 καὶ
2823 4152 3008 4204 οὐκέτι
3037 4151 3264 4222 πρόοδος
3289 4153 3449 4206 ἄλλου
3482 4152 3686 4222 κόσμου
3717 4154 3817 4208 καὶ

2236 4240 2318 4293 ἔτι
2356 4242 2724 4311 προσδοκᾶται
2766 4243 3003 4313 πάμπαν
3042 4243 3477 4314 συντελεσθῆναι,
3529 4246 3670 4298 κατὰ
3711 4246 3814 4314 τὴν

2233 4331 2326 4384 τοῦ
2363 4333 2630 4403 παρόντος
2667 4335 2861 4397 αἰῶνος
2913 4335 3252 4388 συντέλειαν’
3290 4337 3431 4388 κατὰ
3483 4336 3538 4388 δὲ
3575 4337 3636 4388 τὺ
3667 4337 3814 4389 κατὰ

2237 4425 2427 4496 μέρθῦ
2459 4427 2540 4479 ἔτι
2574 4427 2672 4497 μὲν
2702 4429 3004 4498 ἐνεργεῖται
3041 4428 3184 4482 καθὰ
3215 4421 3428 4498 εἴρηται
3454 4429 3528 4498 τῷ
3557 4430 3807 4498 Σωτῆρι.

2244 4534 2261 4568 ι
2290 4518 2317 4569 ὁ
2347 4520 2536 4591 Πατήρ
2554 4520 2770 4589 μουὲως
2793 4519 2920 4591 ἄρτι
2943 4519 3765 4592 ἐργάζεται,κὰγὸιὲργάζομαι·
3788 4542 3807 4573 ι

2234 4611 2578 4667 πεπαύσεται
2616 4614 2672 4667 δὲ
2708 4615 2927 4678 πάντως
2971 4616 3064 4667 καὶ
3108 4616 3141 4684 ἡ
3175 4614 3315 4666 κατὰ
3347 4615 3445 4683 τὴν
3478 4613 3660 4683 κοινὴν
3693 4632 3813 4666 συν-

2233 4702 2474 4756 τέλειαν·
2506 4707 2599 4758 καὶ
2630 4707 2764 4778 ἄλλη
2805 4707 3109 4778 τηνικαῦτα
3135 4706 3363 4776 πρόοδος
3393 4706 3566 4769 ἔσται,
3591 4706 3712 4760 καθ’
3743 4706 3812 4778 ἣν

2232 4792 2386 4848 ἔσται
2423 4797 2450 4848 ό
2498 4797 2627 4860 Θεὸς
2657 4798 2726 4850 τὰ
2775 4798 2952 4851 πάντα
3005 4800 3062 4850 ὲν
3115 4800 3280 4850 πᾶσιο
3315 4798 3408 4850 καὶ
3461 4797 3636 4850 πάντα
3673 4799 3810 4868 πρὸς

2233 4887 2397 4940 αὐτὸν
2435 4889 2879 4960 ὲπιστρέψουσιν,
2909 4892 2942 4960 ἡ
2991 4891 3097 4943 τῶν
3126 4889 3263 4942 ὅλων
3307 4889 3808 4958 μεταστοιχεέωσις,

2239 4978 2331 5030 κοιλ⁹
2359 4981 2422 5031 ἐκ
2462 4979 2669 5051 φθορᾶς
2699 4983 2776 5042 εἰς
2799 4981 3109 5062 ἀφθαρσίαν
3145 4980 3523 5051 μεταποίησις.

554 5062 736 5116 ωιιιιὶιι
773 5062 825 5117 in
859 5064 1146 5132 omnibus;
1181 5075 1235 5122 et
1267 5067 1448 5121 omnia
1481 5067 1547 5120 ad
1579 5067 1752 5134 ipsum
1796 5073 2208 5133 convertentur,
2235 5080 2288 5124 et
2361 5075 2736 5128 universorum
2799 5075 2902 5128 erit
2961 5073 3399 5139 transformatio,
3475 5081 3530 5127 et
3574 5085 3642 5126 ex
3688 5084 3812 5128 c0r.

558 5153 806 5223 raptione
835 5154 888 5209 in
919 5155 1376 5227 ineorrUptionem
1406 5157 1750 5211 instauratio.

1263 5329 1579 5417 ElgPLlClT
1613 5336 1794 5435 PAliS
1816 5340 2132 5399 SECUNDA
2164 5342 2327 5400 TOMI
2364 5339 2776 5399 OCTOGESIMI
2812 5340 3102 5396 SEPTIMI.

2236 5767 3797 5792 _———n——————-—.——-—_—_—

2557 5813 2799 5872 Parisiis.
2834 5844 2903 5855 --
2936 5811 3013 5874 [is
3051 5811 3192 5883 typis
3222 5811 3283 5867 L.
3318 5811 3551 5868 MlGNE.
