3970 6296
157 367 288 434 1557

1055 369 1594 432 COMMENTARII
1644 369 1730 432 IN
1787 369 2110 431 CANTICA
2147 367 2443 429 CANTIC.

3261 357 3401 426 1558

155 475 282 544 αὕτη
306 471 412 544 γὰρ
441 469 701 544 ἀμπελών
722 489 735 503 ·
761 471 875 526 ἀλλ’
892 473 1004 543 ἐγὼ
1015 474 1239 546 ταύτην,
1265 478 1452 548 φησιν,
1471 475 1572 529 οὐκ
1595 474 1720 543 ἐφύ-

1848 476 1950 542 ξιιεε
1979 479 2124 530 enim
2147 481 2307 530 erant
2344 473 2480 528 mihi
2521 471 2698 537 lucra.
2743 471 2860 528 haec
2904 469 3146 526 arbitror
3176 478 3400 541 propter

155 565 305 630 λαξαο
358 565 511 618 ἀτινα
540 563 652 634 γὰρ
682 558 750 634 ἦν
782 581 874 634 μοι
919 566 1110 636 κέρδη,
1163 566 1337 620 ταῦτα
1377 567 1590 638 ἥγημαι
1627 565 1715 618 διὰ

1848 567 2096 620 ΞΙιγὶδιυιη
2128 566 2477 633 detrimenta,
2500 574 2561 620 ut
2592 564 2789 621 beatus
2823 561 3026 619 Paulus
3061 563 3160 618 ait.

153 657 235 710 τὸν
259 653 484 726 Χριστὸν
521 651 755 724 ζημίαν·
796 655 870 719 ὥς
907 674 1072 726 φησιν
1105 661 1134 710 ό
1177 657 1448 728 μακάριος
1479 657 1713 720 Παῦλος.

217 745 287 810 ς’.
328 746 713 814 Ἀπάττειλόν
729 763 829 814 μοι
871 745 944 800 ὃν
966 747 1285 816 ἠγάπησεν
1315 749 1353 815 ἢ
1384 747 1556 817 ψυχή
1575 764 1717 815 μου,

157 836 260 890 τοῦ
303 837 654 905 ποιμαίνεις,
707 836 826 890 ποῦ
881 838 1168 904 κοιτιὲζὶνς
1227 839 1299 891 ἐν
1338 838 1716 906 μεσημϐρίᾳο

150 925 368 996 μήποτε
385 925 637 996 γένωμαι
661 926 806 980 ὡσεί
838 928 1320 998 περιϐαλλομένη
1351 928 1444 983 ἐπ’
1473 927 1721 997 ἀγέλαις

155 1002 390 1082 ἑταίρων
421 1031 562 1070 σου.
1497 1025 1510 1033 ’

217 1105 563 1175 ιῖρηγορίου.
600 1137 671 1149 -
702 1106 955 1178 Τοΰνομά
1006 1125 1140 1173 σου,
1196 1109 1384 1180 φησὶν,
1419 1108 1619 1178 ἀγνοῶ,
1655 1108 1721 1161 ὲκ

156 1198 208 1251 δὲ
232 1198 328 1268 τῆς
349 1199 569 1271 ἀγάπης
605 1199 795 1253 καλῶ·
845 1187 1047 1268 ἀγαπῶ
1075 1201 1186 1270 γὰρ
1215 1201 1440 1264 autem;
1469 1201 1560 1253 τὸν
1593 1200 1724 1266 ἀγα-

157 1288 393 1358 πήσαντα
422 1289 520 1343 καὶ
548 1289 650 1361 τὴν
678 1291 860 1361 ψυχὴν
891 1289 1054 1345 θέντα
1093 1291 1235 1361 ὑπὲρ
1267 1291 1436 1360 ἐμοῦ⁹
1472 1293 1567 1341 καὶ
1599 1290 1722 1358 βού-

156 1378 308 1450 λομαί
354 1395 452 1433 σου
520 1380 626 1452 τὴν
676 1381 852 1452 νομὴν
902 1381 1138 1453 εὑροῦσα
1203 1381 1587 1451 ἐμφορηθῆναι
1623 1383 1725 1448 τῆς

156 1469 361 1524 αἰωνίου
383 1471 626 1543 τρυφῆς,
655 1466 721 1545 ἦς
748 1474 776 1525 ὀ
811 1473 886 1544 μὴ
929 1473 1117 1542 φαγὼν
1153 1471 1216 1526 οὐ
1260 1471 1482 1526 δύναται
1519 1473 1598 1534 είς
1625 1471 1724 1540 τὴν

157 1559 294 1629 ζωὴν
313 1560 614 1616 εἰσελθεῖν·
652 1562 780 1616 ἔνθα
816 1579 884 1632 με
912 1563 1274 1629 ἀναπαύσεις,
1302 1564 1360 1615 ἐν
1393 1563 1570 1630 ἀελίῳ
1608 1579 1724 1631 φω-

155 1650 206 1704 τὶ
228 1652 322 1722 τῆς
349 1651 739 1718 ἀναστάσεως·
773 1654 910 1708 ἀλλά
939 1672 1006 1724 με
1053 1654 1264 1720 δίδαξον
1296 1654 1408 1715 πῶς
1441 1654 1556 1706 ἔστι
1600 1652 1724 1706 τού-

134 1756 254 1794 ·των
297 1744 505 1813 τυχεῖν,
553 1745 1176 1814 μήπωςάποσφαλεῖοα
1236 1747 1354 1807 ταῖς
1413 1745 1725 1814 ἀλλοτρίαις

157 1828 367 1899 ἐμπέσω
389 1830 504 1885 τῶν
533 1829 644 1883 σῶν
678 1831 945 1901 ποιμνίων
977 1831 1200 1900 ἀγέλαις
1219 1848 1232 1861 ·
1262 1831 1475 1900 ἀγωνιᾷ
1502 1831 1611 1900 γὰρ
1646 1829 1726 1892 είς

157 1917 211 1972 τό
240 1919 470 1987 φυλάξαι
502 1920 666 1992 μέχρι
683 1919 875 1984 τέλους
905 1921 1044 1990 ὅπερ
1077 1921 1345 1989 ἐκτήσατο
1381 1919 1600 1983 καλλος,
1631 1922 1728 1974 καὶ

159 2009 279 2076 περὶ
308 2008 500 2062 τούτου
541 2009 877 2065 πυνθάνεται
903 2027 917 2042 ο
955 2012 984 2064 ὁ
1025 2011 1080 2064 δὲ
1113 2010 1345 2079 νυμφίος
1398 2011 1600 2080 μείζων
1628 2009 1729 2062 πό-

161 2099 242 2152 θον
271 2099 522 2164 ἐξάπτων
565 2101 928 2156 ἀναϐάλλεται
973 2103 1073 2172 τὴν
1125 2104 1448 2174 ἀπόκρισιν·
1486 2103 1539 2156 οἱ
1585 2103 1730 2171 φίλοι

158 2189 208 2240 δὲ
234 2190 622 2261 ἀποκρίνονται
663 2192 760 2245 τοῦ
818 2193 1076 2263 νυμφίου,
1115 2197 1210 2246 καὶ
1251 2192 1468 2261 λέγουσι
1506 2195 1576 2246 τά
1628 2195 1728 2245 ὲπ-

157 2282 404 2353 αγὸμενα,
431 2283 528 2337 τὸν
570 2283 775 2353 τρόπον
822 2285 924 2354 τῆς
973 2284 1084 2337 τῶν
1142 2284 1452 2357 προσόντων
1511 2285 1732 2354 ἀγαθῶν

157 2374 483 2443 ἀσφαλείας,
539 2375 627 2430 διὰ
681 2377 994 2446 συμϐουλῆς
1051 2377 1453 2450 ὑφηγούμενον
1507 2377 1622 2431 ἔστι
1673 2379 1732 2432 δὲ

159 2463 563 2536 κεκαλυμμένος
591 2467 620 2519 ό
649 2468 782 2535 παρ’
818 2467 1046 2521 ἐκείνων
1086 2469 1269 2538 λόγος.

223 2580 546 2647 Κυρίλλου.
576 2610 647 2621 -
685 2581 970 2654 Ἑταίρους
1015 2582 1182 2635 αὐτοϋ
1229 2585 1358 2645 τοὺς
1401 2586 1734 2651 ἀποστόλους

161 2668 334 2722 καλεῖ·
364 2671 469 2742 ἔφη
498 2673 635 2743 γάρ’
668 2691 686 2723 ι
711 2675 825 2742 Ούκ
851 2673 930 2726 ἔτι
963 2675 1110 2742 λέγω
1142 2675 1284 2744 ὑμᾶς
1316 2675 1559 2742 δούλους,
1591 2679 1730 2732 ἀλλά

131 2759 353 2825 “φίλους.
397 2780 416 2812 ι
467 2763 620 2816 ⁴ι’ίλοι
652 2765 760 2831 γάρ
790 2767 932 2818 ἐστε.
978 2766 1464 2834 Περιϐαλλομένη
1499 2769 1556 2822 δὲ
1582 2767 1734 2837 λέγει

161 2849 541 2922 καλυπτομένη
569 2869 582 2883 ·
635 2853 887 2924 λέγοντος
939 2855 1153 2910 Παύλου
1187 2873 1199 2886 ·
1242 2858 1404 2910 ι”Οτι
1448 2858 1575 2928 ἄχρι
1630 2861 1734 2930 τῆς

162 2941 387 3011 σῆίιερον
443 2945 704 3015 ἡμέρας.
763 2946 926 3016 ἡνίκα
978 2948 1420 3014 ἀναγινώσκεται
1484 2953 1734 3022 Μωσῆς,

1893 747 2058 804 Vens.
2093 749 2146 804 6.
2181 749 2456 803 Annunlia
2490 749 2620 803 mihi
2641 765 2794 820 quem
2828 748 3020 803 dilexit
3055 749 3237 802 anima
3261 764 3400 812 mea,

1819 839 1906 893 ulti
1959 840 2156 909 pascis,
2196 840 2300 916 .ubi
2343 841 2506 895 cubas
2558 843 2612 895 in
2643 841 2906 896 meridie:
2952 857 3016 896 ne
3033 839 3171 910 forte
3206 839 3405 910 eﬁiciar

1822 930 2230 1000 eit'ntadoperta
2270 947 2430 1002 super
2477 947 2655 1002 greges
2694 933 2958 986 sodalium
2987 938 3226 986 tuorum.

1896 1114 2153 1184 Gregorii.
2192 1141 2260 1154 -
2292 1110 2525 1177 Nomen,
2557 1112 2758 1181 inquit,
2819 1117 2974 1165 tuum
3029 1111 3243 1180 ignoro,
3299 1101 3399 1166 sed

1823 1222 1887 1260 ex
1957 1205 2248 1260 dilectione
2301 1204 2560 1274 appello:
2610 1204 2780 1274 diligo
2829 1203 3104 1266 enirn,ut
3142 1218 3240 1274 par
3297 1213 3406 1264 est,

1825 1301 2142 1370 diligentem
2185 1307 2239 1353 et
2271 1299 2511 1352 animam
2537 1314 2689 1352 suam
2727 1314 2825 1367 pro
2881 1314 2966 1351 ntc
2997 1305 3315 1368 ponentem,
3353 1285 3409 1350 (ιί

1825 1411 1947 1448 cn.n
1998 1409 2198 1462 pasrna
2249 1401 2340 1444 tua
2403 1391 2730 1454 invenerim,
2775 1391 2970 1460 repleri
3029 1391 3154 1462 volo
3187 1389 3404 1443 cmlesti

1825 1486 1949 1543 εἰὺι
1989 1500 2148 1554 quem
2167 1487 2260 1554 qui
2293 1498 2405 1537 non
2433 1483 2695 1544 comedit,
2733 1483 2784 1536 in
2819 1482 2987 1536 vitam
3045 1481 3258 1536 intrare
3317 1495 3414 1534 ne-

1829 1589 1978 1644 qun;
2011 1575 2086 1630 ibi
2128 1591 2216 1630 me
2252 1574 2600 1644 requiescere
2635 1573 2806 1627 iacies
2866 1575 2920 1626 in
2971 1574 3096 1628 luce
3153 1585 3410 1628 resurre-

1828 1671 2050 1734 rtumis,
2082 1681 2204 1738 quae
2234 1667 2427 1722 umbra
2464 1674 2638 1722 caret.
2669 1666 2735 1720 At
2763 1665 2901 1720 doce
2933 1681 3019 1720 me
3065 1679 3172 1736 qua
3201 1665 3414 1718 ratione

1832 1759 1916 1814 las
1939 1761 2010 1812 sit
2038 1759 2156 1814 haec
2197 1755 2451 1830 adipisci,
2486 1771 2556 1812 ne
2589 1755 2732 1812 forte
2782 1757 3048 1810 aberrans
3101 1756 3158 1810 in
3201 1755 3414 1809 alienos

1833 1853 1901 1904 ab
1939 1850 2134 1904 ovibus
2157 1848 2271 1902 tuis
2305 1863 2503 1919 greges
2529 1848 2972 1915 incidatn.Qnatn
3003 1847 3150 1902 enim
3168 1846 3412 1901 obtinuit

1833 1941 2298 2013 pulchritudinem
2331 1940 2400 1994 ad
2466 1938 2628 1995 linem
2675 1955 2846 2011 usque
2897 1939 3179 1994 custodire
3221 1936 3416 1992 nititur

1830 2045 1885 2088 et
1916 2033 1984 2088 de
2005 2034 2104 2087 hac
2129 2032 2453 2103 interrogat.
2488 2030 2744 2101 Sponsus
2779 2038 2962 2084 autem
2995 2029 3173 2099 majus
3215 2042 3412 2082 accen-

1831 2129 1965 2182 dens
2011 2125 2376 2190 desiderium,
2408 2123 2600 2180 differt
2660 2137 2985 2192 responsum
3028 2119 3242 2176 :amici
3281 2133 3416 2174 vero

1831 2226 1885 2274 et
1924 2217 2212 2288 sequentia
2237 2215 2447 2282 dicunt,
2473 2215 2756 2285 quomodo
2787 2214 2898 2267 sint
2958 2213 3012 2266 in
3039 2219 3160 2266 tuto
3197 2213 3412 2275 l'ntnra,

1833 2327 1953 2380 quu-
1983 2311 2030 2362 ei
2055 2311 2266 2361 ‘aalsnnt
2303 2310 2465 2367 bona,
2513 2309 2848 2376 respondent
2880 2303 3226 2359 consulendo
3249 2316 3418 2374 expo-

1837 2415 2048 2458 nentes.
2076 2401 2171 2456 Est
2193 2410 2378 2456 autent
2416 2409 2564 2455 tecta
2586 2415 2806 2469 quoque
2839 2413 3030 2452 earum
3065 2397 3268 2451 oratio.

1909 2602 2124 2674 Cyrilli.
2149 2631 2222 2644 --
2255 2601 2430 2657 Aliter
2458 2601 2627 2657 etiam
2653 2600 2876 2655 sodales
2908 2607 3066 2654 vocat
3089 2597 3372 2668 apostolos
3399 2613 3417 2650 :

1840 2695 1917 2748 ait
1952 2695 2096 2748 enim
2129 2713 2143 2750 :
2179 2712 2202 2746 ι
2234 2692 2354 2748 Jam
2396 2709 2508 2748 non
2543 2693 2724 2748 dicam
2757 2707 2852 2744 vos
2893 2704 3104 2756 servos,
3139 2691 3234 2744 sed
3279 2689 3416 2742 antio

1839 2800 1934 2838 cos
1972 2786 2034 2837 '°.
2076 2804 2096 2837 ι
2141 2784 2318 2839 Amici
2347 2784 2496 2839 enim
2525 2782 2976 2852 estis.Adoperla
3011 2796 3140 2835 vero
3203 2781 3316 2842 ait;
3362 2781 3417 2834 id

1839 2887 1924 2931 est
1983 2875 2184 2937 htecta,
2217 2873 2434 2928 dicente
2456 2871 2668 2926 Paulo:
2704 2890 2723 2924 ι
2761 2870 3036 2937 Quoninn
3113 2885 3295 2940 usque
3354 2869 3415 2923 in

1843 2968 2166 3022 hodiernum
2201 2963 2344 3020 diem
2377 2978 2504 3020 cum
2531 2961 2734 3033 legitur
2761 2961 2996 3032 Moyses,
3041 2961 3290 3016 velamen
3316 2975 3417 3030 po-

163 3033 412 3106 κάλυμμα
461 3039 556 3090 ἐπὶ
609 3039 713 3106 τὴν
766 3038 999 3108 καρδίαν
1046 3039 1224 3094 αὐτῶν
1268 3044 1471 3096 κεῖται.
1517 3062 1535 3094 ι
1579 3043 1735 3116 Φωνὴ

191 3120 213 3140 φ
289 3127 302 3140 .
586 3127 613 3140 ..
981 3129 993 3140 .
1117 3130 1150 3140 ..
1205 3132 1246 3140 --
1387 3132 1400 3140 .
1695 3135 1705 3140 -

1848 3061 2009 3115 situm
2035 3067 2118 3112 est
2151 3071 2317 3127 super
2349 3069 2446 3111 eor
2468 3069 2659 3111 eorum
2696 3054 2762 3108 “.
2810 3073 2830 3106 ι
2868 3054 2946 3107 Ad
3002 3053 3283 3107 Christum
3321 3051 3424 3123 igio

161 3127 245 3178 οὖν
281 3127 313 3196 ἡ
345 3127 690 3196 μετανοοῦσα
717 3129 1010 3218 συναγωγὴ
1036 3130 1172 3202 πρὸς
1203 3132 1466 3202 Χριστὸν,
1487 3134 1735 3204 Δήλωσόν

1848 3161 1936 3206 tur
1968 3151 2244 3220 paenitens
2286 3147 2575 3220 Synagoga
2608 3149 2688 3202 ait
2719 3163 2735 3204 :
2765 3147 3004 3203 Ostende
3055 3147 3185 3200 mihi
3240 3153 3435 3200 temet-

163 3233 245 3286 μοι
270 3219 489 3284 σαυτὸν,
540 3220 692 3283 ὅπως
733 3220 807 3292 μὴ
847 3222 957 3275 τῶν
1005 3223 1240 3292 ἑταίρων
1290 3241 1383 3279 σου
1427 3227 1735 3297 ποιμαίνων

1848 3219 2043 3310 ipsum,
2071 3255 2140 3295 ne
2171 3238 2366 3294 amicis
2406 3219 2527 3294 tuis,
2575 3236 2859 3294 Ecclesias
2887 3235 3262 3308 pascentibus,
3323 3249 3450 3308 ego.

161 3308 247 3407 τὰς
272 3307 628 3379 Ἐκκλησίας,
653 3311 764 3380 ἐγὼ
803 3311 901 3364 ἐπὶ
942 3311 1042 3383 τὴν
1093 3315 1321 3385 καρδίαν
1357 3315 1527 3386 μείνω
1550 3315 1612 3370 τὸ
1640 3317 1735 3371 κά·

1848 3347 2094 3388 maneam
2118 3347 2282 3402 super
2305 3345 2402 3385 cor
2430 3331 2678 3386 velamen
2731 3330 2960 3385 habens.

163 3397 340 3469 λυμμα
369 3402 600 3472 ἔχουσα.
1478 3466 1480 3468 τ

223 3495 284 3556 ζ’.
322 3495 466 3548 Ἐὰν
487 3493 578 3564 μὴ
609 3494 766 3565 γνῷς
793 3496 1066 3564 σεαυτὴν
1090 3497 1128 3566 ἡ
1161 3497 1319 3568 καλὴ
1338 3499 1409 3554 ἐν
1437 3499 1735 3570 γυναιξίν,

1912 3511 2078 3566 Vens.
2115 3511 2170 3566 7.
2209 3508 2334 3564 Nisi
2359 3509 2659 3581 cognoveris
2691 3517 2762 3572 le,
2795 3525 2826 3563 0
2879 3507 3103 3576 pulchra
3147 3505 3286 3561 inter
3311 3521 3426 3560 mtt-

163 3581 356 3648 ἔξελθε
387 3586 472 3640 σὺ
513 3587 587 3640 ἐν
641 3587 922 3656 πτέρναις
965 3587 1085 3643 τῶν
1131 3591 1424 3660 ποιμνίων
1473 3605 1612 3656 σου,
1642 3591 1735 3648 xal

1848 3603 1998 3658 lieres
2019 3643 2035 3664 .
2058 3601 2301 3672 egredere
2320 3611 2374 3654 tu
2401 3602 2457 3655 in
2482 3601 2718 3672 vestigiis
2737 3616 2975 3671 gregum,
2997 3606 3048 3655 et
3069 3613 3229 3668 pasce
3247 3596 3425 3653 Itwdoe

153 3678 426 3745 ποῐμαινε
467 3678 578 3746 τὰς
623 3679 869 3750 ἐρίφους
919 3696 1039 3736 σου
1081 3681 1182 3736 ἐπὶ
1217 3683 1575 3756 σκηνώμασι
1620 3685 1735 3739 τῶν

165 3769 472 3838 ποιμένων.

1848 3703 1962 3749 luas
1993 3695 2047 3748 in
2081 3693 2441 3748 tabernaculis
2470 3695 2768 3762 pastorum.

165 3783 202 3819 π
205 3785 251 3820 Ol
256 3783 324 3826 με
327 3787 472 3826 νων.

228 3861 584 3930 ιζρηγορίου.
623 3888 697 3902 -—
723 3846 911 3916 ’Τοῦτο
961 3863 1355 3934 φυλακτήριον,
1397 3865 1458 3919 τὸ
1512 3865 1744 3936 σεαυτὴν

165 3953 485 4021 ἐπιγνῶναι⁹
521 3956 551 4008 ὁ
597 3953 656 4008 δὲ
693 3955 807 4018 τοῖς
831 3953 940 4034 τῶγν
974 3953 1421 4024 προοδευσάντιυν
1456 3957 1735 4026 πεπλανη-

1848 3975 2030 4021 nosse.
2057 3959 2159 4026 Qui
2199 3973 2328 4013 vero
2394 3958 2650 4014 erratieis
2692 3957 3120 4028 praecedentium
3177 3956 3428 4026 vestigiis

166 4045 334 4112 μένοις
362 4045 575 4114 ἴχνεσιν
613 4045 1011 4116 ἀκολουθήσας,
1050 4045 1276 4115 λήσεται
1308 4047 1388 4109 είς
1439 4046 1627 4118 ἔριφον
1653 4051 1735 4106 ἀν·

1848 4050 2072 4114 insistit,
2121 4047 2337 4102 desinet
2390 4046 2444 4099 in
2498 4046 2710 4098 lnedum
2759 4059 2859 4114 pro
2906 4058 3009 4098 ove
3093 4056 3423 4097 conversus.

163 4136 208 4185 τὶ
258 4136 535 4206 προϐάτου
589 4136 934 4206 μεταϐαλὼν.
998 4135 1105 4190 Τοῦ
1163 4137 1408 4206 νυμφίου
1463 4138 1646 4191 τοίνυν
1695 4139 1735 4192 o!

1848 4140 2048 4210 Sponsi
2069 4154 2196 4205 ergo
2225 4136 2386 4190 amici
2423 4135 2612 4190 dicunt
2645 4153 2660 4188 :
2698 4134 2742 4188 0
2793 4133 2997 4196 anima,
3029 4147 3153 4204 quae
3174 4147 3239 4188 ex
3271 4130 3426 4200 nigra

162 4225 294 4294 φίλοι
327 4228 528 4298 φασίνο
569 4227 655 4292 Ὠς
690 4231 756 4282 ὲκ
783 4229 1042 4300 μελαίνης
1077 4227 1226 4300 ψυχὴ
1267 4229 1544 4299 γενομένη
1576 4231 1735 4302 καλῆς

1850 4233 1992 4287 laeta
2020 4248 2081 4286 es
2105 4230 2355 4300 pulchra,
2399 4227 2442 4282 si
2469 4237 2553 4282 est
2585 4225 2678 4281 tibi
2714 4241 2846 4280 cura
2896 4223 3158 4280 servandi
3193 4223 3426 4295 pulchri-

165 4319 210 4370 εί
241 4335 320 4372 σοι
351 4319 546 4390 μέλλει
577 4319 670 4373 τοῦ
713 4320 950 4388 φυλάξαι
997 4319 1058 4373 τὸ
1086 4319 1304 4385 κάλλος,
1345 4319 1420 4391 μὴ
1451 4321 1735 4376 ἀκολούθει

1849 4327 2112 4390 tudinem,
2133 4323 2242 4378 noli
2273 4331 2524 4376 errantes
2553 4321 2730 4390 sequi,
2763 4333 2832 4372 ne
2866 4317 3088 4388 quando
3139 4315 3423 4371 haedorum

164 4410 624 4484 πεπλανημένοις,
678 4414 890 4484 μήποτε
937 4411 1243 4483 προστεθῇς
1273 4415 1340 4483 τῇ
1385 4413 1496 4466 τῶν
1531 4414 1735 4484 ἐρίφων

1848 4435 1876 4472 a
1902 4415 2146 4472 sinistris
2175 4411 2500 4468 collocando
2533 4411 2684 4482 gregi
2741 4409 3088 4480 adjungaris.
3115 4407 3215 4463 Est
3238 4414 3428 4462 autent

165 4499 346 4574 ἀγέλη,
377 4507 446 4574 τῇ
491 4501 738 4574 λαϐούσῃ
774 4502 874 4574 τὴν
919 4502 1107 4574 στάσιν
1161 4504 1261 4573 τὴν
1292 4502 1350 4570 ἐξ
1391 4503 1735 4574 ἀριστερῶνο

1848 4512 2047 4565 clarior
2067 4517 2121 4563 et
2147 4507 2361 4578 syntaxi
2408 4503 2797 4575 congruentior
2863 4501 3140 4572 scriptura
3173 4517 3188 4555 :
3228 4499 3285 4554 Si
3314 4515 3425 4554 non

163 4590 268 4644 ἔστι
309 4592 367 4646 δὲ
414 4593 728 4664 σαφεστέρα
775 4593 962 4665 γραφὴ
1003 4593 1096 4647 καὶ
1123 4593 1367 4664 τηροῦσα
1411 4593 1513 4666 τὴν
1547 4595 1735 4649 σύντα·

1849 4617 2147 4672 cognoscas
2176 4600 2406 4668 teipsatn
2433 4614 2448 4652 :
2481 4611 2514 4651 ο
2547 4595 2775 4666 pulchra
2808 4595 2950 4649 inter
2971 4593 3250 4661 mulieres,
3273 4610 3432 4663 εει-ος

1918 3869 2180 3940 Gregorii.
2217 3898 2278 3909 —
2307 3867 2431 3923 Haec
2460 3868 2557 3922 tibi
2613 3867 2868 3922 custodia
2925 3868 3018 3933 sit,
3078 3866 3426 3936 temetipsam

165 4677 388 4742 ξίν-ἐὰν
419 4685 498 4754 μὴ
523 4683 669 4752 γνῷς
695 4683 948 4754 σεαυτὴν,
985 4685 1019 4754 ἡ
1041 4683 1180 4754 καλὴ
1210 4685 1270 4750 έν
1297 4685 1566 4753 γυναιξὶν,
1596 4685 1742 4752 ἔξελ-

163 4769 216 4822 θε
262 4773 327 4827 lx
385 4773 501 4828 τῶν
557 4773 807 4846 πτερνῶν
859 4775 954 4828 τοῦ
1012 4774 1289 4845 ποιμνίου,
1326 4777 1421 4830 καὶ
1453 4780 1741 4846 ποιμανεϊς

165 4864 371 4933 ἐρίφους
394 4884 410 4898 ο
446 4867 572 4920 ἀντὶ
603 4867 984 4936 σκηνωμάτων
1013 4867 1281 4937 ποιμνίων
1305 4885 1319 4898 ·
1370 4868 1459 4922 ἵνα
1489 4868 1553 4922 τὸ
1580 4869 1745 4932 ἐξελ-

165 4955 222 5006 0e
255 4955 378 5009 ἀντὶ
414 4957 514 5012 τοῦ
545 4957 865 5026 ἐξελεὺσῃ.

229 5047 516 5115 Φίλωνος.
665 5013 894 5120 Ἕτερος
923 5049 1017 5102 τὸν
1037 5049 1198 5118 λόγον
1232 5049 1308 5113 ὡς
1338 5049 1447 5104 ἀπὸ
1474 5050 1568 5104 τοῦ
1599 5013 1766 5121 νομί
1820 5075 1832 5080 -

171 5135 281 5204 gaios
315 5141 454 5212 φησὶ
487 5141 624 5211 πρὸς
654 5141 754 5210 τὴν
790 5142 847 5194 ὲν
875 5140 1078 5205 πάσαις
1106 5145 1228 5204 ταῖς
1258 5146 1606 5211 συναγωγαῖς
1639 5146 1739 5214 p.6-
1787 5199 1801 5214 ,

167 5245 255 5297 νην
281 5226 448 5285 οὖσαν
486 5232 662 5303 καλὴν
684 5272 702 5298 ,
735 5233 816 5286 ὅτι
847 5231 1025 5286 Γνῶθι
1054 5231 1156 5285 ποῦ
1187 5227 1254 5304 ἧς
1283 5235 1379 5287 καὶ
1411 5233 1516 5287 ποῦ
1545 5233 1640 5287 νῦν
1669 5230 1739 5299 εἴ,

170 5320 258 5373 καὶ
285 5323 437 5394 παρὰ
471 5328 620 5388 τίνος
673 5323 817 5396 ἔχεις
846 5323 909 5378 τδ
943 5325 1142 5389 κάλλος
1166 5341 1180 5354 ·
1217 5327 1266 5378 εἰ
1305 5325 1362 5379 δὲ
1401 5325 1605 5396 σαυτὴν
1647 5326 1744 5379 ἀν-

169 5408 312 5475 αξίαν
335 5415 434 5483 τῆς
468 5415 607 5485 ἐμῆς
634 5414 795 5486 δόξης
825 5417 1020 5479 ποιεῖς,
1063 5415 1317 5485 ποίμαινε
1339 5415 1448 5469 τῶν
1479 5416 1743 5486 ἁμαρτω-

171 5497 268 5552 λῶν
291 5504 387 5568 ei;
418 5505 600 5577 ψυχὰς
649 5508 707 5559 ὲν
751 5508 863 5570 τοῖς
891 5505 1216 5579 σκηνώμασι
1248 5507 1356 5562 τῶν
1391 5507 1486 5562 τοῦ
1526 5507 1745 5578 Ἰσραὴλ

175 5589 452 5657 βασιλέων,

236 5766 555 5834 ⁸⁸1υειιιην,
593 5773 676 5827 lii.
760 5773 854 5827 “ll
891 5772 1019 5827 Cor.
1047 5789 1132 5839 ιιι,
1166 5773 1246 5830 l5.

1849 4698 1980 4752 dere
2013 4711 2044 4750 e
2080 4690 2321 4762 vestigiis
2343 4703 2588 4760 gregum,
2611 4693 2664 4741 et
2695 4699 2886 4755 pasces
2907 4683 3096 4742 haedos
3119 4700 3218 4756 pro
3245 4685 3432 4740 taber-

1852 4789 2066 4860 naculis
2106 4791 2387 4853 pastorum
2427 4799 2439 4832 :
2472 4787 2532 4834 ut
2575 4779 2648 4832 sit
2688 4776 2934 4848 egredere
2969 4791 3066 4848 pro
3113 4777 3426 4848 egredieris.

1925 5053 2186 5109 Philonis.
2221 5048 2463 5104 —Alius
2496 5061 2626 5101 vero
2670 5043 2746 5098 ait
2779 5044 2943 5114 quasi
2998 5041 3189 5112 sponsi
3215 5056 3430 5098 sermo.

1853 5162 1974 5201 nem
2001 5159 2124 5199 esse
2145 5139 2213 5196 ad
2245 5154 2366 5196 eam
2419 5149 2542 5209 quae
2568 5153 2634 5192 ex
2659 5135 2920 5190 omnibus
2951 5132 3248 5206 synagogis
3306 5131 3428 5188 sola

1853 5237 2080 5306 pulchra
2131 5240 2218 5288 est
2275 5250 2288 5285 :
2345 5229 2568 5285 noveris
2623 5226 2714 5282 ubi
2767 5225 2963 5288 fueris,
3014 5233 3067 5277 et
3119 5223 3210 5276 ubi
3265 5221 3428 5278 modo

1851 5329 1953 5394 sis,
2005 5336 2060 5382 et
2117 5340 2280 5396 ..ηιιο
2321 5324 2527 5378 habeas
2585 5319 3079 5392 pulchritudinem.
3119 5315 3174 5370 Si
3243 5323 3428 5370 autem

1853 5419 2198 5488 tetnetipsatn
2233 5431 2352 5472 mea
2376 5413 2550 5487 gloria
2574 5411 2855 5483 indignant
2883 5407 3087 5472 reddis,
3114 5420 3280 5475 pasce
3303 5419 3431 5478 pee-

1854 5523 2102 5568 catorum
2129 5511 2340 5566 animas
2379 5507 2436 5562 in
2466 5501 2842 5564 tabernaculis
2875 5515 3062 5572 regum
3099 5497 3290 5554 Israel.
