3970 6296
408 317 545 384 1563

403 527 514 593 vis,
541 525 977 581 utscintillarum
1003 526 1189 596 specie
1211 527 1469 582 irradiari
1485 528 1776 583 videantur
1799 532 1987 590 verba,

404 635 529 690 qua:
564 619 790 671 insitum
823 618 891 672 iis
919 619 1255 672 intellectum
1287 628 1476 674 exacte
1498 631 1772 689 nequeant
1805 624 1990 689 expri-

409 709 696 788 niere.‘Tu
738 719 918 764 autetn
947 711 1031 765 his
1061 711 1303 781 acceptis
1343 727 1438 781 per
1476 711 1632 766 ﬁdem
1667 714 1766 767 fies
1800 714 1990 780 sobjn.

406 802 527 868 pale
554 812 609 855 et
642 801 1015 854 habitaculum
1048 801 1169 870 ejus
1193 805 1285 870 qui
1316 803 1370 854 in
1413 812 1464 855 te
1493 803 1865 856 reelinaturns
1893 811 1976 856 est

409 907 504 960 per
527 887 610 944 tui
629 891 1081 946 inbabitationem
1110 891 1258 960 :ejus
1271 893 1415 945 enim
1448 903 1499 945 et
1517 892 1672 946 sedes
1693 895 1803 948 eris
1827 905 1880 947 et
1903 897 1992 948 do—

407 999 534 1036 inus
574 982 670 1035 lies
703 1000 719 1048 ;
759 998 886 1036 cum
931 983 1090 1038 amici
1133 985 1320 1053 sponsi
1352 985 1465 1038 haec
1507 1001 1655 1050 purae
1699 984 1983 1040 dedissent

406 1075 608 1145 virgini
645 1075 862 1139 animm,
885 1076 938 1128 hi
977 1083 1156 1129 autem
1189 1094 1206 1126 ι
1235 1085 1362 1130 sunt
1392 1077 1848 1132 administratorii
1881 1080 1995 1147 spi-

407 1169 549 1222 titus
598 1169 650 1221 in
684 1167 1054 1222 ministerium
1097 1167 1255 1224 missi
1288 1175 1510 1238 propter
1568 1185 1667 1224 eos
1698 1171 1790 1240 qui
1825 1169 1996 1224 haere—

407 1259 629 1314 ditatem
683 1259 905 1330 capient
945 1260 1143 1316 salutis
1177 1262 1243 1316 ι’.
1281 1279 1302 1312 ι

478 1444 998 1504 Plutonia—Etiam
1023 1447 1414 1503 similitudines
1439 1447 1558 1501 auri
1581 1456 1708 1503 sunt
1731 1455 2000 1520 martyres

406 1546 666 1608 tauquam
685 1553 878 1593 aurum
909 1540 964 1593 in
1003 1523 1126 1609 igne
1155 1539 1391 1608 probati,
1413 1539 1665 1609 stigmata
1695 1537 1901 1595 Christi
1943 1541 1998 1592 in

407 1645 637 1700 corpore
681 1646 782 1685 suo
827 1639 1110 1700 portantes
1158 1631 1294 1685 :sed
1349 1640 1402 1684 et
1454 1630 1507 1684 in
1539 1639 1788 1700 tempore
1823 1630 2000 1699 pacis,

407 1738 516 1776 non
552 1723 728 1777 solum
767 1721 819 1774 in
843 1721 1322 1791 persccutionibus
1358 1729 1643 1789 augustam
1677 1730 1996 1792 arctamque

1746 327 2100 389 PROCOPII
2133 329 2376 390 GAZJEI

405 433 821 490 similitudines.
854 431 1006 489 Talis
1025 434 1169 488 enim
1199 433 1394 489 horum
1419 451 1739 492 sermonum
1772 429 1984 509 argenti
2021 450 2060 500 Α
2091 442 2164 495 ὼε

3539 325 3682 391 Ῑῦϋόι

2245 440 2632 506 ἐναυγέιςματα
2703 435 3094 508 σπινθηροειδῆ
3179 437 3358 491 δοκεῖν
3410 433 3551 492 εἶναι
3605 439 3680 492 τὰ

2097 535 2338 602 ῥήματα,
2407 531 2483 603 μὴ
2541 531 2814 601 δυνάμενα
2877 529 2944 582 δι’
2995 529 3282 602 ἀκριϐείας
3329 531 3574 601 ἐμφῆναι
3619 531 3690 584 τὺ

2093 622 2412 689 ἐγκείμενον
2466 620 2683 690 νόηματ
2725 621 2790 674 σὺ
2841 619 2896 673 δὲ
2944 621 3122 674 ταῦτα
3150 621 3446 692 δεξαμένη,
3479 621 3694 686 ὐποζὺ-

2093 713 2209 782 γιόν
2245 729 2304 764 τε
2334 713 2430 766 καὶ
2459 713 2776 783 οἰκητήριον
2835 713 3040 783 γενήσῃ
3085 711 3173 765 διά
3217 711 3472 776 πίστεως,
3503 712 3599 766 τοῦ
3626 715 3689 766 ὲν

2097 806 2178 857 σοὶ
2212 805 2592 857 ἁνακλίνεσθαι
2619 805 2905 874 μέλλοντος
2935 804 3023 858 διὰ
3053 805 3153 876 τῆς
3188 804 3254 858 ’έν
3286 807 3370 858 σοὶ¹
3426 807 3693 876 κατοική-

2099 912 2234 956 σεως
2257 912 2273 926 ο
2301 895 2397 948 τοῦ
2429 893 2538 965 γάρ
2566 894 2732 947 αὑτοῦ
2774 895 2870 948 καὶ
2921 894 3110 966 θρόνος
3132 895 3234 969 ἔσῃ
3283 897 3377 950 καὶ
3407 891 3555 958 οἶκος
3591 912 3687 965 γε-

2097 989 2234 1060 νήσῃ
2258 1005 2270 1016 ·
2299 986 2474 1040 ταῦτα
2502 986 2611 1039 τῶν
2647 985 2817 1056 φίλων
2843 985 2937 1057 τοῦ
2966 986 3203 1056 νυμφίου
3242 989 3308 1058 τῇ
3344 987 3560 1059 καθαρᾷ
3589 987 3693 1042 καὶ

2098 1081 2352 1152 παρθένῳ
2381 1081 2769 1152 χαρισαμένων
2815 1080 2962 1153 ψυχῇ
2991 1120 3006 1144 ,
3045 1077 3170 1134 εἷεν
3201 1079 3253 1134 δ’
3292 1080 3370 1135 ἂν
3399 1078 3565 1136 οὗτοι
3612 1083 3696 1136 τὰ

2099 1175 2477 1241 λειτουργικὰ
2528 1173 2842 1240 πνεύματα
2886 1176 2975 1236 εις
3022 1169 3340 1225 διακονίαν
3384 1173 3692 1226 ἀποστελ-

2097 1263 2327 1331 λόμενα
2359 1262 2458 1318 διὰ
2503 1264 2646 1329 τοὺς
2668 1261 3013 1332 μέλλοντας
3053 1263 3453 1332 κληρονομεῖν
3491 1278 3692 1331 σωτη-

2089 1354 2253 1422 ρίαν.

2173 1449 2462 1514 Φίλωνος.
2503 1476 2562 1488 -
2579 1431 2704 1501 ’Καὶ
2730 1443 3052 1518 ὁμοιώματα
3077 1445 3190 1516 (Si)
3217 1445 3444 1518 χρυσίου
3469 1449 3518 1502 οἱ
3544 1447 3696 1519 μάρ-

2101 1557 2283 1609 τυρες,
2323 1539 2396 1602 ὡς
2425 1538 2628 1609 χρυσὸς
2655 1539 2714 1590 ὲν
2742 1534 2877 1608 πυρὶ
2929 1537 3358 1608 δοκιμασθέντες
3379 1557 3394 1571 ο
3425 1541 3690 1610 φέροντες

2103 1632 2196 1682 ἐπὶ
2228 1629 2319 1681 τοῦ
2357 1629 2612 1700 σώματος
2645 1629 2710 1682 τὰ
2757 1628 3036 1698 στίγματα
3083 1628 3179 1682 τοῦ
3229 1629 3466 1699 Χριστοῦ
3503 1631 3599 1684 καὶ
3627 1631 3694 1684 ἐν

2106 1720 2284 1789 καιρῷ
2325 1719 2383 1773 δὲ
2432 1720 2656 1790 εἰρήνης
2699 1719 2762 1772 οὐ
2817 1719 2976 1790 μόνον
3023 1720 3082 1772 ὲν
3134 1719 3396 1790 διωγμοῖς
3426 1737 3440 1752 ·
3487 1721 3579 1775 διὰ
3627 1722 3694 1777 τὸ

407 1813 550 1867 viam
587 1813 971 1877 incedendum,
1006 1813 1179 1867 donec
1207 1828 1301 1868 rex
1332 1813 1385 1866 in
1423 1813 1840 1882 regeneratioue
1887 1815 1984 1866 ad-

2103 1813 2312 1865 ελέσθαι
2346 1813 2452 1883 τὴν
2497 1811 2693 1882 στενὴν
2720 1812 2814 1864 καὶ
2861 1810 3230 1883 τεθλιμμένην
3271 1811 3377 1876 ἓως
3427 1808 3489 1868 οὗ
3516 1814 3546 1867 6
3583 1812 3690 1886 βα-

409 1907 619 1959 \‘euial.

475 1995 689 2066 Cyrilli.
712 2029 782 2038 -—-
809 1997 904 2054 Vel
928 2007 1210 2070 argentum
1251 2001 1496 2071 quidem,
1532 2013 1590 2057 ut
1611 2003 1664 2056 in
1693 2002 1988 2072 Scriptura

407 2091 568 2151 solet,
599 2091 1054 2147 divinadoctriua
1097 2095 1191 2159 sit,
1229 2108 1436 2148 aurum
1475 2111 1606 2148 vero
1630 2097 1818 2149 divina
1861 2095 1994 2148 eba-

408 2185 654 2238 rismata.
674 2185 868 2238 Omnia
891 2203 1011 2254 quae
1029 2187 1234 2241 Christi
1251 2188 1547 2241 adventum
1571 2199 1994 2258 praecesserunt,

409 2275 798 2328 similitudines
852 2287 1012 2328 erant
1070 2285 1124 2330 et
1181 2278 1392 2330 umbra:
1451 2277 1760 2332 futurorum
1814 2283 1998 2348 (prout

408 2365 706 2433 Apostolus
729 2369 826 2428 a‘t)
855 2368 922 2418 ho
949 2382 1142 2420 .orum.
1167 2367 1237 2420 At
1269 2368 1360 2420 ubi
1391 2367 1650 2423 Christus
1671 2369 1994 2434 resurrexit,

409 2455 648 2525 perfecta
671 2457 988 2512 hominibus
1008 2473 1239 2512 munera
1259 2460 1494 2530 largitus
1516 2469 1621 2514 est.
1650 2463 1790 2514 Ante
1811 2475 1998 2514 resur-

404 2551 703 2608 rectionem
741 2565 872 2602 vero
913 2549 1306 2606 similitudines
1339 2552 1682 2609 habebamus
1711 2569 1741 2607 a
1789 2551 1996 2608 sodali-

407 2639 513 2695 bus
533 2640 676 2706 ejus,
704 2649 814 2692 tum
842 2641 979 2708 lege,
1009 2650 1121 2694 tum
1156 2643 1457 2712 preplietis.

421 2761 426 2766 -
485 2727 708 2782 Nardus
741 2746 855 2782 mea
883 2729 1028 2783 dedit
1051 2729 1266 2786 odorem
1299 2749 1480 2786 suum.

485 2819 763 2890 Procopii.
797 2852 868 2860 ——
897 2821 1133 2876 Suavem
1166 2824 1390 2876 odorem
1426 2822 1562 2878 dicit
1595 2838 1627 2879 e
1672 2825 1846 2880 variis
1888 2825 1997 2878 vir-

411 2912 644 2976 tutibus,
683 2924 942 2982 tanquam
972 2913 1202 2969 ﬂoribus
1232 2930 1454 2984 sponsae
1483 2916 1856 2984 compositum
1885 2933 1902 2983 ;
1932 2916 1979 2972 si

413 3003 633 3073 quidem
665 3005 718 3057 in
753 3006 1050 3074 semetipsa
1099 3005 1290 3059 olfacit
1321 3021 1547 3061 suavem
1579 3007 1806 3063 odorem
1833 3007 1996 3064 Chri-

409 3097 482 3152 sti
517 3115 533 3164 ;
572 3097 660 3152 vel
690 3099 858 3152 etiam
887 3097 1202 3167 passionem
1234 3098 1356 3166 ejus
1387 3098 1547 3157 dixit.
1585 3099 1638 3152 in
1674 3115 1782 3168 qua
1813 3100 1994 3153 alaba-

409 3195 587 3244 strum
623 3186 1135 3257 unguentieﬂusum
1151 3187 1303 3242 dedit
1334 3187 1534 3258 u‘oiqn'e
1555 3190 1778 3244 odorem
1805 3206 1989 3246 sumn.

483 3277 750 3348 Origenis.
779 3309 852 3319 —
872 3277 1008 3332 Nam
1053 3280 1266 3350 sponsi,
1299 3281 1496 3350 inquit,
1528 3281 1750 3337 odorem
1780 3293 1885 3338 etc.

470 3459 820 3528 Gregori3.—
854 3457 1326 3525 Quemadmodum
1387 3459 1533 3513 enim
1581 3475 1705 3524 vos,
1784 3460 1990 3530 inquit,

411 3549 864 3605 administratorii
905 3550 1161 3620 spiritus,
1190 3567 1298 3604 non
1332 3551 1512 3620 ipsum
1549 3551 1825 3606 sincerum
1857 3551 1992 3605 divi-

410 3643 601 3697 nitatis
651 3657 868 3707 aurum,
898 3643 995 3697 sed
1053 3659 1153 3712 per
1209 3659 1304 3698 eas
1343 3643 1546 3698 mentis
1599 3645 1994 3714 conceptiones

411 3750 552 3804 quas
587 3749 784 3801 capere
823 3749 1122 3802 possumus
1145 3735 1308 3789 nobis
1339 3735 1560 3789 donatis
1582 3736 1700 3788 auri
1735 3737 1998 3790 similitu-

410 3827 592 3891 dines,
621 3841 730 3880 nou
759 3825 1002 3879 dilucida
1028 3827 1280 3879 oratione
1301 3843 1422 3895 qua:
1451 3835 1583 3880 sunt
1609 3825 1732 3896 ejus
1751 3829 1998 3894 aperien-

410 3926 517 3977 tes.
562 3917 655 3971 sed
696 3931 788 3985 per
820 3917 1053 3986 exiguas
1086 3917 1380 3970 rationalis
1407 3919 1617 3988 argenti
1657 3927 1816 3973 notas
1856 3933 1996 3988 pra:-

412 4007 608 4060 bs-ntes
647 4006 920 4074 quasdam
955 4017 1292 4076 apparentes
1341 4006 1464 4076 ejus
1530 4007 1678 4078 quod
1727 4007 2000 4078 quaeritur

410 4099 622 4166 species
652 4136 670 4162 ,
702 4101 781 4153 sic
810 4109 865 4152 et
886 4113 989 4170 ego
1027 4114 1123 4168 per
1152 4099 1500 4155 intellectum
1530 4101 1696 4171 huius
1728 4101 1998 4172 unguenti

407 4190 554 4243 iltins
571 4189 744 4258 ipsius
759 4192 964 4244 bonum
982 4191 1208 4244 odorem
1223 4206 1390 4246 sensu
1408 4194 1646 4261 percepi.
1671 4191 1998 4248 Istiusmodi

408 4292 588 4334 autem
619 4281 750 4334 mihi
799 4279 1016 4334 videtur
1046 4281 1251 4336 habere
1293 4298 1518 4336 sensum
1547 4301 1561 4337 :

1633 4281 2003 4346 Quemadmo-

407 4373 536 4424 dum
560 4388 624 4426 ex
661 4370 896 4425 diversis
921 4371 1261 4424 aromatibus
1284 4373 1588 4426 secundum
1625 4371 1790 4424 aliam
1833 4380 2003 4440 atque

2097 1906 2280 1967 σιλεὺς
2305 1905 2364 1956 ἐν
2386 1905 2452 1974 τῇ
2481 1903 2882 1975 παλιγγενεσία
2909 1904 3311 1975 παραγένηται.

2165 1999 2499 2064 lingulati.
2523 2027 2592 2037 —
2623 1997 2830 2064 Ἥγονν
2865 1995 3134 2067 ἀργύριον
3173 1997 3271 2067 μὲν
3305 1998 3364 2050 ὲν
3395 1999 3460 2068 τῇ
3490 1995 3690 2070 Γραφῇ

2097 2091 2361 2158 συνξθως,
2398 2091 2432 2160 ή
2459 2089 2578 2142 θεία
2599 2087 2928 2142 διδασκαλία
2950 2104 2964 2120 ο
3002 2088 3230 2160 χρυσίον
3254 2089 3317 2141 δὲ
3344 2088 3412 2146 τά
3443 2089 3565 2144 θεῖα
3586 2106 3692 2160 χα-

2099 2181 2379 2250 ρίσματαο
2434 2183 2616 2234 πάντα
2669 2180 2727 2233 δὲ
2781 2181 2886 2250 προ
2919 2181 3017 2250 τῆς
3076 2181 3373 2252 ἐπιδημίας
3418 2183 3687 2252 Χριστοῦ,

2095 2270 2418 2340 ὁμοιώματα
2473 2267 2541 2340 ἧν
2580 2273 2675 2324 καὶ
2733 2271 2863 2324 σκιά
2912 2273 3020 2324 τῶν
3064 2273 3391 2342 μελλόντων,
3422 2273 3566 2327 κατὰ
3593 2271 3688 2329 τὸν

2097 2360 2444 2426 ’Δπόςτολον,
2479 2359 2702 2428 ἀγαθῶν
2724 2377 2738 2390 ⁸
2766 2361 3008 2424 ἀναστὰς
3043 2361 3100 2413 δὲ
3131 2361 3366 2431 Χριστὸς
3409 2362 3478 2416 τὰ
3503 2362 3686 2415 τέλεια.

2097 2455 2207 2513 τοῖς
2227 2451 2532 2522 ἀνθρώποις
2563 2451 2897 2522 δεδώρηται’
2961 2451 3068 2522 πρὸ
3118 2453 3174 2505 δὲ
3199 2454 3298 2522 τῆς
3333 2453 3689 2517 ἀναστάσεως

2095 2541 2424 2611 ὁμοιώματα
2455 2541 2703 2612 εἴχομεν,
2735 2542 2886 2614 παρὰ
2910 2543 3023 2596 τῶν
3079 2543 3320 2596 ἐπαίνων
3370 2541 3558 2609 αὑτοῦ,
3588 2542 3686 2598 τοῦ

2096 2651 2155 2686 τε
2191 2635 2356 2702 νόμου
2389 2636 2484 2687 καὶ
2521 2635 2632 2687 τῶν
2663 2635 2985 2706 προφητῶν.

2165 2725 2399 2794 Νάρδος
2447 2725 2676 2780 ἔδωκεν
2715 2726 2920 2796 ὀσμὴν
2947 2726 3157 2782 αὐτοῦ.

2168 2820 2529 2886 Προκοπίου.
2559 2847 2629 2860 -—
2659 2819 2904 2873 Εὑωδίαν
2936 2819 3102 2890 φησὶν
3147 2821 3212 2872 ὲκ
3260 2818 3523 2873 ποικίλων
3551 2819 3684 2891 ἀρε-

2095 2911 2205 2962 τῶν
2234 2910 2488 2980 καθάπερ
2518 2909 2578 2974 ἐξ
2603 2908 2815 2962 ἀνθέων
2841 2909 3218 2979 συναγομένην
3266 2909 3332 2978 τῇ
3368 2906 3556 2979 νύμφῃ
3581 2923 3595 2938 ⁶
3625 2910 3684 2961 ἐν

2098 3005 2262 3074 ἐαυτῇ
2289 3001 2776 3073 γάρόσφραίνεται
2805 3003 2904 3071 τῆς
2927 3002 3158 3065 εὐωδίας
3189 2995 3430 3072 Χριστοῦ
3451 3017 3466 3030 ο
3497 2999 3593 3054 καὶ
3630 3000 3682 3052 εί

2097 3097 2158 3150 τὸ
2183 3097 2353 3161 πάθος
2381 3092 2537 3151 εἶπεν
2565 3095 2756 3160 αὑτοῦ,
2788 3096 2874 3164 ἐφ’
2989 3094 3081 3148 καὶ
3110 3093 3170 3146 τὸ
3197 3093 3538 3164 ἀλάϐαστρον
3585 3091 3682 3148 τοῦ

2099 3189 2272 3260 μύρου
2307 3189 2464 3258 χυθὲν
2497 3187 2722 3241 διέδωκε
2761 3185 3040 3255 πανταχοῦ
3063 3185 3164 3254 τὴν
3197 3185 3398 3254 ὀσμήν.

2174 3279 2530 3350 Ὤριγιένους.
2572 3308 2641 3319 -
2675 3277 2786 3348 Τὴν
2819 3278 2928 3348 γὰρ
2960 3275 3055 3330 τοῦ
3107 3275 3344 3346 νυμφίου
3399 3275 3566 3345 φησὶν
3587 3272 3683 3328 ὁσ-

2097 3373 2224 3444 μὴν,
2251 3389 2307 3427 κ.
2335 3389 2386 3424 τ.
2414 3371 2464 3426 λ.
2499 3371 2636 3442 (εει).

2165 3462 2514 3530 Γρηγοριόυ.
2532 3491 2602 3502 -
2616 3460 2704 3523 Ὠς
2721 3459 2830 3530 γὰρ
2855 3460 3038 3530 ὑμεῖς,
3066 3459 3220 3528 φησι,
3243 3457 3310 3510 τὰ
3325 3456 3686 3528 λειτουργικά

2096 3551 2404 3620 πνεύματα,
2441 3551 2541 3604 οὐκ
2571 3549 2702 3602 αὐτὸ
2732 3549 2794 3601 τὸ
2826 3549 3104 3619 ἀκήρατον
3130 3549 3229 3617 τῆς
3255 3548 3510 3618 θεότητος
3545 3564 3679 3618 χρυ-

2098 3643 2230 3705 σίον,
2260 3641 2371 3695 ἀλλ’
2399 3641 2722 3712 ὁμοιώματα
2755 3639 2844 3694 διά
2869 3641 2980 3694 τῶν
3019 3639 3347 3712 χωρητικῶν
3393 3642 3528 3711 ἡμῖν
3553 3656 3680 3709 νοη-

2101 3736 2288 3805 μάτων
2316 3733 2410 3788 τοῦ
2434 3735 2658 3805 χρυσίου
2689 3733 2983 3804 χαρίζεσθε
3005 3752 3019 3765 θ
3049 3734 3108 3786 οὗ
3133 3733 3398 3802 τηλαυγεῖ
3427 3732 3502 3802 τῷ
3533 3731 3678 3801 λόγῳ
3733 3747 3736 3751 ·

2097 3828 2165 3880 τὰ
2194 3829 2315 3880 κατ’
2351 3827 2516 3879 αὑτὸν
2547 3826 2982 3889 ὲκκαλύπτοντες
3008 3865 3022 3888 ,
3060 3826 3194 3878 ἀλλά
3219 3827 3306 3879 διὰ
3333 3824 3432 3893 τῆς
3475 3822 3681 3904 βραχέτ

2099 3936 2258 3988 τητος
2296 3917 2404 3970 τῶν
2451 3917 2544 3970 τοῦ
2579 3917 2805 3984 λογικοῦ
2838 3917 3104 3987 ἀργυρίου
3137 3915 3450 3985 στιγμάτων
3505 3915 3680 3984 ἐμφά-

2101 4029 2213 4074 σεις
2240 4009 2391 4073 τινας
2421 4010 2833 4080 παρασχόμενοι
2865 4009 2958 4062 τοῦ
2983 4007 3333 4079 ζητουμένου,
3363 4006 3505 4060 οῦτω
3525 4007 3682 4076 κάγὼ

2099 4103 2188 4156 διὰ
2216 4103 2312 4172 τῆς
2340 4101 2630 4164 ἐπιπνοίας
2662 4101 2759 4153 τοῦ
2792 4101 2928 4171 ἐμοῦ
2970 4101 3167 4169 μύρου,
3203 4099 3300 4164 τὴν
3335 4099 3503 4152 αὑτοῦ
3543 4099 3684 4152 ὲκεί-

2101 4209 2192 4244 νου
2219 4191 2446 4244 εὐωδίαν
2484 4194 2550 4261 τῇ
2598 4191 2849 4261 αἰσθήσει
2879 4189 3298 4261 παρεδεξάμην
3327 4189 3567 4244 τοιοῦτον
3596 4190 3677 4253 δὲ,

2095 4275 2198 4353 ’μοὶ
2214 4282 2381 4346 δοκεῖ,
2413 4280 2534 4334 νοῦν
2559 4281 2671 4351 ἔχει
2693 4297 2708 4313 ο
2737 4283 2950 4351 Ὥσπερ
2979 4283 3042 4334 ὲκ
3057 4281 3328 4352 διαφόρων
3349 4282 3680 4351 ἀρωμάτων,

2104 4373 2263 4427 ἄλλου
2301 4375 2420 4426 κατ’
2445 4372 2612 4443 ἀλλην
2643 4372 2880 4442 ἰδιότητα
2911 4373 3307 4437 εὐπειοοὺντων,
3349 4374 3570 4442 τεχνικὴ
3600 4390 3686 4436 τις

407 4467 570 4518 aliain
627 4464 1016 4532 proprietatem
1040 4461 1432 4532 fragrantibus,
1457 4462 1758 4517 artiﬁciosa
1782 4470 1836 4517 et
1865 4478 1984 4518 mo-

2103 4466 2195 4524 καὶ
2226 4463 2500 4535 ἔμμετρος
2530 4462 2674 4533 μίξις
2707 4464 2767 4516 τὸ
2797 4462 3040 4516 τοιοῦτον
3085 4461 3462 4533 ἀπεργάζεται
3511 4463 3684 4534 μύρον

406 4557 596 4608 alt-rata
627 4553 830 4618 niistio,
860 4553 970 4608 tale
999 4553 1162 4608 edicit
1197 4564 1532 4624 unguentum
1562 4570 1628 4608 ex
1660 4555 1726 4609 iis
1748 4569 1872 4626 qua:
1903 4556 1984 4610 si-

409 4648 518 4700 tmtl
555 4646 898 4713 injiciuntur,
928 4645 1093 4700 unius
1129 4645 1416 4714 cujusdam
1467 4645 1651 4700 herba:
1699 4645 1992 4701 odoriferae

407 4737 496 4790 cui
543 4753 738 4791 nomen
793 4737 1026 4802 nardus,
1067 4751 1190 4808 qua:
1223 4737 1322 4790 toti
1355 4738 1744 4804 compositioni
1779 4754 1976 4792 nomen

408 4831 612 4900 ιιι-ιυιιοι
641 4847 656 4884 :
689 4830 769 4884 sic
809 4829 1000 4899 utique
1045 4829 1090 4883 si
1122 4831 1248 4898 quis
1283 4842 1500 4882 omnem
1550 4828 1688 4884 bene
1736 4830 1974 4884 olentem

406 4924 594 4976 ﬂorem
627 4937 691 4976 ex
727 4921 899 4976 variis
949 4922 1213 4974 virtutum
1251 4921 1422 4988 pratis
1447 4920 1753 4990 collegerit,
1793 4930 1848 4974 et
1886 4931 1972 4974 to-

406 5023 515 5066 tant
535 5013 698 5067 vitam
717 5027 871 5066 suam
896 5028 1059 5064 unum
1081 5011 1268 5064 fecerit
1293 5023 1623 5082 unguentum
1652 5029 1744 5080 per
1775 5015 1978 5065 bonum

406 5105 630 5159 odurcnt
663 5105 1006 5172 singulm-uin
1046 5105 1092 5156 \l
1122 5123 1166 5155 ae
1205 5105 1536 5169 studiorum,
1572 5113 1626 5157 et
1663 5120 1757 5172 p~r
1789 5106 1973 5155 omnia

407 5197 694 5269 perfectus
748 5205 1007 5259 crast-r21,
1041 5197 1094 5248 itt
1121 5197 1205 5264 ips
1229 5214 1298 5248 tltt
1337 5197 1560 5266 quidem
1591 5196 1680 5250 Dei
1721 5196 1980 5256 Verbum,

411 5300 669 5358 tanquam
696 5291 748 5342 iu
779 5289 913 5343 sutis
947 5289 1160 5350 urbem,
1189 5288 1259 5339 ob
1303 5287 1660 5342 eminentiam
1721 5289 1974 5342 obtutum

409 5382 577 5452 ﬁgere
631 5382 956 5436 naturaliter
1002 5396 1108 5433 non
1141 5392 1362 5450 potest;
1405 5380 1496 5435 sed
1545 5381 1600 5434 in
1645 5380 1823 5451 seipso
1863 5389 1984 5433 tan-

419 5489 582 5541 quam
623 5473 676 5526 in
711 5472 937 5542 speculo
971 5472 1142 5527 solem
1175 5471 1393 5541 aspicit.
1420 5470 1566 5526 Illius
1593 5471 1737 5524 enim
1779 5487 1918 5525 tera:
1936 5479 1990 5524 et

468 5588 512 5620 υ
539 5560 702 5645 uel}.
737 5604 771 5652 ι,
801 5588 882 5646 ιι.

2101 4561 2227 4632 μιᾶς
2265 4575 2412 4620 τινος
2439 4557 2580 4620 πόας
2607 4555 2842 4618 εὐώδους
2873 4557 2938 4609 ὲκ
2981 4555 3090 4608 τῶν
3140 4556 3682 4626 συνεμϐαλλομένων,

2094 4648 2125 4726 ᾖ
2162 4654 2334 4720 ὄνομα
2363 4649 2556 4720 νάρδος
2585 4649 2752 4715 ἐστὶν,
2783 4647 2890 4719 ὅλῳ
2938 4646 3018 4716 τῷ
3059 4647 3551 4716 κατασκευάσματι
3583 4665 3684 4702 πε·

2087 4741 2421 4814 ’ριεχομένης
2466 4740 2528 4794 τὸ
2559 4739 2762 4810 ὄνομα·
2806 4739 2952 4793 οὕτω
3008 4739 3103 4793 καὶ
3154 4738 3210 4792 εἴ
3260 4756 3345 4802 τις
3382 4741 3492 4792 πᾶν
3523 4738 3685 4802 ἄνθος

2088 4833 2314 4895 εὐωδίας
2337 4831 2525 4885 ἐκτῶν
2556 4830 2819 4884 ποικίλων
2845 4832 2944 4900 τῆς
2969 4831 3172 4902 ἀρετῆς
3199 4831 3489 4902 λειμώνων
3520 4831 3684 4884 ἀνθο-

2083 4923 2320 4994 λη’ήσα;
2347 4923 2441 4976 καὶ
2473 4921 2651 4975 πάντα
2680 4921 2880 4976 ἑαυτοῦ
2905 4920 2994 4974 τόν
3023 4920 3140 4990 βίον
3171 4921 3231 4974 ἓν
3255 4921 3427 4993 μύρον
3458 4923 3546 4976 διὰ
3583 4923 3684 4992 τῆς

2084 5016 2192 5068 τῶν
2222 5014 2344 5068 καθ’
2375 5015 2606 5067 ἕκαστον
2633 5013 3092 5083 ἐπιτηδευμάτων
3127 5013 3388 5084 εὐοσμίας
3435 5014 3684 5083 ἀπεργα-

2088 5108 2343 5176 σάμενος,
2367 5105 2456 5158 διὰ
2479 5105 2698 5158 πάντων
2725 5105 2937 5174 γένοιτο
2963 5104 3194 5169 τέλειος,
3218 5105 3357 5174 πρδς
3391 5105 3556 5158 αὑτὸν
3584 5106 3684 5176 μὲν

2086 5201 2176 5253 τδν
2209 5199 2342 5252 Θεὸν
2371 5199 2564 5264 Λόγον,
2593 5199 2668 5262 ὡς
2689 5197 2824 5268 πρὸς
2849 5198 2999 5267 ἡλίου
3031 5197 3230 5252 κύκλον
3254 5197 3460 5251 ἀτενῶν
3490 5197 3682 5252 ἐνιδεῖν

2088 5291 2248 5358 φᾶσιν
2280 5291 2378 5342 οὐκ
2419 5291 2556 5360 ἔχει,
2585 5289 2674 5343 διὰ
2700 5289 2759 5342 τὸ
2791 5289 3188 5360 ὑπερκείμενον
3230 5289 3329 5360 τῆς
3359 5289 3570 5352 οὐσίας,
3623 5292 3684 5342 ὲν

2097 5383 2274 5452 ἑαυτῷ
2301 5383 2375 5444 δὲ,
2411 5383 2664 5451 καθάπερ
2697 5383 2752 5432 ἐν
2779 5383 3092 5450 κατόπτρῳ,
3127 5381 3341 5450 βλέπειν
3373 5385 3462 5431 τὸν
3491 5380 3643 5448 ἣλιοι
3663 5395 3681 5411 ⁶

2098 5475 2153 5526 αἱ
2183 5475 2290 5545 γαρ
2326 5475 2422 5542 τῖς
2459 5474 2716 5542 oili-Qui};
2771 5475 2862 5526 καὶ
2907 5473 3056 5536 θείας
3100 5473 3300 5544 ἀρετῆς
3350 5474 3569 5534 ἀκτῖνες
3601 5489 3680 5544 τῳ

1919 5579 2158 5666 hora.

613 5700 721 5773 Ιξαὶ
747 5700 1066 5773 ὁμοιώματα
1087 5733 1154 5743 -
1190 5702 1562 5772 παραγένηται
1591 5704 1642 5757 in
1675 5705 1735 5758 (ἰ.
1769 5703 1824 5759 Β.
1860 5715 1979 5760 euut

2104 5715 2250 5760 tatur
2291 5707 2394 5762 sub
2425 5707 2643 5760 nomine
2666 5704 2924 5773 Gregoiii.

483 5772 594 5841 (‘22)
624 5770 827 5826 Patrot.
851 5780 889 5824 ι.
923 5771 1083 5838 XVII,
1114 5773 1218 5826 col.
1263 5773 1386 5826 260.
