3970 6296
243 290 384 357 1573

1168 294 1704 362 COMMENTARII
1752 297 1832 357 IN
1866 293 2190 355 CANTICA
2221 293 2515 354 CANTIC.

3349 347 3354 352 .
3373 293 3514 360 1574

209 407 258 475 ,ἠ
295 403 625 476 ἀνθρωπεία
659 405 822 476 φύσις
853 407 1072 460 σύσκιον
1103 411 1167 480 τῇ
1185 411 1466 483 οἰκονομίᾳ
1482 412 1803 480 γενόμενον·

1930 407 2200 476 snbjungit
2249 403 2492 459 Lectulus
2543 412 2722 459 noster
2772 405 3052 461 umbrosus
3081 422 3100 460 :
3133 405 3238 462 hoc
3275 419 3360 463 est
3397 407 3520 464 :Te

227 493 386 568 ἦλθες
406 496 519 566 γὰρ
534 499 622 562 σὺ,
642 497 834 568 φησιν,
861 499 890 550 ό
917 498 1081 563 καλὸς
1108 501 1408 570 άδελφιδὸς,
1435 503 1638 574 ὡραῖος
1665 505 1802 573 πρὸς

229 589 295 656 τῇ
320 585 476 657 κλίνῃ
503 585 669 658 ἡμῶν
703 587 921 650 σύσκιος
964 589 1260 660 γενόμενος
1281 607 1295 622 °
1343 592 1565 663 ὡραῖος,
1600 592 1715 646 ἀλλ’
1745 592 1819 655 ὡς

231 674 520 746 χωροῦμεν
547 673 809 738 δέξασθαι
830 693 844 706 ⁸
896 677 990 730 καὶ
1039 678 1149 749 γὰρ
1179 681 1211 750 ἡ
1239 681 1375 751 πρὸς
1407 681 1506 752 τὴν
1538 680 1821 751 ἀνθρωπό-

228 782 371 835 τητα
429 767 810 832 ὲπανάπαυσίς
864 786 979 834 σου,
1042 763 1366 824 συνεσκίᾶσε
1395 775 1460 843 τῇ
1513 771 1678 842 σαρκὶ
1719 771 1821 841 τὴν

230 855 506 926 θεότηταο
555 858 681 911 ἐπεὶ
744 859 826 922 τίς
875 859 941 912 ἂν
993 861 1266 932 ὑπέστησε
1312 863 1414 932 τὴν
1474 865 1818 933 ἐμφάνειαν;

231 947 440 1019 Κλίνην
467 947 524 1001 δὲ
553 947 834 1020 ὀνομάζει,
884 950 961 1013 ὡς
1027 951 1236 1023 νύμφη,
1265 956 1332 1024 τῇ
1364 958 1599 1026 τροπικῇ
1639 971 1820 1025 σημα-

234 1039 326 1109 σίᾳ
375 1043 444 1112 τῇ
487 1041 626 1112 πρὸς
647 1041 708 1094 τὸ
729 1041 884 1094 Θεῖον
915 1043 1242 1114 ἀνάκρασιν,
1282 1045 1375 1098 καὶ
1407 1047 1693 1100 κοινωνίαν
1728 1047 1824 1099 ἀν·

232 1128 520 1198 θρωπίνης
567 1131 757 1193 οὐσίας
819 1131 1238 1204 ἑρμηνεύουσα·
1293 1135 1502 1206 ταύτην
1544 1136 1600 1190 δὲ
1631 1137 1733 1190 οὐκ
1757 1137 1822 1190 ἂν

233 1219 413 1283 ἄλλως
461 1215 531 1291 ἦν
593 1221 820 1276 δυνατὸν
849 1224 1127 1292 γενέσθαι,
1159 1227 1208 1279 εί
1253 1227 1328 1298 μὴ
1357 1228 1447 1282 διὰ
1476 1228 1572 1282 τοῦ
1599 1229 1822 1284 συσκίου

231 1315 368 1380 ἡμῖν
411 1311 650 1383 φανῆναι
714 1314 804 1368 τὸν
861 1314 1068 1386 Κύριον
1098 1333 1112 1348 ·
1178 1316 1237 1382 ὃς
1280 1319 1340 1372 ού
1365 1317 1604 1391 ¹νυμφίος
1641 1322 1821 1392 μόνον,

234 1403 373 1456 ἀλλὰ
405 1403 500 1455 καὶ
515 1403 799 1475 οἰκοδόμος
830 1406 978 1458 ἐστίν
996 1423 1011 1438 ο
1038 1407 1200 1464 αὐτὸν
1231 1411 1363 1480 ἡμῖν
1382 1412 1478 1464 καὶ
1500 1412 1824 1482 τεχνιτεύων

232 1495 328 1576 τὸν
361 1489 532 1557 οἷκον,
565 1495 658 1560 καὶ
716 1495 815 1568 ὕλη
864 1498 965 1568 τῆς
1021 1499 1216 1571 τέχνης
1271 1503 1596 1573 γενόμενος’
1625 1504 1826 1576 δροφον

235 1575 348 1654 λίέίρ
382 1585 666 1640 ὲπιὸάλλει
688 1585 768 1652 τῷ
817 1587 976 1658 οῖκῳ,
1017 1587 1106 1642 διὰ
1126 1589 1230 1660 τῆς
1262 1592 1507 1663 ἀσήπτου
1538 1575 1670 1664 ὕλης
1695 1595 1827 1648 καλ-

234 1673 492 1738 λωπίζων
523 1675 584 1726 τὸ
602 1675 764 1746 ἔργον
785 1692 801 1708 ο
854 1677 1080 1750 τοιαύτη
1129 1680 1185 1734 δέ
1217 1682 1366 1735 ἐστιν
1390 1684 1424 1754 ἡ
1456 1685 1648 1756 κέδρος
1667 1685 1761 1740 καὶ
1791 1687 1825 1758 ἡ

1920 499 2168 566 cognovit
2233 497 2348 552 sive
2400 503 2698 566 cognoscet
2749 496 3002 552 humana
3049 505 3248 553 natura
3289 500 3517 554 umbro-

1919 605 2039 643 sum
2081 587 2285 643 factum
2321 604 2418 659 per
2437 588 2929 659 dispensationem.
2977 585 3186 645 Venisti
3230 591 3400 653 enim.
3433 592 3518 646 in—

1921 679 2074 747 quit,
2132 687 2190 732 tu
2237 671 2466 748 pulcher
2513 679 2822 745 fratruelis,
2865 680 2930 734 ad
2991 680 3194 736 lectum
3237 692 3516 749 nostrum,

1924 769 2105 825 factus
2134 770 2452 826 umbrosus.
2487 770 2789 842 Speciosus
2823 771 2916 827 sed
2945 781 3115 846 prout
3155 786 3356 841 capere
3390 787 3518 840 pos-

1922 876 2136 916 sumus.
2190 861 2406 915 Etenim
2463 871 2554 915 tua
2583 878 2708 916 cum
2765 862 3112 916 humanitate
3157 863 3520 918 commoratio

1921 951 2272 1007 obumbravit
2299 967 2468 1008 carne
2521 953 2888 1008 divinitatem.
2931 951 3193 1023 Alioquin
3228 954 3354 1022 quis
3391 967 3519 1008 sus-

1924 1045 2179 1100 tinuisset
2232 1047 2679 1115 apparitionem?
2737 1045 2962 1100 Lectum
3027 1054 3209 1100 autem
3269 1048 3516 1100 nominat.

1937 1119 2142 1205 sponsa
2163 1138 2374 1206 trepica
2409 1138 2820 1207 signiﬁcatione
2853 1136 3230 1206 interpretans
3265 1137 3520 1190 humana:

1925 1235 2135 1282 natura:
2165 1242 2288 1281 cum
2325 1227 2513 1282 divina
2556 1228 3121 1298 contemperationem
3163 1236 3328 1297 atque
3369 1243 3520 1281 cmu-

1926 1317 2380 1373 municationcm.
2410 1317 2554 1372 Fieri
2587 1329 2770 1374 autem
2802 1333 2912 1372 non
2943 1326 3157 1388 poterat
3187 1327 3246 1374 ut
3267 1334 3328 1374 ea
3349 1327 3514 1380 esset,

1928 1409 2036 1463 nisi
2065 1424 2160 1478 per
2201 1409 2307 1463 hoc
2337 1409 2485 1478 quod
2522 1407 2787 1465 Dominus
2820 1411 3116 1465 umbrosus
3165 1426 3264 1480 per
3313 1426 3519 1480 corpus

1939 1498 2108 1553 nobis
2140 1499 2414 1569 apparuit,
2467 1498 2561 1568 qui
2613 1514 2723 1553 non
2774 1499 2950 1552 solum
2992 1505 3080 1553 est
3114 1514 3378 1567 sponsus,
3419 1499 3516 1552 sed

1925 1590 2094 1646 etiam
2151 1589 2268 1660 ipse
2311 1590 2620 1646 aediﬁcatus
2655 1591 2710 1644 in
2765 1589 2929 1644 nobis
2978 1588 3082 1644 fuit
3135 1587 3420 1654 Dominus,
3463 1597 3519 1644 et

1928 1679 2127 1734 domus
2169 1680 2505 1736 architectus
2536 1672 2598 1735 'et
2647 1679 2786 1734 artis
2841 1678 3092 1745 materia,
3137 1688 3338 1734 tectum
3369 1681 3516 1734 enim

236 1768 582 1842 κυπάρισσος
602 1781 618 1795 ⁸
667 1767 848 1839 κέδροι
896 1770 998 1839 μὲν
1027 1773 1139 1841 γὰρ
1167 1771 1255 1826 διὰ
1277 1773 1338 1826 τὸ
1359 1775 1656 1846 ἐπιμήκεις
1681 1772 1823 1832 εἶναι

1930 1768 2158 1838 imponit
2213 1769 2402 1823 domui
2449 1785 2548 1839 per
2603 1769 2890 1824 materiam
2941 1770 3330 1838 imputribilem
3376 1788 3517 1840 opus

235 1856 315 1927 τῷ
339 1857 534 1910 πλάτει
571 1857 663 1910 τοῦ
689 1859 836 1912 οῐκου
881 1859 958 1930 τῷ
1015 1861 1198 1935 ὀρόφῳ
1231 1864 1662 1938 διαλαμϐάνουσι
1682 1885 1695 1899 ·
1722 1887 1822 1922 κυ-

239 1949 501 2017 πάρισσοι
554 1949 609 2001 δὲ
636 1949 723 2002 διὰ
763 1951 858 2019 τῆς
880 1954 1178 2024 γενομένης
1213 1957 1560 2026 φατνὼσεως,
1601 1959 1702 2030 τὴν
1735 1958 1824 2013 ἔν-

237 2037 396 2092 δοθεν
421 2038 518 2092 τοῦ
543 2038 695 2093 οἴκου
723 2043 1072 2113 κατασκευὴν
1099 2044 1430 2116 ὡραῒζουσιν
1447 2062 1462 2077 ο
1500 2049 1690 2122 ἐπειδὴ
1714 2050 1784 2118 γὰ
1793 2065 1824 2120 ρ

239 2132 300 2184 ὲν
323 2130 402 2202 τῷ
426 2131 743 2201 Εὐαγγελίῳ
772 2137 800 2188 ὁ
829 2134 1034 2205 Κύριος
1055 2135 1256 2207 βροχὴν
1291 2139 1550 2209 ὀνομάζει
1574 2140 1674 2204 τὰς
1703 2121 1852 2194 ποιέ

239 2221 399 2286 κίλας
430 2222 538 2275 τῶν
565 2224 891 2295 πειρασμῶν
918 2225 1224 2296 προσϐολὰς
1248 2228 1342 2282 ἐπὶ
1371 2229 1467 2284 τοῦ
1513 2231 1697 2295 καλῶς
1724 2231 1823 2302 τὴν

236 2313 418 2367 οἰκίαν
449 2315 544 2366 ἐπὶ
569 2314 668 2384 τὴν
697 2316 902 2388 πέτραν
953 2319 1412 2391 οἰκοδομήσαντος
1436 2338 1452 2354 ⁶
1495 2324 1577 2377 ὃτι
1615 2323 1823 2394 κατέϐη

239 2405 277 2476 η
301 2405 494 2477 βροχὴ,
524 2406 622 2459 καὶ
646 2406 982 2463 ἔπνευσανοὶ
1014 2410 1228 2482 ἄνεμοι,
1263 2415 1360 2467 καὶ
1390 2409 1554 2484 ἦλθον
1585 2417 1634 2468 οἱ
1661 2432 1826 2468 ποτα-

243 2496 360 2567 μοὶ,
389 2501 486 2549 καὶ
513 2497 724 2561 ἀπαθὲς
745 2497 960 2569 ἔμεινεν
995 2502 1051 2554 ἐν
1073 2501 1284 2568 τούτοις
1303 2503 1372 2558 τὰ
1390 2505 1645 2577 οἰκοδομή
1655 2523 1818 2576 ματα’

242 2587 402 2656 χρεία
423 2587 681 2641 τοιούτων
711 2590 844 2658 ἡμῖν
872 2588 1066 2658 δοκῶν,
1118 2592 1324 2657 αἵτινές
1370 2596 1510 2650 εἰσιν
1547 2599 1603 2651 αἱ
1634 2597 1826 2667 ἀρεταὶ

243 2675 303 2728 αἶ
339 2675 440 2738 τὰς
471 2677 794 2746 πειρασμῶν
819 2677 1086 2749 ὲπιρροὰς
1133 2682 1193 2733 οὐ
1235 2682 1574 2754 προσίενται,
1604 2687 1826 2756 στερεοὶ

241 2761 401 2818 οὖσαι
422 2766 518 2818 καὶ
543 2766 848 2820 άνὲνδοτοι·
903 2771 995 2820 καὶ
1024 2771 1084 2823 τὸ
1116 2772 1255 2842 πρὸς
1283 2774 1484 2828 κακίαν
1519 2776 1825 2846 ἀμέθεκτον

244 2857 304 2906 ἐν
347 2859 462 2920 τοῖς
514 2859 846 2928 πειρασμοῖς
881 2859 1278 2926 διασώζουσαιο
1327 2867 1541 2936 μήποτε
1592 2867 1826 2937 μαλακι-

245 2946 466 3010 σθέντες
493 2947 580 3000 διὰ
605 2947 707 3016 τῆς
737 2949 844 3001 τῶν
867 2951 1205 3022 παθημάτων
1253 2955 1611 3025 ὲμπτὼσεως,
1655 2957 1824 3010 κοῖλοι

243 3037 559 3110 γενώμεθα,
625 3041 724 3093 καὶ
768 3041 868 3111 τὴν
906 3044 1169 3116 ὲπιῤῥοὴν
1197 3044 1304 3098 τῶν
1335 3046 1590 3100 τοιούτων
1617 3047 1824 3101 ὑδάτων

245 3127 452 3193 ἔξωθεν
492 3130 584 3181 ἐπὶ
614 3129 714 3199 τὴν
748 3130 998 3203 ⁵καρδίαν
1046 3132 1372 3203 είσρέουσαν
1425 3134 1575 3198 ἔντὺς
1597 3135 1707 3189 τῶν
1733 3153 1828 3188 τα-

247 3220 442 3288 μιείων
495 3220 954 3291 παραδεξὼμεθα,
1011 3222 1082 3275 δι’
1156 3217 1230 3276 ὧν
1273 3224 1560 3296 φθείρεται
1589 3227 1720 3296 ἡμῖν
1758 3228 1828 3282 τὰ

245 3309 489 3363 ἀπόθετα
507 3326 522 3341 ⁸
557 3311 850 3365 αίνίττεται
873 3307 932 3366 δὲ
949 3311 1038 3367 διὰ
1061 3313 1168 3367 τῶν
1190 3314 1362 3368 δοκῶν
1385 3315 1595 3370 καὶτοῦ
1613 3315 1827 3386 φατνὼ-

247 3419 422 3474 ματος
454 3403 484 3454 ὁ
521 3403 706 3472 λόγος,
731 3404 868 3476 ὅπερ
903 3405 1049 3459 ἐστὶν
1070 3405 1342 3478 εὔρυθμός
1367 3399 1452 3472 τιῖς
1481 3409 1574 3462 καὶ
1610 3409 1828 3478 διάγλυ-

245 3510 347 3566 φος
373 3493 607 3548 σανίδων
641 3494 823 3564 πῆξις,
858 3495 1032 3566 τὸτῆς
1063 3496 1264 3566 ὀρόφου
1299 3497 1492 3562 κάλλος
1523 3498 1826 3553 διαποικίλ-

243 3583 444 3638 λουσα·
471 3583 696 3654 καὶτῆς
749 3584 1002 3648 εὐπνοίας
1058 3588 1158 3657 τῆς
1191 3587 1454 3656 φυσικῶς·
1487 3588 1830 3658 παρακολου-

246 3673 446 3745 θούσης
492 3676 560 3746 τῇ
611 3675 961 3748 κυπαρίσσῳ,
1004 3676 1128 3747 ητις
1181 3678 1278 3731 καὶ
1327 3679 1618 3749 σηπεδόνος
1683 3681 1828 3734 ἐστὶν

246 3765 651 3835 ἀπαράδεκτος,
710 3766 803 3818 καὶ
853 3767 991 3836 πρὸς
1036 3769 1216 3822 πᾶσαν
1261 3768 1574 3840 τεκτονικὴν
1615 3753 1830 3838 φιλοτε-

245 3857 404 3928 χνίαν
465 3857 771 3928 ἐπιτήδειος
794 3873 810 3887 ·
841 3857 918 3928 τῷ
935 3859 1010 3929 μὴ
1040 3861 1198 3930 μόνον
1235 3862 1294 3914 ἐν
1317 3863 1384 3932 τῇ
1414 3861 1558 3933 ψυχῇ
1582 3863 1679 3926 τὰς
1700 3864 1826 3933 άρε·

243 3947 348 4011 τάς
386 3948 445 4001 ἐν
470 3947 582 4012 ἕξει
617 3947 1016 4024 κατορθοῦσθαι
1039 3950 1182 4004 κατὰ
1211 3951 1272 4004 τὸ
1305 3951 1508 4016 ἄδολον,
1531 3952 1664 4006 ἀλλά
1695 3953 1831 4024 μηδὲ

245 4040 346 4110 τῆς
364 4040 511 4093 κατὰ
545 4039 609 4093 τὸ
633 4023 955 4111 φαινόμενον
981 4041 1394 4114 εὐσχημοσύνης
1411 4044 1630 4114 ἀμελῶς
1649 4023 1828 4116 ἔχειν’

247 4132 357 4203 χρὴ
387 4131 498 4204 γάρ
528 4135 780 4203 προνοεῖν
803 4132 947 4186 καλὰ
961 4134 1194 4189 ὲνὼπιον
1221 4135 1359 4189 Θεοῦ
1381 4137 1476 4191 καὶ
1503 4137 1828 4208 ἀνθρώπων·

248 4224 345 4278 καὶ
365 4223 488 4294 Θεῷ
523 4224 621 4294 μὲν
672 4223 1115 4294 πεφανερῶσθαι,
1175 4226 1495 4298 ἀνθρώπους
1533 4229 1591 4282 δὲ
1623 4229 1831 4283 πείθειν

247 4313 348 4368 καὶ
385 4315 560 4386 καλὴν
614 4315 925 4389 μαρτυρίαν
951 4315 1098 4387 ἔχειν
1142 4317 1252 4372 άπὸ
1279 4318 1388 4374 τῶν
1427 4319 1658 4384 ἔξωθεν⁸
1691 4319 1831 4391 λάμο

1924 1873 2131 1916 ornans
2163 1877 2177 1913 :
2215 1860 2340 1914 talis
2367 1871 2452 1916 est
2479 1869 2664 1914 autem
2697 1859 2900 1914 cedrus
2919 1868 2971 1914 et
2997 1877 3322 1931 cupressus.
3353 1862 3516 1916 Cedri

1923 1966 2161 2022 namque
2209 1951 2358 2023 quod
2415 1968 2662 2022 procerae
2721 1953 2864 2016 sint,
2917 1953 3267 2008 latitudinem
3319 1956 3516 2009 domus

1923 2049 2071 2096 tecto
2121 2042 2604 2110 complectuntur;
2633 2043 2884 2111 cupressi
2932 2053 3120 2097 autem
3156 2059 3254 2114 per
3292 2059 3354 2098 ea
3392 2060 3516 2112 qua:

1924 2131 2184 2186 dicuntur
2246 2133 2544 2203 laquearia,
2571 2135 2821 2189 decorem
2853 2122 3059 2189 addunt
3081 2137 3308 2190 internae
3333 2138 3516 2206 aperis

1924 2224 2346 2279 constructioni.
2385 2224 2522 2279 Cum
2565 2226 2712 2278 enim
2773 2224 2830 2280 in
2875 2225 3172 2295 Evangelio
3249 2225 3516 2282 Dominus

1921 2315 2156 2371 imbrem
2191 2323 2350 2370 vocet
2380 2315 2565 2370 varios
2609 2318 2978 2370 tentationum
3028 2317 3294 2381 insultus,
3324 2317 3515 2372 dicens

1923 2406 1992 2462 de
2024 2420 2092 2461 eo
2119 2406 2215 2478 qui
2249 2413 2401 2460 recte
2426 2407 2650 2461 domum
2682 2423 2848 2477 supra
2880 2419 3089 2477 petram
3111 2407 3512 2464 ardiﬁcaverat:

1923 2497 2071 2568 quod
2094 2498 2442 2554 descenderit
2464 2498 2662 2563 imber,
2691 2507 2746 2554 et
2776 2497 3030 2554 flaverint
3057 2499 3230 2565 venti,
3263 2505 3318 2553 et
3351 2516 3516 2555 vene-

1924 2587 2036 2642 rint
2066 2587 2250 2653 tluvii;
2280 2595 2334 2642 et
2364 2587 2420 2641 in
2452 2587 2521 2643 iis
2567 2587 2795 2643 illaesum
2824 2588 3092 2643 manserit
3123 2589 3414 2644 aediﬁcium
3443 2588 3513 2644 ⁸⁸.

1924 2678 2075 2749 Opus
2118 2687 2204 2735 est
2230 2679 2393 2734 nobis
2427 2679 2744 2734 istiusmodi
2796 2679 3051 2734 trabibus
3091 2694 3215 2749 quae
3244 2689 3374 2734 sunt
3408 2681 3518 2735 vir-

1925 2776 2074 2823 tutes
2095 2783 2217 2838 qua:
2233 2769 2606 2822 tentationum
2641 2769 2954 2824 alluviones
2983 2784 3092 2822 non
3123 2770 3514 2838 intromittant,

1927 2867 2116 2929 utpote
2173 2859 2348 2913 firmae
2375 2875 2437 2913 ac
2471 2859 2662 2913 solidae
2688 2899 2702 2924 ,
2737 2875 2862 2928 qua:
2893 2875 3002 2913 non
3035 2860 3198 2916 facile
3233 2860 3436 2916 cedant
3457 2867 3516 2916 et

1925 2947 2029 3000 hoc
2055 2947 2299 3000 servient
2355 2959 2412 3000 ut
2465 2949 2518 3000 in
2571 2947 2974 3002 tentationibus
3015 2963 3046 3001 a
3093 2948 3228 3002 vitio
3281 2949 3515 3004 minime

1926 3037 2320 3102 emolliantur;
2354 3053 2422 3092 ne
2461 3054 2558 3107 per
2588 3035 2908 3106 passionum
2945 3039 3309 3108 ingruentiam
3344 3042 3518 3097 emol-

1930 3127 2008 3180 liti
2057 3143 2388 3182 excavcmur
2435 3137 2489 3182 et
2536 3129 2807 3196 ejusmodi
2851 3145 3120 3198 aquarum
3170 3131 3517 3190 extrinsecus

1929 3219 1982 3272 in
2013 3234 2111 3272 cor
2144 3219 2485 3274 influentium
2521 3219 2787 3274 inﬁuxum
2827 3221 2967 3274 intra
2992 3223 3291 3292 penetralia
3313 3223 3516 3280 atlmit-
3572 3289 3576 3293 ,

1929 3316 2111 3362 tamus
2141 3311 2344 3378 quibus
2369 3309 2528 3364 nobis
2557 3319 2788 3379 pereant
2827 3326 2948 3380 qua:
2978 3321 3105 3365 sunt
3132 3313 3391 3383 reposita.
3423 3314 3518 3370 ln-

1929 3399 2112 3452 sinuat
2135 3407 2406 3476 autem,ut
2431 3402 2644 3469 opinor,
2671 3415 2854 3454 sermo
2879 3416 2975 3470 per
3003 3402 3188 3457 trabes
3220 3411 3274 3458 et
3297 3405 3520 3473 laquea-

1931 3489 2010 3544 ria
2047 3491 2190 3560 (quze
2225 3499 2355 3545 sunt
2389 3501 2515 3560 apta
2549 3483 2796 3560 quaedam
2836 3500 2890 3546 ct
2924 3494 3196 3548 concinna
3239 3510 3303 3548 ac
3341 3496 3518 3550 celata

1931 3595 2180 3637 asserum
2217 3583 2544 3652 compactio,
2582 3584 2710 3637 tecti
2739 3585 2958 3639 varians
2999 3583 3516 3658 pulchritudinem),

1929 3683 1984 3727 et
2019 3671 2374 3743 fragrantiam
2413 3687 2536 3742 qua:
2577 3673 2908 3728 naturaliter
2946 3678 3290 3746 cyparissum
3320 3691 3515 3731 conse-

1930 3763 2138 3832 quitur,
2168 3779 2401 3834 quaeque
2439 3764 2646 3816 nullam
2675 3764 2918 3818 admittit
2953 3767 3322 3834 putredinem,
3355 3775 3408 3820 et
3434 3773 3519 3818 est

1932 3865 2056 3924 apta
2102 3855 2168 3907 ad
2221 3869 2383 3909 omne
2435 3855 2729 3912 artiﬁcium
2784 3853 3000 3921 fabrile,
3059 3872 3166 3910 non
3229 3858 3406 3911 solum
3464 3858 3516 3910 in

1933 3947 2150 4001 occulto
2174 3946 2483 4000 habitua‘les
2512 3947 2707 3998 animae
2727 3945 2958 4000 virtutes
2981 3957 3132 4002 recte
3151 3947 3514 4012 ordinandas,

1931 4035 2027 4090 scd
2073 4050 2172 4090 nec
2223 4049 2342 4090 eam
2398 4049 2522 4102 quae
2573 4032 2784 4087 deforis
2827 4045 3058 4106 apparet
3101 4037 3408 4091 decentiam
3453 4053 3517 4091 ac

1933 4127 2277 4180 honestatem
2306 4140 2431 4179 esse
2463 4125 2869 4194 negligendam.
2917 4126 3062 4180 Sunt
3130 4127 3274 4182 enim
3329 4129 3516 4197 provi.

1933 4215 2110 4270 denda
2143 4214 2286 4276 bona
2333 4228 2519 4268 coram
2568 4212 2675 4268 Deo
2703 4222 2757 4269 et
2809 4215 3149 4282 hominibus,
3201 4229 3255 4272 et
3302 4224 3520 4288 oportet

1935 4307 2046 4362 Deo
2093 4305 2314 4376 quidem
2359 4321 2481 4361 esse
2529 4304 2907 4372 manifestam,
2961 4309 3281 4365 hominibus
3331 4319 3516 4365 autem

249 4420 376 4456 πειν
404 4421 464 4456 τε
491 4407 604 4468 τοῖς
649 4409 926 4476 φωτεινοῖς
955 4405 1138 4477 ἔργοις
1161 4407 1471 4480 ἔμπροσθεν
1489 4411 1598 4464 τῶν
1619 4411 1826 4482 ἀνθρὼ-

1938 4397 2270 4465 persuadere
2289 4407 2341 4451 et
2369 4399 2570 4452 bonum
2597 4398 2802 4454 habere
2831 4400 3209 4455 testimonium
3241 4402 3386 4472 apud
3421 4419 3518 4456 eos

250 4513 392 4562 πων,
423 4497 519 4550 καὶ
552 4496 911 4566 εὐσχημόνως
935 4503 1258 4570 περιπατεῖν
1290 4500 1425 4572 πρὸς
1451 4502 1578 4566 τοὺς
1601 4501 1830 4569 ἔξωθεν·

246 4585 424 4640 ταῦτά
461 4589 582 4650 ἔστι
611 4587 682 4641 τὰ
725 4589 1060 4660 φατνώματα
1128 4589 1196 4643 τὰ
1231 4589 1321 4644 διὰ
1349 4591 1450 4662 τῆς
1474 4592 1568 4645 τοῦ
1598 4592 1833 4662 Χριστοῦ

247 4668 496 4738 εὐωδίας,
515 4670 581 4746 ἧς
595 4675 826 4746 αἴνιγμά
855 4679 1004 4732 ἐστιν
1034 4681 1068 4749 η
1086 4681 1426 4750 κυπάρισσος
1450 4684 1507 4736 ὲν
1535 4685 1604 4755 τῇ
1631 4685 1835 4756 εύσχη-

252 4762 462 4834 μοσύνῃ
479 4763 573 4817 τοῦ
608 4763 722 4834 βίου
749 4765 1226 4838 φιλοτεχνούμενα.

319 4935 566 4988 Νείλου.
612 4965 681 4975 —
725 4936 1139 5008 Συγγνωμόνως
1165 4940 1328 4996 πάλιν
1359 4941 1520 5014 αὐτὴ,
1551 4945 1750 5016 μᾶλλον
1777 4946 1833 5000 δὲ

248 5017 694 5100 ἐκπλῆσσομένη,
719 5029 813 5082 ἐπὶ
849 5029 924 5100 τῷ
939 5029 1172 5086 ἀκοῦσαι
1205 5032 1346 5106 καλὴ
1379 5037 1531 5108 παρὰ
1569 5038 1662 5091 τοῦ
1698 5056 1832 5109 νυμ-

248 5119 375 5186 φίου
397 5135 410 5150 ο
451 5119 601 5190 μόνῳ
629 5119 740 5191 γὰρ
765 5120 960 5193 ἐκείνῳ
993 5121 1092 5194 τὴν
1113 5125 1371 5197 τοιαύτην
1413 5127 1700 5200 ἐπίκλησιν
1731 5131 1830 5202 ἁρ-

250 5210 440 5285 μόζειν
463 5211 706 5283 ἐνόμιζε,
740 5211 920 5284 θνητῷ
943 5212 1002 5265 δὲ
1038 5215 1256 5275 οὐδενίτ
1290 5217 1493 5280 εὐθέως
1541 5221 1627 5273 ἐπ’
1672 5220 1832 5274 αὐτὸν

198 5290 214 5303 ’
249 5303 588 5375 ἀναστρέφει
613 5303 716 5374 τὴν
736 5306 1063 5376 μαρτυρίανο
1077 5307 1227 5362 Ἰδοὺ
1257 5304 1318 5362 εἴ
1331 5315 1520 5376 καλός
1541 5315 1572 5366 ὀ
1591 5311 1832 5380 ἀδελφι-

245 5393 353 5462 δός
390 5393 904 5464 μοιν,).έγουσα,καί
929 5415 993 5466 γε
1009 5398 1224 5466 ὡραῖος
1254 5402 1422 5470 πρὸς,
1453 5406 1570 5457 ἀντὶ
1597 5403 1709 5468 τοῦ,
1737 5422 1836 5458 πε·

236 5485 492 5555 ρισσῶςδ
523 5485 669 5538 οὓτω
698 5485 806 5554 γάρ
824 5503 932 5539 τισι
951 5487 1182 5560 διαιρεῖν
1200 5491 1347 5556 ἔδοξε
1367 5508 1379 5519 °
1409 5493 1502 5546 καὶ
1533 5494 1838 5562 μετάτπιῦτο

323 5665 368 5698 ⁸⁸
405 5665 600 5720 Matth.
638 5683 731 5730 ιιι,
765 5665 857 5734 24,
883 5663 976 5722 ‘2‘3.

1937 4491 2029 4560 qui
2061 4489 2195 4544 foris
2225 4498 2377 4548 sunt.
2407 4498 2461 4544 et
2485 4488 2792 4559 splendidis
2822 4491 3008 4546 lucere
3037 4492 3299 4562 operibus
3330 4507 3514 4546 coram

1939 4581 2278 4647 hominibus,
2310 4591 2364 4634 et
2401 4582 2604 4635 decore
2645 4581 2990 4653 honesteque
3039 4583 3325 4639 ambulare
3371 4587 3516 4654 apud

1935 4686 2032 4726 eos
2053 4671 2147 4740 qui
2180 4671 2316 4726 foris
2351 4679 2480 4726 sunt
2519 4689 2532 4724 :
2570 4673 2685 4725 haec
2720 4681 2852 4727 sunt
2885 4675 3162 4744 laquearia
3193 4691 3290 4746 per
3312 4675 3515 4730 bonum

1934 4761 2138 4818 Christi
2193 4765 2416 4817 odorem
2469 4763 2632 4832 cujus
2685 4766 2912 4835 aenigma
2943 4775 3030 4822 est
3076 4781 3409 4841 cupressus,
3462 4770 3518 4823 in

1921 4853 2059 4929 ⁵νίιιῐι
2091 4853 2378 4903 honestate
2402 4852 2701 4906 artiﬁciose
2729 4854 3032 4909 elaborata.

2008 4941 2148 4998 Nili.
2179 4971 2248 4982 —
2281 4940 2548 4996 Benevolc
2594 4959 2810 4997 rursum
2855 4945 2994 5014 ipsa,
3035 4946 3164 5016 quin
3207 4947 3391 5016 potius
3419 4919 3520 5002 ob-

1935 5032 2240 5103 stupefacta
2269 5033 2414 5104 quod
2447 5033 2663 5088 audiret
2693 5050 2752 5089 se
2780 5037 3063 5104 pulchram
3107 5052 3133 5089 a
3184 5051 3387 5106 sponso
3416 5052 3520 5090 tto-

1936 5126 2162 5190 uiinari,
2214 5125 2340 5194 (ipsi
2379 5141 2614 5196 namque
2652 5125 2775 5192 soli,
2825 5129 3137 5181 mortalium
3190 5143 3317 5181 vero
3358 5129 3518 5192 nulli,
3599 5132 3609 5140 '

1936 5216 2247 5273 istiusmodi
2313 5216 2733 5288 appellationem
2841 5233 3144 5286 congruere
3233 5219 3518 5291 putabat),

1941 5309 2124 5364 statim
2182 5305 2249 5360 ad
2302 5306 2478 5376 ipsum
2532 5309 2806 5363 convertit
2851 5309 3226 5363 testimonium
3273 5309 3468 5366 dicens
3499 5329 3518 5366 ι

1945 5403 2079 5452 Ecce
2101 5397 2318 5467 pulcher
2361 5414 2438 5462 es,
2475 5397 2748 5466 fratruelis
2774 5414 2938 5462 meus,
2969 5408 3017 5452 et
3059 5399 3325 5468 formosus
3359 5400 3517 5472 πρὸς,

1948 5508 2043 5560 pro
2078 5483 2248 5556 vulde',
2285 5489 2364 5545 sic
2393 5489 2537 5543 enim
2565 5489 2896 5558 quibusdam
2933 5491 3140 5566 placuit
3164 5491 3520 5562 distinguere.
