3970 6296
233 347 359 423 1577

1181 322 1717 408 COMMENTARII
1752 346 1831 406 1N
1870 346 2188 407 CANTICA
2213 345 2502 406 (JANTlC.

3316 334 3447 400 1578

228 463 544 537 κοσμημένη
575 464 662 517 mi
696 462 987 530 λάμπουσα
1012 477 1024 489 ·
1055 459 1087 528 ἢ
1124 460 1205 513 ὅτι
1231 461 1434 527 κρίνειν
1480 460 1659 528 μέλλει
1689 459 1787 520 τάς

1897 466 2079 510 ornata
2099 465 2153 510 et
2180 457 2429 510 relucens
2457 471 2470 507 :
2500 453 2582 507 vel
2613 450 2755 520 quod
2786 449 2839 503 in
2869 449 3051 502 futuro
3076 446 3280 516 judicio
3305 450 3443 517 judi-

226 555 475 616 τοιαύτας
505 552 684 622 ψυχάς
720 554 778 603 ὲν
820 549 898 618 τῷ
927 549 1172 619 μέλλοντι
1210 547 1273 601 ἐκ
1318 549 1654 618 συγκρίσεως
1679 550 1788 601 τῶν

232 646 371 699 ίδίων
402 642 865 714 κατορθωμάτων,
894 641 1046 693 οὐδὲν
1070 640 1260 707 έχουσι
1295 642 1352 692 ὲν
1366 643 1429 710 τῇ
1446 639 1604 708 φύσει
1629 639 1788 691 πλέον

229 735 451 787 ἐκείνων
466 732 539 796 ὼς
563 733 862 787 Νινευῖται.
891 734 984 782 καὶ
1014 729 1299 798 βασίλισσα
1320 729 1493 781 Νότου
1527 745 1782 796 κατακρι-

188 800 203 827 ‘
230 828 309 878 νεῖ
333 825 430 894 τὴν
477 826 704 879 ἄπιστον
750 823 942 889 γενεάν
974 839 986 852 ·
1024 820 1181 883 ἄνθος
1212 820 1270 873 δὲ
1314 819 1408 873 τοῦ
1436 819 1617 872 πεδίου
1647 815 1788 871 εἶναι

231 916 474 984 λέγεται,
534 914 679 982 τάχα
742 914 841 982 μὲν
909 912 1017 965 τῶν
1069 911 1332 964 κοιλάδων
1384 910 1787 980 σημαινουσῶν,

231 1010 321 1059 καὶ
346 1005 434 1058 διά
460 1005 522 1056 τὸ
556 999 814 1056 ταπεινὸν
866 1002 958 1055 καὶ
1022 999 1390 1071 ἀγεώργητον,
1447 1001 1544 1053 καὶ
1581 999 1672 1052 διὰ
1728 1000 1789 1052 τὸ

230 1094 605 1164 πληθυντικῶς
632 1090 990 1162 ὀνομάζεσθαι
1019 1090 1087 1144 τὰ
1125 1093 1188 1144 ὲκ
1212 1090 1408 1160 βάθους
1436 1090 1687 1152 ἀσεῦείας
1710 1091 1789 1151 είς

230 1185 520 1253 ἐπίγνωσιν
562 1183 785 1235 ἐλθόντα
819 1181 946 1252 Εθνη
970 1197 982 1211 ⁸
1014 1179 1105 1233 τοῦ
1131 1180 1188 1234 δὲ
1229 1180 1412 1233 πεδίου
1445 1181 1539 1233 τοῦ
1575 1179 1789 1249 Ἰσραὴλ

229 1274 394 1330 διὰτὸ
414 1274 791 1345 ἐξομαλεῖσθαί
842 1272 977 1341 πρὸς
1037 1271 1450 1343 ἐπιτηδειότητα
1492 1268 1785 1338 γεωργίας,

228 1368 335 1428 τοῖς
364 1366 719 1436 προφητικοῖς
748 1363 845 1417 καὶ
904 1365 1147 1433 νομικοῖς
1192 1361 1579 1431 παιδεύμασιν·
1608 1359 1787 1423 καλῶς

229 1448 405 1509 δὲκαὶ
438 1455 644 1507 τούτων
703 1455 826 1525 οὐχὶ
874 1454 1087 1524 καρπὸς
1113 1452 1227 1506 ἀλλ’
1249 1453 1406 1515 ἄνθος
1442 1448 1579 1505 εἶναι
1637 1452 1788 1520 λέγε-

229 1561 339 1599 ταιο
377 1544 534 1599 οὔπω
578 1546 687 1613 γὰρ
718 1544 778 1597 τὸ
834 1544 929 1597 τοῦ
974 1542 1207 1613 σταυροῦ
1240 1544 1339 1614 τὴν
1365 1542 1468 1612 γῆν
1492 1544 1787 1612 ἀνατέμνει

229 1637 477 1706 ἄροτρον,
503 1635 638 1704 ὅπερ
682 1633 915 1703 ἐπέθηκε
948 1635 1063 1697 τοῖς
1110 1633 1426 1696 ἀποστόλοις
1452 1631 1527 1696 ὡς
1551 1633 1731 1703 βουσὶν
1760 1637 1789 1688 ό

231 1725 452 1796 Κύριος,
496 1724 730 1794 ζυγὰδην
764 1724 854 1777 ἐπὶ
889 1724 987 1796 τὴν
1034 1724 1308 1794 γεωργίαν
1339 1724 1663 1787 ἀποστείλας
1692 1725 1788 1777 αὐ-

226 1818 374 1881 τοὺς,
415 1814 625 1870 οὐδέπω
668 1815 860 1885 αἵματι
917 1814 1208 1868 πεπότιστο
1264 1815 1619 1886 Δεσποτικῷ’
1708 1815 1787 1869 διδ

229 1905 475 1976 ἄκαρπος
505 1901 573 1973 ἦν
611 1904 704 1958 καὶ
734 1903 943 1974 στείρα.

308 2093 666 2169 Ὠριγένουξ.
695 2131 764 2147 —~
806 2100 1000 2162 Ἀνθος
1032 2099 1177 2164 λέγει
1220 2099 1282 2151 τὸ
1308 2098 1491 2162 ρδεὓον
1509 2099 1601 2151 ἐπὶ
1617 2099 1677 2151 τὸ
1708 2116 1791 2166 γε-

229 2192 415 2246 νέσθαι
441 2193 742 2262 καρπὸς,κ.
773 2208 825 2245 τ.
859 2189 905 2244 λ.
935 2189 1067 2261 (27).

295 2328 359 2396 β’.
405 2327 500 2392 Ὠς
526 2326 734 2393 κρίνον
755 2324 827 2377 ἐν
847 2323 1015 2394 μέσῳ
1063 2323 1360 2387 ἀκανθῶν,
1390 2324 1544 2377 οὕτω
1572 2326 1610 2392 ἠ
1637 2327 1791 2392 aln-

226 2420 363 2474 σίον
386 2434 513 2487 μου
544 2416 661 2471 ἀνὰ
679 2415 877 2485 μέσον
899 2414 1020 2468 τῶν
1043 2414 1398 2484 θυγατέρων.

292 2548 896 2620 Γρηγορίου.-Ὅσην
924 2547 1138 2618 ὁρῶμεν
1164 2548 1263 2617 τῆς
1282 2549 1360 2612 εἰς
1379 2548 1439 2601 τὸ
1457 2547 1587 2618 ὕψος
1603 2549 1788 2603 ἀνόδου

227 2641 637 2714 τὴν-προκοπήν
664 2640 756 2692 ἐπὶ
776 2642 872 2711 τῆς
896 2639 1075 2709 ψυχῆς
1102 2638 1413 2709 γινομένην.
1441 2638 1639 2708 Πρώτη
1667 2639 1790 2693 ἄνο-

229 2732 335 2797 δος,
369 2733 431 2784 τὸ
455 2731 593 2802 πρὸς
652 2729 751 2800 τήν
782 2728 1165 2800 καθαιρετικήν
1193 2729 1292 2798 τῆς
1337 2728 1586 2791 ἐναντίας
1642 2730 1793 2784 δυνά-

232 2838 371 2890 μεως
398 2821 569 2873 ἵππον
596 2818 951 2889 ὁμοιωθῆναι.
981 2816 1218 2888 Δευτέρα
1251 2812 1458 2880 ἄνοδος,
1482 2816 1545 2870 τό
1565 2818 1790 2888 πλησίον

228 2913 391 2981 αὐτὴν
419 2911 701 2980 γενέσθαι,
724 2910 820 2963 καὶ
841 2908 1169 2979 περιστερᾶς
1198 2909 1422 2979 ποιῆσαι
1453 2910 1522 2963 τὰ
1548 2910 1788 2979 ίίμμσιτα.

230 3003 393 3073 Τρίτη
420 3003 604 3056 τοίνυν
628 2999 810 3063 ἄνοδος
828 2999 891 3052 τὸ
925 2999 1119 3069 μηκέτι
1141 2998 1388 3069 πλησίον,
1417 2996 1531 3053 ἀλλ’
1558 2998 1792 3068 ἀδελφὴν

1890 553 2077 600 catura
2135 547 2207 601 sit
2263 544 2570 599 istiusmodi
2645 540 2856 594 animas
2902 554 2965 594 ex
3044 538 3453 606 comparatione

1892 651 2117 691 suorum
2147 645 2296 692 recte
2323 642 2623 707 gestorum,
2673 645 2797 684 cum
2838 630 2893 683 in
2942 638 3133 683 natura
3164 629 3297 683 nihil
3338 643 3454 682 am-

1891 724 2035 792 plius
2065 725 2172 779 illis
2203 723 2419 786 habeat,
2462 722 2604 775 sicut
2631 717 2885 772 Ninivitaa
2934 731 2998 772 ac
3039 732 3224 786 regina
3267 717 3453 770 Austri
3518 738 3521 741 λ

1890 810 2333 868 εὀηιιθωηθῦυιιι
2367 809 2700 865 incredulam
2744 807 3172 878 generationem.
3200 805 3327 860 Flos
3352 821 3453 859 au-

1889 912 1998 959 tem
2052 905 2227 973 campi
2282 917 2404 959 esse
2443 901 2666 967 dicitur,
2700 896 2955 953 fortassis
2981 897 3200 968 quidem
3229 896 3451 951 vallium

1890 993 2316 1063 signiﬁcatarum
2367 1003 2480 1047 tum
2531 999 2752 1062 propter
2792 988 3153 1044 humilitatem
3197 988 3456 1042 culturae-

1888 1100 1994 1152 que
2041 1083 2376 1147 carentiam,
2426 1090 2540 1135 tum
2608 1078 2740 1149 quia
2789 1077 3074 1149 pluraliter
3145 1076 3227 1132 sic
3278 1077 3455 1130 nomi.

1889 1181 2091 1227 nantur
2118 1179 2306 1243 gentes
2346 1185 2413 1225 ex
2440 1167 2715 1240 profundo
2748 1168 3045 1237 impietatis
3074 1165 3143 1220 ad
3186 1165 3455 1235 cognitio-

1888 1278 2011 1317 nem
2042 1261 2359 1325 venientes;
2386 1259 2561 1329 campi
2593 1273 2719 1313 vero
2743 1257 2931 1323 Israel,
2964 1257 3089 1325 quia
3125 1255 3456 1326 propheticis

1889 1367 1953 1407 ac
1997 1352 2259 1421 legalibus
2306 1348 2573 1404 doctrinis
2608 1346 2675 1401 ad
2704 1346 3090 1416 agricdlturam
3121 1344 3290 1414 probe
3309 1358 3457 1397 com-

1889 1442 2061 1513 parati
2084 1458 2147 1495 ac
2163 1439 2494 1510 eomplanati
2521 1445 2671 1507 sunt,
2688 1437 2854 1492 Recte
2868 1445 3045 1490 autem
3070 1435 3234 1490 etiam
3259 1436 3452 1489 horum

1889 1533 2121 1586 necdum
2170 1529 2406 1593 fructus,
2463 1528 2562 1584 sed
2608 1526 2708 1582 flos
2748 1541 2872 1582 esse
2929 1524 3156 1590 dicitur,
3212 1523 3455 1579 nondqu

1888 1621 2031 1679 enim
2072 1620 2251 1676 crucis
2280 1628 2522 1674 aratrum
2563 1626 2766 1673 terram
2801 1614 3133 1686 proscindit,
3167 1614 3314 1685 quod
3354 1610 3459 1666 Do-

1890 1712 2070 1767 minus
2101 1711 2365 1780 apostolis
2381 1718 2640 1778 tanquam
2682 1707 2857 1763 bobus
2881 1707 3145 1777 jugaliter
3174 1705 3457 1774 imposuit,

1823 1779 1862 1833 Β
1890 1803 1959 1856 ad
1998 1779 2390 1872 agriculturam
2430 1799 2554 1854 illos
2588 1797 2814 1853 mittens
2861 1814 2875 1851 :
2911 1796 3143 1851 necdum
3191 1796 3459 1865 sanguine

1891 1891 2171 1946 Dominico
2216 1891 2386 1961 rigata
2418 1896 2536 1944 erat
2559 1928 2575 1954 ,
2608 1897 2939 1957 quapropter
2988 1884 3309 1955 infrugifera
3348 1898 3452 1939 ste-

1890 1972 2118 2053 rilisque
2148 1980 2462 2035 exsistebat.

1964 2118 2225 2189 Origenis.
2260 2146 2330 2156 —
2360 2114 2576 2169 Florem
2617 2113 2748 2168 dicit
2787 2113 2837 2167 id
2869 2111 3012 2182 quod
3051 2111 3106 2165 in
3158 2110 3241 2163 via
3280 2116 3365 2163 est
3402 2115 3458 2162 ut

1892 2208 2110 2263 fructus
2145 2205 2258 2271 ﬁat,
2284 2216 2394 2261 etc.

1963 2342 2127 2397 Vens.
2155 2341 2213 2395 2.
2247 2339 2398 2396 Sicut
2429 2339 2602 2393 lilium
2630 2339 2684 2391 in
2716 2338 2886 2391 medio
2917 2336 3304 2406 spiuarum,sic
3332 2350 3459 2405 pro-

1889 2433 2086 2502 pinqua
2117 2446 2231 2485 mea
2260 2432 2316 2483 in
2347 2428 2517 2483 medio
2537 2428 2795 2496 ﬁliarum.

1963 2564 2278 2635 Gregorii.-—
2294 2562 2572 2628 Quantum
2622 2560 2868 2615 videmus
2898 2575 3189 2614 ascensum
3210 2561 3265 2614 in
3288 2560 3458 2613 altum

1893 2666 2101 2711 tantum
2130 2656 2375 2710 videmus
2390 2669 2514 2710 esse
2541 2652 2740 2708 animae
2762 2650 3067 2722 profectum
3093 2669 3107 2706 :
3136 2652 3344 2721 primus
3368 2664 3458 2705 as-

1895 2762 2095 2803 census
2111 2754 2196 2802 est
2217 2745 2512 2800 assimilari
2528 2744 2684 2815 equis
2706 2745 2798 2813 qui
2820 2744 3070 2798 virtutem
3091 2743 3458 2797 adversariam

1895 2852 1926 2893 e
1949 2836 2128 2892 medio
2147 2835 2509 2900 sustulerunt;
2528 2832 2969 2902 secundus,quod
2992 2830 3136 2886 facta
3158 2831 3229 2886 sit
3246 2832 3460 2901 propin-

1893 2941 2000 2997 qua
2022 2926 2233 2995 sibique
2251 2924 2441 2980 fecerit
2461 2924 2654 2979 oculos
2676 2922 2970 2987 columbae;
2991 2921 3205 2986 tertius,
3234 2921 3345 2990 jam
3375 2936 3463 2976 as-

1894 3030 2104 3072 census
2128 3015 2272 3085 quod
2303 3015 2466 3070 etiam
2512 3030 2671 3071 soror
2700 3013 2917 3069 Domini
2940 3015 3271 3070 nominetur.
3306 3034 3325 3067 ι
3355 3012 3461 3079 Qui

228 3095 316 3149 τοῦ
345 3094 624 3148 Δεσπότου
675 3091 1064 3162 ὀνομασθῆναι.
1099 3094 1232 3154 «Ὃς
1274 3092 1341 3145 ἂν
1383 3092 1604 3166 ποιήσῃ,
1633 3093 1788 3163 φησι,

1897 3106 2041 3161 enim
2093 3104 2302 3171 fecerit,
2358 3105 2558 3174 inquit,
2593 3104 2926 3160 voluntatem
2980 3103 3159 3159 Patris
3197 3105 3335 3165 mei.
3375 3105 3463 3158 hic

229 3188 287 3240 τὸ
313 3187 532 3257 θέλημα
589 3182 682 3237 τοῦ
720 3184 934 3255 Πατρός
983 3200 1086 3253 μου
1117 3183 1212 3236 τοῦ
1250 3186 1308 3236 ἐν
1356 3186 1468 3246 τοῖς
1521 3186 1785 3255 οὐρανοῖς,

228 3274 381 3339 οὗτος
419 3277 449 3327 ὁ
494 3273 720 3344 ἀδελφός
773 3291 897 3344 μου,
930 3275 1025 3327 καὶ
1063 3273 1264 3345 ἀδελφή
1310 3291 1435 3343 μου,
1470 3274 1563 3327 καὶ
1609 3276 1791 3345 μήτηρ

230 3369 394 3424 ἐστίν.
435 3388 454 3420 ι
505 3368 659 3421 Ἐπεὶ
704 3362 797 3421 οὖν
824 3367 1050 3436 γέγονεν
1104 3365 1292 3431 ἄνθος,
1344 3366 1508 3436 μηδὲν
1540 3367 1644 3420 ὑπὸ
1684 3366 1792 3419 τῶν

228 3461 622 3532 ἀκανθηφόρων
667 3459 990 3530 πειρασμῶν
1045 3457 1181 3528 πρὸς
1233 3457 1296 3511 τὸ
1328 3456 1582 3526 γενέσθαι
1608 3459 1792 3529 κρίνον

230 3548 666 3621 παραϐλαϐεϊσα,
702 3547 1068 3618 ὲπιλαθομένη
1105 3546 1161 3600 δὲ
1185 3547 1277 3600 τοῦ
1299 3546 1430 3599 λαοῦ
1462 3547 1555 3599 καὶ
1588 3546 1680 3600 τοῦ
1709 3547 1789 3601 ol-

230 3658 324 3694 κου
351 3640 451 3694 τοῦ
485 3640 691 3712 πατρὸς
745 3639 935 3709 αὐτῆς,
973 3635 1109 3707 πρὸς
1148 3636 1239 3690 τὸν
1265 3635 1517 3707 ἀληθινὸν
1538 3631 1643 3689 εἶδε
1677 3638 1790 3691 Πα-

229 3736 376 3803 τέρα,
399 3734 485 3787 διὸ
514 3732 610 3787 καὶ
648 3730 852 3803 ἀδελφὴ
901 3731 995 3784 τοῦ
1043 3728 1173 3784 Υίοῦ
1219 3729 1560 3800 ὀνομάζεται,
1591 3732 1670 3803 τῷ
1696 3733 1798 3802 τῆς

231 3825 501 3901 υἱοθεσίας
569 3824 838 3893 πνεύματι
886 3821 1025 3891 πρὸς
1073 3822 1172 3893 τὴν
1227 3823 1548 3892 συγγένειαν
1596 3824 1798 3895 ταύτην

1897 3195 2068 3251 frater
2101 3203 2157 3251 et
2191 3210 2347 3251 soror
2384 3203 2439 3250 et
2474 3203 2648 3251 mater
2693 3207 2779 3250 est
2820 3195 2884 3250 ".
2924 3214 2942 3246 ι
2983 3194 3274 3265 Postquam
3327 3210 3463 3264 ergo

1898 3286 2042 3341 facta
2079 3295 2163 3341 est
2191 3286 2317 3350 llos,
2342 3286 2476 3340 nihil
2500 3301 2529 3340 a
2566 3286 2804 3356 spinosis
2836 3287 2965 3341 lzesa
2996 3287 3103 3341 fuit
3146 3287 3464 3341 tentationi-

1896 3378 1999 3433 bus
2031 3378 2321 3447 quominus
2352 3384 2497 3432 esset
2528 3376 2736 3442 lilium;
2764 3376 2932 3433 oblita
2962 3378 3145 3448 pepuli
3171 3387 3225 3432 et
3265 3376 3463 3433 domus

1899 3470 2068 3541 patris
2098 3478 2154 3524 et
2186 3469 2376 3524 matris
2407 3484 2543 3534 sua},
2573 3470 2788 3537 aspexit
2822 3470 2889 3526 ad
2919 3485 3103 3524 verum
3145 3469 3379 3536 Patrem,
3408 3483 3463 3526 et

1899 3572 1930 3612 a
1954 3557 2064 3614 Deo
2094 3565 2325 3614 vocatur
2354 3572 2513 3613 soror
2541 3556 2689 3621 Filii,
2736 3557 2931 3627 spiritu
2956 3557 3184 3613 ﬁliorum
3211 3559 3462 3627 adeptio-

1899 3649 1989 3705 nis
2025 3649 2081 3703 in
2110 3649 2251 3703 hanc
2286 3648 2541 3717 adoptata
2568 3648 2981 3719 cognationem;
3013 3657 3068 3704 et
3105 3648 3176 3702 ab
3218 3649 3308 3703 illa
3336 3649 3462 3702 falsi

1901 3736 2139 3791 nominis
2167 3735 2337 3805 patris
2361 3732 2622 3806 [filiarum
2651 3735 3062 3809 communione]
3096 3738 3322 3792 liberata
3373 3754 3461 3793 sc-

1902 3827 2021 3896 ipsa
2051 3841 2244 3882 rursus
2282 3824 2340 3881 fit
2360 3825 2669 3891 sublimior,
2701 3835 2757 3882 et
2779 3829 2979 3897 aspicit
3021 3829 3340 3898 mysterium
3367 3845 3462 3899 per

232 3913 676 3985 peramrqOeica,
688 3913 781 3966 καὶ
801 3912 901 3982 τῆς
927 3911 1062 3981 πρὸς
1088 3911 1185 3974 τὰς
1206 3911 1507 3983 θυγατέρας
1535 3912 1628 3966 τοῦ
1649 3913 1790 3982 ecus

1906 3917 2096 3973 oculos
2120 3915 2407 3983 columba,
2458 3916 2677 3986 spiritu,
2718 3917 2962 3985 inquam,
2990 3917 3302 3987 prophetiae.

230 4008 443 4077 ωνύμου
470 4008 678 4078 πατρὸς
715 4005 1001 4068 κοινωνίας
1029 4004 1429 4074 ἀπαλλαγεῖσα,
1458 4007 1619 4061 πάλιν
1646 4009 1853 4075 γίνεται
1867 4010 2067 4079 ἑαυτῆς
2091 4009 2428 4083 ὑψηλοτέρα,
2460 4009 2553 4062 καὶ
2586 4009 2775 4078 βλέπει
2796 4010 2855 4062 τὸ
2891 4012 3207 4081 μυστήριον,
3236 4012 3324 4066 διὰ
3355 4015 3461 4068 τῶν

229 4100 323 4167 τῆς
379 4099 710 4170 περιστερᾶς
760 4096 1054 4168 ὀφθαλμῶν
1078 4113 1092 4129 ο
1132 4096 1275 4165 λέγω
1302 4096 1359 4149 δὲ
1391 4097 1468 4167 τῷ
1497 4098 1765 4169 πνεύματι
1787 4099 1888 4169 τῆς
1918 4099 2270 4170 προφητείας.

293 4236 438 4308 Λῦτη
462 4237 601 4306 (27')
626 4233 721 4288 τοῦ
744 4233 997 4304 Νυμφίου
1018 4233 1214 4304 ἐστὶνὴ
1247 4233 1424 4304 φωνὴ,
1446 4233 1797 4304 μαρτυροῦσα

230 4331 292 4400 τῇ
321 4329 532 4398 Νύμφῃ
560 4325 722 4380 πλέον
741 4319 815 4379 ὧν
835 4326 1000 4395 ἑαυτῇ
1034 4324 1582 4396 προσεμαρτύρησεν
1609 4324 1792 4395 ἐπειδὴ

231 4422 332 4484 γὰρ
369 4418 574 4489 ἑαυτὴν
604 4414 726 4471 εἷπε
755 4417 959 4488 κρίνον,
1014 4417 1111 4480 τὰς
1138 4416 1195 4470 δὲ
1227 4416 1418 4479 λοιπὰς
1456 4415 1633 4486 ψυχὰς
1675 4430 1791 4470 κοι-

1975 4232 2108 4288 Nili.
2140 4258 2212 4276 -ο
2248 4232 2374 4288 Haec
2412 4240 2494 4287 est
2540 4247 2645 4287 vox
2686 4232 2883 4300 Sponsi
2941 4232 3167 4303 Spensaa
3217 4239 3462 4293 testimo-

1900 4325 2050 4378 nium
2103 4324 2397 4394 praebentis
2454 4325 2611 4392 longe
2651 4323 2999 4380 luculentius‘
3031 4340 3194 4395 quam
3232 4328 3345 4397 ipsa
3393 4331 3462 4387 de

1897 4430 1959 4471 se
1983 4413 2854 4486 antea'perhibuerat..Postquatu
2877 4418 3023 4471 enim
3057 4420 3174 4488 ipsa
3201 4432 3260 4475 se
3285 4420 3456 4477 lilium

232 4503 407 4570 λάδας,
437 4506 472 4575 ἢ
504 4502 993 4577 μετριοςρρονοῦσα,
1023 4503 1055 4574 ἢ
1089 4503 1182 4557 καὶ
1212 4504 1526 4574 ἀγνοήσασα
1550 4522 1565 4536 ·
1596 4505 1657 4558 οὐ
1682 4506 1789 4558 πᾶν

1897 4514 2138 4571 vocarat,
2169 4516 2395 4563 caeteras
2424 4510 2553 4562 vero
2580 4506 2795 4563 animas
2819 4511 3007 4572 valles,
3035 4512 3276 4569 modeste
3304 4514 3372 4570 de
3399 4530 3459 4570 se

1824 4550 1871 4606 ι)

234 4598 597 4669 στοχαζομένη
629 4598 729 4668 τῆς
762 4596 1146 4668 ἀληθείας⁶τὴν
1173 4596 1463 4669 σύγκρισιν
1499 4599 1790 4669 ἐποιήσατο

1897 4600 2135 4655 sentiens
2173 4599 2257 4654 vel
2286 4600 2450 4654 etiam
2471 4600 2772 4671 ignorans;
2807 4616 2915 4655 non
2949 4603 3174 4658 omnino
3204 4616 3458 4660 assecuta

234 4688 383 4750 αὐτὸς
408 4691 438 4741 ὁ
478 4687 684 4759 μᾶλλον
723 4686 883 4751 είδὼς
910 4687 1019 4741 τῶν
1064 4688 1364 4759 γινομένων
1407 4689 1792 4743 καταστάσεων

232 4778 326 4841 τὰς
374 4777 674 4848 ἱδιότηταςυ
720 4778 815 4832 καὶ
856 4779 1029 4848 κρίνῳ
1058 4778 1156 4848 μὲν
1193 4778 1397 4851 ταύτην
1448 4779 1790 4851 παρεικάζει,

232 4866 314 4921 διὰ
338 4869 400 4923 τὸ
432 4868 679 4943 μηδόλως
711 4869 808 4939 τήν
840 4869 951 4924 ἀπὸ
994 4868 1102 4922 τῶν
1147 4869 1476 4941 σωματικῶν
1526 4871 1793 4942 μέριμναν

234 4957 602 5033 ἀναδέχεσθαι,
644 4958 1019 5031 ἀφροντίστως
1050 4960 1106 5013 δὲ
1129 4962 1241 5023 τοῖς
1271 4961 1665 5033 παρατυχοῦσι,
1693 4962 1792 5033 τήν

234 5047 321 5099 τοῦ
374 5048 626 5118 σώματος
675 5048 985 5120 ἐκπληροῦν
1033 5050 1244 5121 χρείαν,
1282 5052 1658 5123 ἀταλαίπωρον
1699 5058 1793 5109 καὶ

235 5135 572 5205 αὐτοσχέδιον
600 5136 698 5207 τὴν
757 5136 1034 5207 διαγωγήν
1090 5138 1350 5210 ἑλομένην
1384 5140 1473 5194 διὰ
1516 5142 1613 5212 τὴν
1665 5145 1792 5213 περὶ

300 5301 341 5332 ³¹
384 5299 577 5355 Matth.
609 5317 705 5367 xu,
746 5301 836 5355 49.

1897 4688 2257 4758 coniectando
2284 4682 2606 4756 veritatem;
2643 4688 3105 4760 comparationem
3156 4694 3244 4749 ille
3302 4695 3462 4752 insti-

1899 4782 2004 4837 tuit
2049 4781 2147 4851 qui
2190 4795 2380 4837 eorum
2436 4797 2558 4848 quae
2610 4780 2748 4835 fiunt
2799 4789 3040 4841 statuum
3097 4787 3459 4857 proprietates

1899 4874 2073 4944 magis
2097 4874 2268 4939 novit,
2307 4880 2361 4928 et
2390 4873 2505 4928 lilio
2529 4873 2744 4944 quidem
2778 4875 2946 4943 ipsam
2986 4876 3276 4941 assimilat,
3311 4881 3458 4948 quod

1894 4965 2118 5020 oruuino
2150 4965 2354 5019 nullam
2388 4979 2571 5019 rerum
2606 4965 2973 5034 corporalium
3005 4966 3258 5023 admittat
3304 4971 3457 5024 solli-

1895 5057 2231 5121 citudinem;
2264 5056 2358 5111 sed
2390 5057 2509 5110 sine
2536 5070 2672 5111 cura
2701 5056 2769 5112 iis
2799 5071 2920 5127 quae
2950 5058 3240 5130 obtingunt
3267 5075 3459 5131 corpo-

1896 5148 1973 5201 ris
2007 5148 2221 5218 expleat
2246 5147 2651 5212 necessitatcm,
2679 5148 2887 5203 beatam
2921 5163 2984 5204 ac
3008 5152 3198 5220 paucis
3227 5161 3457 5210 conten-

1762 5436 1993 5493 NOT/E.

303 5595 414 5662 (Ἦ)
447 5595 655 5651 Patrol.
690 5604 733 5650 t.
766 5593 931 5658 XVII,
960 5594 1066 5648 col.
1098 5593 1226 5659 260,
1259 5595 1385 5650 96!.

303 5648 801 5735 ζξῖίγηάήίηήϐ.
838 5648 1047 5719 Ὗνίειιί)
1092 5648 1309 5719 nomine
1365 5648 1606 5736 Gregorii
1650 5681 1780 5720 con-

555 5758 823 5818 Ριτειοι..
870 5755 988 5816 Gn.
1014 5755 1386 5817 LXXXVII.

1891 5596 2193 5685 tinuantur.
2219 5605 2539 5685 letmrevera
2590 5614 2697 5685 non
2729 5601 3080 5661 inveniuntur
3118 5607 3168 5661 in
3210 5612 3463 5680 operibat

1866 5667 2048 5724 'editis
2083 5667 2255 5722 sancti
2293 5664 2420 5721 Nili.

3023 5768 3100 5828 50
