3970 6296
400 236 538 299 15Ἳθ

1717 230 2066 311 PROCOPII
2096 230 2338 292 eum

3484 230 3506 295 1
3521 232 3624 293 53θ

389 355 502 404 tam
551 347 757 420 eligens
797 347 1010 402 vivendi
1041 347 1328 414 rationem,
1357 354 1577 418 propter
1628 362 1748 402 eam
1781 341 1943 418 quam

2070 345 2148 414 πῆς
2183 343 2462 412 βασιλείας
2497 344 2606 396 τῶν
2651 343 2896 414 ούρανῶν
2941 343 3219 415 φροντίδα,
3247 343 3324 413 ῶς
3359 344 3418 396 ὲν
3448 345 3621 412 Εὐαγ-

390 441 530 510 gerit
561 455 750 498 curam
771 439 839 494 de
864 453 1032 510 regno
1063 439 1350 505 cmlorum,
1371 447 1534 508 prout
1565 440 1618 494 in
1653 439 1956 510 Evangeliis

397 529 714 586 ostenditur
749 548 764 583 :
802 530 977 600 spinis
1017 545 1147 584 vero
1190 542 1418 585 caeteras
1465 531 1774 585 assimilans
1825 533 1954 601 quia

393 618 582 674 curam
607 635 826 674 omnem
853 621 998 674 circa
1034 619 1316 675 saecularia
1337 619 1629 686 habebant,
1649 631 1698 674 et
1725 621 1956 676 necdum

392 718 589 765 norant
634 725 798 766 curas
851 711 920 766 iis
973 711 1252 780 impensas
1289 709 1404 764 ﬁeri
1449 711 1654 780 spinas,
1692 713 1788 784 sed
1838 715 1959 770 illas

392 801 544 871 ipsas
589 817 652 856 ex
708 818 904 872 magno
956 803 1102 858 circa
1158 800 1282 858 illas
1328 801 1727 860 sollicitudines
1777 792 1982 861 studio.

391 891 636 945 evasisse
667 891 874 961 spinas.

463 1003 629 1058 Vens.
665 1003 718 1056 5.
757 1002 906 1058 Sicut
949 1003 1150 1058 ntalum
1192 1005 1248 1058 in
1301 1005 1457 1074 lignis
1496 1003 1677 1072 silum,
1716 1005 1794 1059 sic
1839 1005 1958 1074 fra-

395 1095 578 1150 truelis
621 1111 764 1149 meus
801 1096 939 1150 inter
987 1095 1187 1150 medios
1238 1097 1402 1166 ﬁlios.

464 1204 724 1274 Gregorii.
759 1235 830 1247 —
865 1205 1005 1272 Quid
1045 1221 1128 1262 esr
1155 1222 1286 1278 ergo
1335 1207 1482 1277 quod
1531 1208 1704 1262 vidit?
1755 1207 1956 1262 Silvam

393 1295 526 1349 solet
560 1297 841 1352 nominare
889 1297 1172 1367 Scriptura
1213 1299 1520 1354 silvestrem
1567 1299 1842 1354 hominum
1874 1301 1958 1354 vi-

394 1393 503 1437 tam
535 1386 590 1439 in
625 1401 732 1454 qua
773 1387 1054 1440 luxuriant
1087 1387 1236 1441 varia
1276 1404 1474 1457 genera
1518 1391 1857 1459 passionum,
1901 1390 1955 1444 in

391 1489 500 1544 qua
548 1475 866 1528 nidulantur
904 1476 1031 1531 ferae
1075 1476 1338 1544 exitiosae,
1373 1487 1426 1532 et
1460 1478 1708 1532 homines
1756 1479 1958 1532 laedunt

393 1582 624 1635 quarum
660 1577 852 1622 natura
879 1568 932 1621 in
965 1569 1088 1623 luce
1110 1583 1174 1622 ac
1201 1569 1315 1624 sole
1348 1571 1522 1646 otiosa
1553 1585 1876 1638 permanens
1902 1573 1954 1626 in

391 1657 634 1712 tenebris
669 1659 776 1711 vim
807 1673 960 1713 suam
989 1659 1182 1713 exerit.
1211 1658 1502 1730 Propterea
1533 1661 1587 1714 in
1629 1661 1764 1716 silva
1796 1663 1951 1732 plan-

391 1758 538 1802 tatur
593 1749 791 1802 malum
839 1767 854 1804 :

2059 435 2261 504 γεὶίςις
2284 433 2590 488 δείκνυται⁹
2633 434 2894 496 ἀκάνθαις
2928 433 2984 487 δὲ
3037 433 3136 497 τὰς
3169 433 3363 496 λοιπὰς
3403 435 3622 504 ὁμοιῶν,

2057 527 2146 581 διὰ
2185 543 2244 580 το
2273 529 2452 580 πᾶσαν
2479 527 2579 597 τὴν
2625 527 2892 598 μέριμναν
2925 525 3056 596 περὶ
3095 525 3164 578 τὰ
3194 525 3428 593 βιωτικά
3458 527 3620 595 ἔσχη-

2059 620 2246 672 κέναι’
2285 619 2378 672 καὶ⁸
2411 619 2604 688 μηκέτι
2635 617 2694 670 ὲν
2732 619 2852 680 ταῖς
2885 616 3127 688 φροντίσι
3163 615 3416 684 γενέσθαι
3457 617 3618 670 ἀκάν-

2059 712 2178 777 θας,
2205 712 2320 766 ἀλλ’
2351 711 2518 774 αὐτὰς
2543 710 2758 780 ἐκείνης
2791 709 2867 779 τῷ
2906 711 2972 762 ὲκ
2999 708 3198 780 πολλῆς
3225 709 3326 778 τῆς
3357 711 3490 778 περὶ
3522 709 3620 770 τὰς

2061 803 2329 874 μερίμνας
2353 802 2585 872 σπουδῆς
2613 801 2940 872 πεποιῆσθαι
2963 801 3104 855 κατά
3125 799 3343 864 ταύτας.

2140 1003 2236 1069 Ὠς
2253 1002 2457 1070 μῆλον
2491 1003 2562 1056 ἐν
2612 1003 2736 1068 τοῖς
2786 1003 2996 1068 ξύλοις
3026 1003 3134 1056 τοῦ
3155 1001 3406 1070 δρυμοῦ,
3435 1001 3641 1080 οὕτως.

2057 1090 2380 1160 ἁδελφιδός
2393 1109 2512 1160 μου
2555 1091 2672 1145 ἀνὰ
2692 1090 2888 1160 μέσον
2909 1089 3028 1144 τῶν
3055 1089 3222 1144 υἱῶν.

2129 1199 2480 1269 Γρηγορίου.
2509 1228 2581 1239 —
2605 1197 2668 1252 Τί
2698 1196 2791 1252 οὖν
2825 1200 2972 1253 ἐστιν
3010 1199 3039 1252 δ
3083 1199 3374 1263 reﬂectat;
3410 1199 3624 1268 Δρυμὸν

2057 1291 2312 1362 ὀνομάζει
2364 1291 2610 1361 συνήθως
2653 1292 2706 1368 ἡ.
2750 1291 2881 1359 ἁγία
2939 1290 3128 1360 Γραιρὴ
3177 1290 3267 1343 τὸν
3315 1289 3626 1360 ὑλώδητῶν

2057 1381 2356 1453 ἀνθρώπων
2383 1381 2515 1451 βίον,
2538 1383 2630 1435 τὸν
2658 1381 2724 1436 τὰ
2746 1381 2963 1435 ποικίλα
2992 1384 3098 1436 τῶν
3130 1383 3470 1453 παθημάτων
3513 1381 3626 1450 εῐδη

2059 1473 2490 1543 ύλομανήσαντα,
2522 1472 2580 1522 ιν
2606 1463 2651 1538 ᾧ
2683 1471 2750 1524 τὰ
2779 1471 3052 1542 φθαρτικὰ
3079 1470 3244 1543 θηρία
3283 1471 3514 1540 φωλεύει
3538 1472 3628 1524 καὶ

2058 1563 2184 1624 τοὺς
2219 1541 2536 1629 ἀνθρώπους
2567 1541 2910 1630 λυμαίνεται,
2948 1555 3023 1614 ὧν
3049 1563 3084 1631 ἡ
3110 1541 3268 1628 φύσις
3293 1563 3352 1613 ὲν
3374 1547 3513 1630 φωτὶ
3537 1563 3630 1614 καὶ

2065 1653 2198 1722 ἡλίῳ
2236 1653 2593 1722 ἀνενέργητος
2652 1653 2904 1722 μένουσα,
2946 1652 3032 1706 διὰ
3071 1653 3292 1714 σκότους
3331 1651 3429 1722 τὴν
3477 1653 3644 1721 ἰσχὺν·

907 1749 962 1802 in
1002 1757 1264 1818 quantum
1299 1750 1516 1820 quidem
1555 1751 1780 1822 lignum,
1829 1769 1952 1808 cum

2070 1741 2198 1812 ἔχει.
2229 1743 2326 1796 Διὰ
2355 1741 2513 1795 τοῦτο
2541 1741 2735 1811 φύεται
2766 1744 2823 1795 ὲν
2851 1743 2927 1812 τῷ
2948 1741 3137 1812 δρυμῷ
3159 1742 3218 1794 τὸ
3249 1741 3414 1812 μῆλον
3435 1759 3450 1772 ·
3497 1741 3630 1794 καθὸ

391 1839 622 1909 reliquis
644 1849 728 1895 est
754 1839 1000 1908 ejusdem
1033 1840 1316 1896 essentiae:
1345 1859 1364 1892 ι
1402 1840 1668 1897 Tentatus
1691 1831 1832 1898 enim
1865 1860 1960 1914 per

2070 1835 2162 1903 μὲν
2187 1833 2339 1898 ξύλον
2371 1836 2483 1896 τοῖς
2513 1833 2719 1897 λοιποῖς
2755 1835 3040 1903 ὁμοούσιον
3092 1835 3367 1905 ὑπάρχον·
3399 1852 3418 1885 ι
3451 1834 3630 1886 Ἐπει-

389 1933 575 1984 omnia
627 1946 726 2000 pro
763 1929 1125 1985 similitudine
1181 1931 1386 2002 absque
1430 1941 1656 2002 peccato
1701 1936 1769 1987 “.
1831 1953 1848 1985 ι
1900 1935 1996 1990 ιιι·

386 2029 651 2096 quantum
681 2013 810 2076 vero
838 2022 1020 2076 fructu
1053 2037 1155 2078 suo
1196 2022 1543 2078 dulcedinem
1599 2023 1758 2080 atl‘ert
1791 2027 1959 2080 animi

391 2113 668 2177 sensibus,
701 2112 961 2182 maiorem
998 2113 1307 2167 habetcum
1338 2115 1484 2184 ligno
1516 2117 1957 2184 inaequalitatem,

389 2221 553 2273 quam
584 2205 758 2257 lilium
796 2219 919 2258 cum
955 2203 1154 2273 spinis,
1186 2213 1245 2258 ut
1287 2205 1432 2273 quod
1475 2207 1718 2259 suaviter
1749 2213 1959 2259 tantum

393 2295 567 2363 spirat
590 2303 644 2348 et
665 2293 786 2347 visu
819 2294 1080 2356 oblectat,
1111 2309 1330 2362 pomum
1359 2303 1540 2349 autem
1569 2305 1623 2350 et
1654 2295 1884 2350 odoratu
1907 2303 1963 2352 et

393 2393 556 2448 gustu
597 2397 661 2434 ac
707 2380 826 2434 visu
877 2381 1039 2436 dulce
1072 2387 1176 2436 est.
1215 2379 1378 2437 Recte
1412 2399 1540 2453 ergo
1582 2383 1717 2438 vidit
1742 2383 1960 2454 Sponsa

393 2489 515 2542 qua:
545 2473 614 2526 sit
649 2471 732 2526 sui
765 2487 794 2524 a
823 2469 1054 2526 Domino
1084 2471 1414 2540 diﬂ‘erentia,
1437 2475 1696 2544 quoniam
1726 2476 1818 2530 ille
1841 2477 1962 2546 qui~

393 2565 518 2616 dem
558 2568 611 2614 et
643 2559 799 2614 nobis
844 2561 904 2614 iit
939 2559 1126 2614 laetitia
1147 2561 1452 2628 oculorum,
1487 2571 1545 2616 ut
1575 2565 1668 2634 qui
1701 2564 1756 2618 in
1785 2567 1864 2620 eis
1893 2567 1963 2620 sit

398 2651 485 2701 lux
531 2657 586 2702 et
631 2656 968 2717 unguentum
1010 2648 1264 2704 odoratui
1295 2660 1348 2706 et
1370 2653 1480 2706 vita
1519 2654 1962 2710 comedentibus.

397 2743 644 2793 llmnana
694 2756 860 2809 porro
916 2749 1108 2795 natura
1145 2757 1242 2812 per
1289 2742 1542 2799 virtutem
1598 2743 1858 2814 perfecta,
1908 2745 1966 2799 lit

397 2831 516 2896 llus,
553 2849 662 2886 non
711 2836 889 2887 solum
929 2833 1226 2903 agricolam
1274 2835 1544 2898 nutriens,
1585 2835 1678 2892 sed
1727 2838 1962 2907 seipsam

2062 1923 2236 1995 ράσθη
2263 1925 2372 1993 γὰρ
2421 1924 2540 1977 καθ’
2593 1925 2885 1993 ὁμοιότητα
2935 1927 3176 1988 πάντων,
3233 1924 3400 1994 χωρὶς
3442 1924 3626 1996 ἀμαρ-

2060 2014 2178 2077 τίας
2198 2031 2213 2046 ·
2245 2033 2263 2064 ι
2299 2014 2433 2066 καθὸ
2463 2014 2520 2066 δὲ
2552 2013 2830 2080 γλυκαίνει
2860 2007 3168 2085 τῶκαρπῷ
3213 2015 3282 2067 τὰ
3319 2014 3420 2083 τῆς
3444 2014 3628 2084 ψυχῆς

2063 2105 2414 2174 αἰσθητήρια,
2450 2104 2673 2158 πλείονα
2691 2105 2791 2176 τὴν
2820 2107 2955 2176 πρὸς
2985 2106 3075 2160 τὸν
3110 2105 3316 2175 δρυμὸν
3347 2105 3461 2175 ἔχει
3494 2123 3632 2176 παρ·-

2061 2195 2329 2266 αλλαγήνο
2366 2195 2398 2266 ἢ
2429 2197 2552 2249 ὅσον
2581 2195 2694 2266 ἔχει
2742 2199 2880 2267 πρὸς
2919 2197 3016 2262 τὰς
3041 2197 3281 2260 ἀκάνθας
3325 2197 3384 2249 τὸ
3426 2197 3630 2263 κρίνον,

2060 2287 2198 2356 ὅπερ
2249 2285 2478 2340 εῠπνουν
2521 2289 2636 2340 ἐστὶ
2696 2289 2854 2356 μόνον
2901 2289 2998 2342 καὶ
3041 2289 3233 2359 τέρπει
3286 2293 3353 2360 τῇ
3396 2289 3528 2360 θέα·
3574 2290 3632 2340 τὸ

2061 2379 2117 2434 δὲ
2171 2379 2339 2450 μῆλον
2401 2379 2496 2450 ἡδὺ
2549 2381 2686 2450 πρὸς
2754 2381 2928 2450 ὀσμὴν
3000 2382 3101 2452 τὴν
3147 2381 3243 2435 καὶ
3291 2381 3481 2450 γεῦσιν
3542 2381 3634 2433 καὶ

2064 2473 2209 2526 θέαν.
2261 2471 2456 2536 Καλῶς
2503 2473 2594 2526 οὖν
2618 2469 2754 2527 εἶδεν
2774 2477 2808 2544 ἡ
2831 2475 3014 2546 νύμφη
3041 2475 3101 2528 τὸ
3147 2476 3348 2542 ἑαυτῆς
3378 2476 3514 2546 πρὸς
3543 2474 3633 2526 τὸν
3731 2473 3750 2482 ⁵

2063 2563 2340 2634 Δεσπότην
2368 2565 2622 2635 διάφορον
2643 2583 2657 2598 ·
2680 2567 2762 2620 ὅτι
2792 2568 2998 2628 ἐκεῖνος
3025 2568 3164 2638 μὲνή
3175 2567 3290 2638 μῶν
3313 2568 3406 2620 καὶ
3431 2567 3636 2636 ὀφθαλ-

2067 2653 2182 2724 μῶν
2209 2654 2419 2722 γίνεται
2451 2655 2631 2724 χάρις,
2664 2657 2779 2726 φῶς
2811 2657 3115 2726 γινόμενος,
3139 2658 3234 2710 καὶ
3260 2657 3433 2727 μύρον
3471 2658 3528 2709 ὲν
3569 2659 3634 2728 τῇ

2063 2745 2346 2814 ὀσφρήσει,
2401 2745 2498 2799 καὶ
2555 2746 2666 2816 ζωὴ
2712 2749 2822 2812 τοῖς
2870 2747 3155 2802 ἐσθίουσιν.
3205 2747 3269 2801 Ἦ
3331 2748 3389 2800 δὲ
3423 2749 3638 2818 ἀνθρω-

2065 2836 2194 2906 πίνη
2221 2835 2379 2906 φύσις
2432 2837 2498 2890 δι’
2522 2837 2721 2908 ἀρετῆς
2778 2837 3142 2897 τελειωθεῖσα,
3183 2839 3340 2900 ἄνθος
3406 2839 3637 2905 γίνεται,

297 3277 313 3287 ’
395 3292 677 3360 adultique
711 3292 1059 3346 suavitatem.
1099 3289 1210 3345 Nos
1247 3293 1392 3346 enim
1447 3291 1607 3346 bonis
1651 3291 1796 3348 illius
1838 3309 1965 3362 ege—

394 2940 687 2978 evernans.
742 2925 934 2979 Cibum
992 2935 1172 2980 autent
1235 2943 1344 2981 non
1393 2929 1494 2996 ipsi
1535 2929 1710 2982 datori
1761 2937 1962 2998 parat:

2070 2929 2225 2998 μόνον
2263 2929 2324 2982 ού
2351 2928 2442 2982 τὸν
2487 2928 2727 2999 γεωργὸν
2755 2929 3044 2998 τρέφουσα,
3093 2929 3232 2983 ἀλλὰ
3267 2929 3466 2999 ἑαυτὴν
3511 2929 3638 2982 καλ-

323 3049 330 3055 -
397 3019 654 3084 quoniam
686 3015 952 3070 bonorum
1003 3024 1318 3070 nostrorum
1361 3032 1470 3092 non
1524 3025 1664 3088 eget.
1697 3017 1962 3072 Caeterum

2070 3020 2300 3084 λωπίζου
2311 3037 2396 3073 san
2420 3021 2624 3092 τροφὴν
2643 3020 2698 3072 δὲ
2719 3019 2791 3091 μὴ
2820 3021 3137 3090 γεωργοῢσα
3160 3021 3236 3092 τῷ
3250 3021 3490 3091 χορηγῷ
3513 3020 3638 3072 Τῶν

401 3107 662 3161 Dominus
694 3105 874 3161 factus
908 3115 992 3160 est
1015 3105 1172 3175 quasi
1205 3090 1406 3160 malum
1432 3107 1486 3160 in
1533 3109 1688 3173 silva,
1711 3110 1838 3176 quia
1867 3109 1964 3161 hu-

2070 3111 2178 3181 γὰρ
2207 3109 2426 3179 ἀγαθῶν
2459 3090 2559 3182 μου
2589 3111 2649 3163 οὗ
2675 3090 2860 3180 χρείαν
2884 3109 3090 3180 ἔχεις,ὁ
3131 3090 3415 3180 θεοπὰτωρ
3441 3109 3602 3178 φησίν
3620 3124 3638 3140 ο

399 3215 616 3253 manam
649 3199 885 3253 inseruit
914 3209 1164 3252 naturam
1208 3199 1274 3251 ad
1306 3199 1540 3268 speciem
1570 3207 1624 3255 et
1673 3199 1738 3252 ad
1783 3201 1964 3254 odoris

2074 3202 2258 3269 κρίνον
2300 3199 2400 3268 μὲν
2461 3198 2557 3252 οὖν
2609 3199 2685 3262 ῶς
2739 3199 2948 3272 ἔφημεν
2989 3201 3401 3272 ὴτελειουμένη
3459 3199 3647 3269 ψυχὴ,

2073 3289 2271 3359 ἑαυτὴν
2304 3289 2484 3359 μὸνον,
2515 3289 2590 3352 ὡς
2630 3289 2863 3360 ἔφημεν,
2911 3289 3323 3354 καλλωπίζουσα
3343 3307 3356 3320 ·
3387 3292 3414 3343 ὁ
3439 3290 3495 3342 δὲ
3527 3289 3643 3342 Κύ-

397 3399 554 3448 tnns;
607 3391 964 3451 quapropter,
1001 3381 1078 3435 ait
1125 3380 1370 3452 Sponsa,
1418 3383 1545 3452 quia
1597 3383 1800 3452 fructus
1853 3383 1964 3454 ejus

2075 3397 2188 3451 ριος
2209 3380 2286 3443 ὡς
2317 3380 2484 3450 μῆλον
2505 3381 2728 3448 γέγονεν
2757 3382 2814 3433 ὲν
2833 3381 3045 3451 δρυμῷο
3067 3382 3149 3434 δτι
3175 3365 3274 3451 τὴν
3297 3380 3642 3450 ἀνθρωπίνην

399 3473 571 3526 dulcis
601 3473 654 3526 in
677 3481 889 3544 gutture
914 3488 1027 3527 meo
1059 3489 1078 3526 :
1111 3455 1347 3528 Fructus
1374 3480 1556 3527 autem
1589 3483 1673 3528 est
1717 3473 1964 3528 doctrina

2071 3472 2442 3542 ἐνεκέντρισεν
2471 3472 2652 3540 φύσιν,
2695 3471 2830 3542 πρὸς
2866 3472 2928 3524 τὸ
2973 3472 3174 3542 ὡραῖόν
3223 3489 3282 3526 τε
3321 3474 3416 3526 καὶ
3447 3471 3643 3535 εὑῶδες

399 3565 466 3618 de
507 3580 612 3633 qua
644 3564 814 3619 David
855 3565 930 3620 ait
966 3581 982 3620 :
1023 3583 1043 3616 ι
1087 3563 1260 3630 Quam
1301 3565 1485 3618 dulcia
1533 3565 1785 3620 faucibus
1831 3566 1964 3620 meis

2074 3561 2169 3614 καὶ
2200 3560 2476 3630 βρώσιμον
2500 3577 2512 3592 ο
2544 3563 2703 3630 ἡμεῖς
2729 3561 2836 3634 γὰρ
2865 3560 2974 3615 τῶν
3015 3563 3222 3615 ἐκείνου
3261 3561 3494 3631 δεόμεθα
3519 3575 3531 3590 ⁸
3559 3561 3642 3615 διδ

396 3654 615 3722 eloquia
647 3662 764 3714 tua,
802 3669 966 3722 super
1004 3656 1109 3708 mel
1141 3655 1222 3708 ori
1255 3669 1374 3709 meo
1403 3654 1467 3707 “.
1502 3672 1522 3706 ι
1561 3651 1728 3708 Filios
1785 3661 1964 3708 autem

2073 3651 2236 3720 φησὶν
2263 3653 2296 3720 ἡ
2319 3651 2543 3720 Νύμφη,
2565 3652 2646 3704 ὅτι
2671 3652 2734 3704 '0
2753 3651 2978 3720 καρπὸς
2993 3651 3178 3706 αὑτοῦ
3208 3650 3438 3721 γλυκὺς
3470 3651 3542 3703 ἐν
3565 3647 3644 3714 τῷ

402 3743 536 3796 dicit
570 3758 678 3797 non
705 3743 912 3798 amicos
943 3742 1156 3813 sponsi,
1186 3741 1280 3797 sed
1311 3741 1661 3796 tenebrarum
1685 3742 1778 3812 qui
1802 3749 1855 3796 et
1877 3741 1964 3795 lilii

2071 3739 2326 3808 .Idpvr-rl
2344 3759 2462 3811 μου
2482 3757 2494 3770 ·
2526 3741 2732 3812 καρπὸς
2756 3743 2812 3796 δὲ
2836 3745 2868 3814 ὴ
2892 3742 3228 3807 διδασκαλία,
3256 3743 3384 3813 περὶ
3405 3737 3472 3814 ἦς
3495 3741 3644 3810 λέγει

403 3831 498 3894 ine
528 3841 916 3901 nuncupantur
955 3835 1022 3885 ab
1062 3831 1453 3886 communitate
1489 3845 1736 3900 operum.

2077 3830 2240 3884 Δα6ίδ
2263 3847 2275 3861 ·
2315 3849 2333 3882 ι
2383 3831 2470 3894 Ὠς
2499 3832 2702 3900 γλυκέα
2730 3832 2809 3902 τῷ
2850 3831 3084 3904 λάρυγγί
3125 3849 3226 3902 μου
3250 3833 3317 3884 τὰ
3343 3832 3498 3900 λόγια
3526 3848 3641 3894 σου,

403 3923 542 3994 ὑπὲρ
565 3923 685 3994 μέλι
707 3924 786 3995 τῷ
813 3923 1041 3994 στόματί
1062 3924 1194 3992 μουί
1233 3942 1251 3974 ι
1279 3925 1296 3944 “
1315 3922 1458 3998 Υίῶν
1494 3923 1550 3976 δὲ
1571 3923 1720 3992 λέγει
1749 3923 1810 3978 οὐ
1850 3923 2016 3992 φίλων
2053 3923 2214 3978 τινῶν
2239 3924 2334 3977 τοῦ
2361 3923 2631 3995 Νυμφίου,
2668 3923 2800 3977 ἀλλὰ
2830 3923 2922 3976 τοῦ
2959 3925 3204 3987 σκότους,
3249 3921 3297 3975 οἳ
3343 3922 3436 3975 καὶ
3478 3921 3646 3976 τέκνα

399 4011 571 4082 ὀργῆς
599 4015 664 4083 τῇ
703 4013 958 4083 κοινωνίᾳ
989 4010 1099 4065 τῶν
1129 4011 1304 4082 ἔργων
1337 4012 1711 4084 ὀνομάζονται.

483 4129 620 4184 Nili.
646 4157 710 4170 ——
745 4127 1096 4200 Cmnparatio
1145 4129 1367 4200 quidem
1418 4127 1663 4184 ostendit
1701 4129 1964 4185 excellen-

2142 4133 2385 4186 Νείλου.
2411 4131 2660 4186 Δείκνυσι
2691 4130 2789 4200 τὴν
2831 4131 3134 4202 ὑπεροχήν·
3168 4131 3376 4194 πάντας
3409 4130 3516 4202 γὰρ
3545 4131 3640 4183 ἀν-

403 4220 558 4272 tiam.
605 4214 818 4286 Sponsa
849 4231 1086 4286 namque
1109 4230 1303 4272 omnes
1346 4216 1596 4271 homines
1629 4216 1775 4286 ligna
1817 4217 1964 4270 silvae

2075 4221 2322 4292 θρώπους
2365 4221 2488 4276 εἷπε
2541 4223 2673 4286 ξύλα
2727 4220 2931 4292 δρυμοῦ
2959 4224 2992 4290 ἡ
3043 4221 3248 4292 Νύμφη
3281 4221 3354 4285 ὡς
3383 4224 3640 4291 ἄκαρπα·

404 4304 716 4378 appellavit,
753 4315 807 4361 at
845 4306 1117 4376 Sponsum
1156 4321 1316 4361 suum
1351 4305 1494 4360 dixit
1543 4307 1744 4360 malum
1799 4305 1964 4374 frugi--

2078 4315 2244 4386 μῆλον
2273 4315 2330 4368 δὲ
2361 4311 2512 4370 εἶπεν
2550 4316 2624 4378 ὼς
2663 4314 2938 4386 ἔγκαρπον
2976 4315 3071 4368 τὸν
3111 4315 3308 4384 ἑαυτῆς
3351 4315 3604 4382 Νυμφίον
3627 4354 3641 4369 .

378 4399 602 4454 'ferum.
643 4395 778 4452 Cum
825 4397 971 4451 enim
1029 4396 1149 4465 ipse
1203 4396 1346 4450 illam
1395 4393 1506 4464 jam
1553 4395 1668 4450 suis
1717 4395 1964 4453 laudibus

2089 4401 2322 4458 Ἐκείνου
2349 4403 2458 4474 γὰρ
2506 4404 2604 4475 ήδη
2660 4404 2962 4472 φθάσαντος
3001 4406 3171 4474 αὐτὴν
3225 4409 3337 4466 τοῖς
3404 4406 3645 4467 ἐπαίνοις

403 4486 756 4555 praevenisset
785 4493 840 4539 ct
863 4498 987 4538 cum
1022 4483 1134 4536 lilio
1168 4481 1492 4536 contulisset
1513 4483 1676 4550 quasi
1713 4483 1768 4536 in
1795 4485 1970 4538 medio

407 4579 690 4643 Spinarnm
725 4573 1016 4625 mulierum
1062 4569 1395 4639 reliquarum
1425 4586 1438 4622 :
1473 4567 1588 4636 ipse
1625 4569 1800 4623 vicem
1851 4570 1975 4624 red-

406 4667 488 4722 dit
518 4665 718 4719 malum
753 4677 876 4716 eum
908 4659 1192 4730 appellans
1221 4658 1272 4711 in
1293 4655 1474 4712 medio
1501 4657 1772 4728 lignorum
1798 4659 1970 4724 silvae,

411 4756 672 4822 quoniam
706 4754 820 4829 ipse
851 4751 1071 4821 quidem
1112 4749 1293 4820 planta
1343 4747 1612 4820 frugifera
1665 4762 1784 4816 est,
1821 4751 1969 4821 ligna

411 4861 538 4901 vero
577 4847 727 4900 silva:
778 4840 1097 4912 infrngifcra
1125 4877 1142 4906 ,
1172 4849 1226 4896 et
1278 4856 1340 4896 ea
1383 4856 1490 4910 qua
1537 4849 1794 4910 petantur
1836 4858 1976 4914 aqua

410 4951 561 4991 suam
588 4936 656 4990 ab
679 4950 744 4988 eo
768 4932 1130 4987 dill'erentiam
1165 4932 1450 4988 manifeste
1472 4933 1774 4999 declarant,
1803 4934 1976 5004 siqui-

408 5029 530 5082 dem
561 5026 628 5081 de
667 5027 752 5080 his
799 5023 1160 5078 Ecclesiastes
1187 5024 1300 5078 ait:
1346 5043 1365 5076 ι
1393 5022 1518 5079 Feci
1555 5025 1686 5078 mihi
1733 5024 1976 5094 piscinas

409 5131 675 5187 aquarum
701 5115 767 5168 ad
801 5114 1135 5184 irrigandum
1157 5130 1219 5170 ex
1245 5113 1325 5168 eis
1358 5116 1551 5170 saltum
1577 5115 1972 5186 germinantem

411 5210 555 5280 ligna
583 5207 648 5262 “.
681 5226 700 5259 ι
741 5205 815 5260 De
840 5206 959 5282 ipso
990 5215 1170 5262 autem
1219 5205 1422 5262 David:
1469 5227 1487 5260 ι
1518 5207 1583 5261 Et
1617 5207 1744 5272 erit,
1772 5207 1970 5276 inquit,

411 5303 557 5356 sicut
608 5300 839 5370 lignum,
867 5299 1010 5370 quod
1057 5300 1356 5371 plantatum
1401 5310 1482 5356 est
1513 5315 1672 5356 secus
1704 5299 1972 5356 decursus

492 5581 534 5614 "
573 5585 738 5645 Hebr.
769 5589 956 5656 tv,15.
1031 5591 1241 5646 "Psal.
1274 5605 1460 5656 cxvul,
1503 5591 1616 5645 105.

1091 5721 1122 5755 ι

2079 4494 2177 4545 καὶ
2239 4493 2410 4564 κρίνῳ
2456 4493 2911 4562 παρεικάσαντος,
2945 4493 3019 4556 ὼς
3066 4495 3122 4546 ὲν
3188 4495 3336 4564 μέσῳ
3392 4495 3645 4546 ἀκανθῶν

2079 4579 2188 4632 τῶν
2213 4579 2418 4633 λοιπῶν
2443 4580 2734 4647 γυναικῶν,
2765 4580 2902 4650 αὕτη
2936 4581 3096 4634 πάλιν
3127 4581 3516 4650 ἀνταμείϐεται
3541 4586 3647 4653 μη-

2078 4672 2168 4726 λον
2198 4672 2359 4726 αὐτὸν
2391 4673 2448 4725 ὲν
2483 4671 2634 4742 μέσῳ
2680 4670 2854 4736 ξύλων
2899 4671 3104 4742 δρυμοῦ
3136 4672 3643 4742 προσαγορεύουσα,

2034 4788 2042 4798 -
2080 4765 2163 4818 ὅτι
2191 4763 2352 4825 αὐτὸς
2388 4763 2482 4834 μὲν
2521 4761 2796 4832 ἔγκαρπόν
2823 4763 2938 4816 ἐστι
2987 4763 3174 4832 φυτὸν,
3195 4762 3264 4816 τὰ
3288 4763 3344 4815 δὲ
3385 4763 3518 4828 ξύλα
3551 4765 3646 4817 τού

2083 4857 2292 4926 δρυμοῦ
2341 4857 2565 4929 ἄκαρπα
2589 4873 2604 4888 ·
2655 4857 2748 4910 καὶ
2773 4858 2850 4927 τῷ
2885 4859 2976 4926 ἀφ’
3005 4853 3066 4912 οὗ
3117 4859 3426 4922 ποτίζονται
3470 4857 3646 4924 ὕδατι,

2080 4948 2179 5019 τὴν
2203 4947 2337 5018 πρὸς
2365 4947 2503 5001 αὐτὰ
2529 4947 2800 5018 διαφορὰν
2837 4949 3024 5016 σαφῶς
3061 4948 3488 5019 ἐνδεικνύμενος
3519 4951 3648 5020 περὶ

2083 5039 2182 5106 μὲν
2203 5041 2313 5107 γὰρ
2345 5039 2547 5090 τούτων
2566 5041 2594 5090 ὁ
2614 5037 3050 5109 ,Ἐκκλησιαστής
3073 5053 3118 5091 ἰ
3143 5040 3522 5110 Ἐποιησάμην
3553 5057 3650 5092 κο-

2085 5126 2424 5197 λυμϐήθρας,
2467 5127 2652 5196 φησὶν,
2697 5128 2930 5192 ὑδάτων,
2961 5129 3056 5182 τού
3101 5129 3316 5183 ποτίσαι
3347 5131 3442 5183 ἀπ’
3468 5130 3650 5182 αὐτῶν

2081 5217 2286 5288 δρυμὸν
2319 5217 2563 5288 βλαστῶν
2596 5219 2692 5272 καὶ
2713 5219 2782 5272 τὰ
2817 5219 2954 5283 ξύλα
2972 5238 3016 5273 ἰ
3047 5221 3176 5292 περὶ
3204 5221 3260 5275 δὲ
3277 5221 3464 5275 τούτου
3487 5207 3652 5274 Δαϐίδ

2079 5323 2232 5378 φησι*
2265 5327 2283 5361 ι
2312 5310 2421 5363 Καὶ
2446 5309 2596 5364 ἔσται
2615 5311 2690 5374 ὡς
2713 5309 2774 5364 τὸ
2802 5310 2955 5376 ξύλον
2979 5311 3038 5366 τὸ
3064 5313 3467 5386 πεφυτευμένον
3500 5311 3652 5383 παρὰ
