3970 6296
230 238 358 306 1581

1173 238 1705 304 COMMENTARII
1741 241 1827 303 IN
1860 240 2177 305 CANTICA
2216 243 2506 305 CANTIC.

3342 243 3477 307 1582

223 348 319 416 τας
349 348 617 415 διεξόδους
650 346 756 402 τῶν
810 346 1042 401 ὑδάτων·
1080 364 1098 397 ι
1133 347 1231 416 οὐχ
1259 347 1443 417 ὅμοιον
1467 346 1523 400 δέ
1546 347 1789 413 ἀεννάοις

1911 363 2156 419 iquarum
2184 350 2251 403 ".
2285 368 2303 401 ι
2339 348 2455 403 Non
2485 357 2664 406 autem
2696 350 2875 404 simile
2897 358 2982 405 est
3010 356 3344 421 perennibus
3371 362 3479 411 cir-

228 440 654 514 περιρρεόμενον
709 435 866 490 ὕδασι
902 435 1241 499 ποτίζεσθαι,
1270 436 1362 488 καὶ
1399 435 1669 498 ἐπινοίαις
1698 436 1790 487 αν-

230 531 531 601 θρωπίναις
555 531 614 581 ἐν
663 525 1022 597 κολυμϐήθρᾳ
1073 523 1421 594 συναχθεῖσιν
1470 523 1792 594 ἀρδεύεσθαι

228 621 400 675 ὕδασι”
424 620 488 672 τὸ
523 617 624 688 μὲν
649 618 756 684 γὰρ
804 614 900 667 τὸν
941 615 1192 684 οὐράνιον
1243 613 1497 682 σημαίνει
1525 613 1705 680 λόγον,
1733 612 1794 665 τὸ

224 712 399 780 δὲτὴν
453 708 803 777 ἀνθρωπίνην
853 704 1241 758 διδασκαλίανο
1296 702 1468 756 ἔπειθ’
1515 702 1703 773 ὥσπερ
1733 702 1795 754 τὸ

226 800 400 870 μῆλον
452 794 925 869 ἐμπεριεχομένην
959 795 1038 863 τῷ
1063 793 1297 863 δέρματι
1363 793 1648 863 φυλάττων
1697 793 1796 861 τὴν

228 890 481 953 εὐωδίαν,
511 891 606 943 καὶ
643 890 737 941 ἐπὶ
755 887 818 940 τὸ
845 887 950 952 ἔξω
979 885 1146 955 αὐτὴν
1175 884 1499 946 διαδίδωσιν,
1533 883 1676 937 οὕτω
1699 884 1797 936 καὶ

225 982 260 1050 ἡ
290 980 483 1048 θεότης
536 975 902 1046 ἐνεκρύπτετο
926 973 1004 1043 τῷ
1036 972 1289 1041 σώματι·
1315 973 1465 1040 ὅμως
1509 970 1606 1040 τὴν
1649 970 1799 1040 ἐνέρ-

224 1089 382 1140 γειαν
406 1069 652 1131 διεδίδου,
678 1068 770 1121 καὶ
795 1067 890 1120 ἐπὶ
922 1064 1018 1118 τοῦ
1054 1064 1160 1128 ἔξω
1190 1063 1518 1131 φαινομένου
1546 1061 1794 1130 σαρκίουο

227 1161 434 1215 σκιὰδὲ
456 1162 515 1213 ἐν
617 1157 965 1227 ἐπεθύμησεν
1015 1153 1240 1207 καθίσαι
1283 1156 1317 1223 ἡ
1349 1151 1575 1222 Νύμφη,
1607 1151 1798 1221 ἐπειδὴ

230 1254 434 1322 μᾶλλον
459 1253 525 1305 ἐκ
556 1250 665 1303 τῶν
709 1249 923 1318 φύλλων
957 1248 993 1316 ἡ
1022 1245 1149 1299 σκιὰ
1208 1245 1449 1313 πέφυκεν
1492 1245 1566 1305 ὡς
1618 1243 1712 1296 ἐπὶ
1740 1243 1804 1295 τὸ

226 1345 481 1398 πλεῖστον
508 1340 775 1411 γίνεσθαι,
799 1340 879 1410 τῷ
911 1339 1277 1409 συγκραιφνετ
1293 1339 1392 1407 τῆς
1414 1335 1524 1388 τῶν
1553 1335 1803 1389 πετάλων

229 1437 501 1497 ἐνώσεως,
528 1436 629 1503 τὴν
658 1433 891 1504 ἡλιακὴν
936 1432 1134 1486 ἀκτῖνα
1180 1428 1667 1498 ἁποτειχείζουσα·
1703 1427 1805 1480 ὅσα

226 1526 325 1582 οὖν
354 1527 498 1579 κατὰ
549 1525 715 1593 φύσιν
768 1524 867 1593 τῆς
895 1520 1314 1593 ἀνθρωπότητος
1347 1519 1595 1572 ἐπετέλει
1626 1520 1656 1571 ὁ
1694 1520 1806 1572 Κυ-

228 1619 421 1688 ριακὸς
443 1615 734 1685 ἄνθρωπος
758 1613 956 1666 ἐσθίων
980 1613 1075 1665 καὶ
1110 1612 1304 1670 πίνων.
1337 1610 1430 1662 καὶ
1458 1609 1558 1662 ὅσα
1589 1607 1803 1677 φύσεως

1896 439 2193 492 cumﬂuum
2224 440 2381 505 aquis
2415 441 2587 506 potari
2617 449 2671 492 et
2702 440 2957 494 humanis
2986 431 3478 503 adiuventionibus

1898 528 1950 580 in
1998 529 2209 598 piscina
2258 530 2470 583 coactis
2515 529 2678 599 aquis
2748 531 3013 599 irrigari:
3051 532 3186 586 illud
3222 550 3479 605 .nau-que

1896 620 2175 674 caelestem
2200 634 2532 684 sermonem,
2564 622 2666 673 hoc
2694 635 2823 674 vero
2852 622 3145 675 humanam
3167 625 3476 685 dor-trinam

1897 710 2188 780 signiﬁcat.
2239 711 2445 766 Deinde
2478 710 2609 779 quia
2644 712 2866 776 malum,
2920 713 3319 785 circumdatam
3354 695 3483 774 cor..-

1899 800 2006 853 tice
2047 800 2369 854 custodiens
2420 800 2609 855 odoris
2644 802 2993 865 suavitatem,
3032 803 3347 859 illamioris
3378 807 3482 859 dif-
3513 824 3517 829 ·

1899 889 2077 942 fundit
2117 907 2132 943 :
2171 892 2251 945 sic
2303 892 2468 945 etiam
2519 892 2777 945 divinitas
2837 902 3070 962 corpore
3141 895 3479 961 abdebatur,

1901 979 2037 1034 foris
2071 990 2252 1036 tamen
2283 983 2448 1037 etiam
2485 984 2540 1037 in
2576 999 2745 1038 carne
2779 994 3132 1054 apparentem
3165 1001 3320 1040 suam
3351 1004 3483 1057 ριοο

1901 1071 2065 1126 debat
2095 1072 2486 1128 eﬂicacitatem.
2541 1072 2746 1128 Umbra
2808 1090 2971 1144 porro
3030 1078 3084 1130 in
3140 1094 3244 1147 qua
3291 1079 3482 1132 sudem

1904 1160 2116 1230 Sponsa
2163 1163 2493 1218 desideravit
2528 1166 2673 1235 (cum
2703 1173 2760 1217 ut
2784 1166 3078 1234 plurimum
3107 1182 3170 1222 ex
3206 1166 3351 1222 foliis
3384 1186 3481 1237 po-

1905 1257 2014 1308 tius
2074 1270 2236 1325 quam
2298 1256 2519 1310 aliunde
2548 1255 2738 1310 umbra
2791 1255 2905 1311 ﬁeri
2945 1266 3109 1323 amet,
3174 1261 3302 1312 dum
3352 1262 3483 1313 viri-

1903 1346 2153 1399 dantium
2191 1347 2361 1402 densa
2395 1346 2791 1417 conjunctione
2837 1348 3091 1403 foliorum
3132 1351 3364 1403 solarem
3395 1366 3484 1403 ra-

1905 1437 2053 1489 dium
2087 1437 2266 1508 arcet)
2294 1478 2310 1498 .
2342 1448 2472 1492 sunt
2492 1453 2555 1493 ea
2578 1454 2701 1509 quas
2732 1437 3049 1494 Dominicus
3084 1440 3246 1493 homo
3285 1456 3485 1494 seruu-

1905 1524 2032 1576 dum
2087 1533 2333 1578 naturam
2384 1525 2680 1581 humanam
2732 1525 3067 1595 perﬁciebat,
3099 1526 3396 1582 comedens
3430 1536 3487 1582 et

1909 1609 2102 1665 bibens
2139 1618 2194 1665 et
2250 1626 2588 1681 quacunque
2639 1620 2800 1666 erant
2846 1627 3011 1693 opera
3064 1624 3318 1680 natura},
3354 1614 3485 1684 quia

224 1706 296 1780 ἦν
320 1708 494 1778 ἔργαο
534 1704 725 1773 ἐπειδὴ
776 1704 915 1774 μετά
967 1718 1112 1765 τινος
1168 1700 1436 1769 ὠφελείας
1485 1699 1659 1751 ἐποίει
1708 1698 1805 1750 καὶ

1911 1695 2027 1748 cuni
2061 1698 2242 1766 aliqua
2278 1698 2515 1753 utilitate
2565 1699 2731 1752 etiam
2780 1698 2897 1753 haec
2939 1699 3130 1755 obibat
3171 1701 3388 1755 modum
3426 1701 3485 1755 iu

225 1797 403 1852 ταῦτα
439 1796 658 1866 μέτρον,
757 1801 818 1853 οὐ
891 1793 991 1863 τῆς
1007 1790 1241 1861 ὀρέξεως
1264 1791 1325 1842 τὸ
1341 1788 1643 1857 ἄπληστον,
1667 1787 1807 1841 ἀλλὰ

227 1890 329 1960 τῆς
355 1888 542 1959 χρείας
577 1885 864 1955 γινώσκων
892 1884 952 1936 τὸ
982 1881 1257 1950 αὔταρκες
1282 1897 1298 1912 ο
1339 1880 1551 1952 καρπὸς
1579 1880 1686 1948 γὰρ
1708 1877 1805 1931 τοῦ

231 1978 409 2048 μήλου
453 1979 510 2029 αί
537 1978 660 2030 κατ’
688 1975 889 2045 ἀρετὴν
924 1973 1177 2042 πράξεις,
1209 1970 1271 2034 ὃς
1296 1972 1391 2023 καὶ⁵
1416 1970 1624 2039 γλυκὺς
1642 1969 1804 2037 γεγέ-

228 2085 390 2138 νηται
409 2069 467 2119 ἐν
492 2066 572 2136 τῷ
596 2065 833 2137 λάρυγγι
863 2064 1034 2132 αὐτῆς
1054 2079 1069 2095 ο
1102 2064 1202 2131 τὴν
1253 2061 1355 2131 τῆς
1378 2060 1559 2131 ψυχῆς
1609 2059 1803 2130 αἴσθη-

228 2175 318 2212 σιν
348 2159 625 2228 εὐφράνας
650 2160 716 2226 τῇ
745 2157 957 2227 χρηστῇ
989 2153 1242 2223 ποιότητι
1275 2154 1373 2216 τῆς
1400 2150 1666 2220 γεύσεως·
1691 2150 1804 2221 ἔχει

225 2249 284 2301 δὲ
318 2249 454 2317 πρὸς
483 2250 548 2317 τῇ
571 2245 735 2317 nam?)
764 2245 940 2317 ταύτῃ
974 2244 1200 2314 θεωρίᾳ,
1233 2243 1330 2296 καὶ
1378 2240 1725 2310 δογματικὴν
1745 2240 1807 2293 τὸ

230 2341 422 2408 ῥητόν.
471 2339 533 2391 El
560 2338 668 2406 γὰρ
723 2337 879 2389 σκιὰν
934 2335 1047 2404 ἔχει
1076 2337 1107 2386 ὁ
1145 2333 1306 2403 νόμος
1349 2332 1456 2384 τῶν
1507 2330 1805 2399 μελλόντων

228 2427 476 2494 ἀγαθῶν,
509 2428 603 2480 καὶ
630 2425 747 2477 ἐστι
766 2424 887 2475 τινὰ
917 2424 1026 2475 τῶν
1056 2421 1359 2491 μελλόντων
1378 2437 1394 2452 ⁸
1428 2420 1491 2474 τὸ
1537 2419 1595 2471 δέ
1647 2418 1805 2487 σῶμα

231 2515 492 2587 Χριστοῦ,
514 2515 608 2584 ἀφ’
635 2509 695 2568 οὗ
723 2514 812 2566 καὶ
832 2515 866 2583 ἠ
900 2512 1029 2565 σκιὰ
1054 2510 1488 2581 παρυφίσταται,
1514 2511 1574 2561 ἐν
1588 2510 1657 2579 τῇ
1676 2510 1805 2579 σκιᾷ

229 2608 326 2661 τοῦ
352 2608 542 2672 νόμου.
564 2605 762 2668 Καλῶς
784 2604 1035 2657 ἐκάθισεν
1056 2605 1090 2673 ἠ
1118 2602 1325 2672 Νύμφη
1343 2618 1358 2632 ·
1402 2603 1501 2654 οὐκ
1525 2601 1690 2654 αὑτὸν
1712 2603 1805 2653 τὸν

229 2698 393 2766 νόμον
427 2695 658 2749 ποιοῦσα
686 2693 1011 2768 σωματικῶς
1035 2733 1050 2758 ,
1071 2694 1208 2751 ἀλλὰ
1228 2694 1295 2746 τὰ
1314 2691 1376 2757 ἐξ
1418 2692 1584 2745 αὐτοῦ
1609 2708 1806 2761 σημιαι⁸

228 2788 461 2858 νόμενα·
494 2786 740 2856 ἀργοῦσα
769 2785 867 2854 μὲν
895 2785 1003 2837 τῶν
1024 2777 1272 2837 τυπικῶν
1297 2784 1802 2851 παραγγελμάτωνυ

230 2876 431 2946 ἀργίαν
467 2875 576 2943 γὰρ
606 2877 639 2944 ἠ
674 2874 892 2936 κάθισις
916 2873 1193 2943 σημαίνει,
1224 2871 1317 2925 τοῦ
1349 2872 1566 2940 καρποῦ
1592 2871 1649 2924 δὲ
1670 2873 1805 2924 ἁπο-

231 2969 473 3023 λαύουσα
519 2967 793 3028 πλουσίως
852 2968 948 3019 καὶ
993 2965 1169 3030 τούτῳ
1221 2965 1656 3034 ἐνευωχουμένη,
1710 2963 1806 3016 καὶ

1910 1785 1977 1840 iis
2000 1800 2109 1838 non
2142 1787 2462 1856 cupiditatis
2499 1788 2987 1843 immoderantiam
3012 1789 3106 1844 sed
3139 1792 3488 1848 necessitatis

1908 1875 2287 1932 sullieientiam
2314 1879 2519 1933 sciens.
2542 1877 2779 1933 Fructus
2808 1880 2954 1934 enim
2991 1880 3115 1934 mali
3149 1892 3274 1936 sunt
3320 1897 3484 1952 opera

1906 1969 2168 2022 virtutum
2192 1969 2285 2038 qui
2316 1975 2372 2024 et
2397 1969 2576 2024 dulcis
2612 1969 2791 2026 factus
2817 1981 2899 2027 est
2932 1971 2988 2025 in
3022 1981 3242 2039 gutture
3274 1973 3484 2041 ipsius;

1906 2056 2109 2124 optima
2136 2057 2404 2125 qualitate
2425 2065 2620 2128 gustus
2650 2058 2934 2113 oblectans
2959 2076 2971 2112 :
2999 2067 3194 2129 praeter
3220 2061 3483 2115 moralem

1907 2153 2087 2199 autem
2147 2145 2290 2200 banc
2333 2149 2850 2217 contemplationem
2896 2150 3060 2203 etiam
3109 2148 3482 2219 dogmaticam

1906 2239 2212 2293 doctrinam
2250 2240 2338 2295 bic
2373 2250 2566 2296 textus
2595 2243 2844 2296 continet
2868 2280 2884 2304 .
2923 2242 3194 2312 siquidem
3233 2244 3483 2298 umbram

1907 2331 2067 2386 liabet
2113 2332 2197 2387 lex
2233 2331 2546 2388 futurorum
2600 2335 2870 2388 bonorum
2905 2336 2973 2398 ”,
2997 2345 3051 2389 et
3079 2345 3203 2389 sunt
3234 2336 3481 2407 quaedam

1907 2419 2099 2473 umbra
2149 2419 2496 2485 futurorum,
2548 2434 2749 2490 corpus
2799 2436 2926 2475 vero
2974 2421 3180 2477 Christi
3211 2437 3240 2476 a
3269 2439 3380 2492 quo
3429 2431 3485 2478 et

1908 2512 2101 2565 umbra
2129 2510 2343 2566 exsistit
2370 2512 2422 2564 in
2449 2511 2637 2565 umbra
2659 2513 2812 2583 legis.
2831 2511 3068 2566 Pulchre
3098 2514 3241 2568 sedit
3271 2512 3482 2581 Sponsa

1908 2615 2016 2653 non
2057 2600 2227 2668 ipsam
2278 2601 2446 2671 legem
2496 2602 2713 2655 faciens
2734 2603 3116 2670 corporaliter.
3152 2604 3244 2657 sed
3277 2618 3397 2670 qua:
3429 2606 3483 2655 in

1905 2706 1966 2744 ea
1998 2689 2379 2759 signiﬁcantur
2401 2711 2415 2758 ;
2439 2706 2643 2747 vacans
2666 2692 2886 2761 quidem
2917 2693 3117 2762 typicis
3151 2693 3347 2746 edictis
3368 2699 3485 2760 (va-

1906 2783 2174 2838 cationem
2199 2782 2343 2836 enim
2364 2783 2536 2836 sessio
2564 2782 2859 2853 designat),
2893 2782 2987 2836 sed
3023 2781 3293 2836 fructibus
3320 2782 3481 2836 abun-

1906 2874 2103 2927 danter
2126 2872 2315 2926 fruens
2345 2873 2533 2939 eisque
2562 2886 2621 2925 se
2642 2886 2925 2934 recreans,
2955 2879 3071 2924 tum
3102 2871 3333 2937 olfactu,
3366 2881 3482 2928 tum

1906 2973 2092 3033 gustu,
2130 2979 2256 3019 cum
2289 2963 2653 3019 delectatione
2684 2971 2848 3032 atque
2886 2963 3180 3030 fruitione;
3227 2967 3352 3034 quia
3376 2966 3483 3020 cibi

229 3061 521 3133 όσφρήσει,
568 3059 664 3112 καὶ
715 3057 922 3125 γεύσει,
977 3058 1072 3110 καὶ
1096 3055 1287 3127 τέρψει
1339 3056 1434 3108 καὶ
1486 3054 1803 3108 ἀπολαύσει·

1911 3057 2126 3126 quidem
2173 3063 2388 3126 gustus.
2439 3054 2822 3109 delectationis
2871 3067 3009 3123 vero
3053 3052 3480 3109 instrumentum

234 3152 426 3223 ἐπειδὴ
458 3152 672 3221 τροφῆς
698 3151 798 3221 μὲν
832 3151 865 3219 ἡ
898 3148 1087 3217 γεῦσις
1120 3147 1372 3218 ὄργανον,
1398 3146 1640 3216 τέρψεως
1661 3147 1694 3216 ἡ
1718 3146 1812 3198 δσ-

232 3259 458 3312 φρησις.

317 3331 760 3402 Ὠριτένους.-
783 3332 1033 3401 Ἔπρεπε
1066 3334 1132 3402 τῇ
1156 3331 1381 3403 Νύμφῃ,
1416 3348 1471 3386 κ.
1502 3350 1552 3385 τ.
1590 3332 1639 3388 λ.
1672 3331 1807 3402 (28).

307 3424 598 3487 Φίλωνος.
629 3451 696 3462 --
731 3423 938 3488 Ἥγουν
992 3422 1123 3476 υἱῶν
1166 3423 1275 3475 τῶν
1308 3422 1575 3476 Ἰουδαίων
1622 3424 1808 3493 φησιν,

233 3516 378 3570 κατὰ
400 3517 461 3568 τὸ
484 3516 676 3577 «Υἱοὺς
699 3515 1018 3584 ἐγέννησα,›
1043 3512 1138 3577 οὒς
1160 3513 1234 3577 ὡς
1255 3514 1540 3584 ἀκάρπους
1565 3517 1656 3567 καὶ
1679 3513 1811 3578 ξύλα

233 3606 446 3676 δρυμοῦ
504 3608 968 3676 προσωνόμασεν⁹
1004 3598 1080 3658 ὧν
1114 3606 1174 3657 ἐν
1220 3604 1373 3674 μέσῳ
1423 3606 1565 3657 κατὰ
1625 3605 1806 3674 σάρκα

235 3697 470 3768 Χριστὸς
496 3737 513 3761 ,
550 3699 644 3749 ᾶτε
698 3693 1056 3765 μετασχηκὼς
1083 3696 1315 3764 αἵματος
1344 3696 1440 3748 καὶ
1471 3694 1696 3764 σαρκὸς,
1736 3688 1810 3748 ὧν

233 3789 300 3841 τὺ
317 3788 483 3859 μῆλον
505 3786 669 3840 εἰκὼν
695 3786 753 3837 ἐν
786 3786 964 3852 ἐαυτῷ
998 3785 1164 3855 φέρον
1183 3785 1245 3838 τὸ
1271 3782 1500 3853 ἐρυθρὸν
1543 3785 1636 3835 καὶ
1686 3784 1812 3836 λευ-

236 3879 356 3943 κὸν,
387 3878 481 3931 καὶ
506 3878 603 3946 μὲν
634 3878 727 3929 καὶ
753 3876 1067 3940 εύωδιάζον.

324 4080 768 4147 ’Λπολιναρίου.
795 4108 866 4120 -—
906 4078 1039 4131 Τότε
1097 4077 1154 4130 δέ
1198 4076 1414 4148 ἀληθῶς
1463 4078 1813 4147 γλυκαίνεται

234 4172 308 4226 τὰ
328 4174 429 4241 τῆς
454 4171 631 4243 ψυχῆς
664 4186 767 4241 μου
802 4169 1160 4240 αἰσθητήρια,
1189 4171 1318 4224 ὅταν
1350 4172 1497 4240 ἡμᾶς
1541 4172 1676 4242 πρὸς
1722 4172 1814 4224 τὸν

234 4267 306 4318 ἐκ
324 4265 437 4318 τῶν
457 4262 778 4334 πειρασμῶν
803 4262 1044 4332 φλογμὸν
1067 4264 1101 4332 ἡ
1132 4260 1228 4317 τοῦ
1256 4262 1428 4331 μήλου
1462 4264 1590 4316 σκιὰ
1612 4263 1830 4316 διατειω

1908 3157 1992 3202 est
2013 3149 2297 3201 odoratus.
2337 3183 2341 3187 ι

1984 3332 2246 3402 Origenis.
2279 3362 2347 3373 --
2386 3333 2621 3389 Docebat
2651 3333 2945 3403 Sponsam,
2979 3341 3086 3387 etc.

1980 3422 2316 3477 Philonis.——
2338 3421 2433 3478 Vel
2467 3439 2562 3493 per
2603 3424 2745 3479 filios
2773 3423 2991 3478 Judaeos
3027 3423 3305 3494 intelligit,
3329 3423 3485 3493 juxta

1911 3514 2042 3569 illud
2081 3532 2094 3568 :
2137 3534 2155 3564 ι
2180 3514 2348 3570 Filios
2377 3515 2538 3584 genui
2573 3515 2660 3582 ";
2692 3532 2712 3565 ι
2747 3518 2887 3584 quos
2916 3514 3079 3568 etiam
3113 3509 3372 3583 tanqtfam
3407 3513 3490 3566 in-

1912 3605 2206 3676 frugil‘eros
2237 3608 2376 3677 ligna
2424 3607 2576 3662 silva:
2605 3607 2920 3676 appellavit.
2948 3618 3182 3675 quorum
3225 3607 3277 3659 in
3309 3605 3491 3659 medio

1913 3698 2212 3751 secundum
2251 3712 2471 3752 carnem
2506 3696 2781 3759 Christus,
2814 3707 3003 3765 utpOte
3054 3696 3327 3765 particeps
3358 3710 3490 3749 san-

1878 3788 2095 3856 -guinis
2127 3797 2181 3843 et
2210 3792 2414 3851 carnis,
2453 3804 2682 3858 quorum
2734 3788 2915 3858 imago
2961 3794 3047 3840 est
3097 3785 3300 3839 malum
3346 3786 3400 3839 in
3433 3802 3491 3839 se

1913 3879 2172 3935 ruborem
2207 3890 2261 3934 et
2293 3883 2585 3935 candorem
2626 3880 2826 3941 ferens,
2862 3893 2960 3932 nec
2992 3893 3101 3931 non
3144 3876 3333 3931 odoris
3365 3892 3492 3931 sua-

1915 3974 2158 4026 vitatem.

1979 4079 2326 4150 'Apallinarii.
2372 4111 2441 4122 --
2474 4080 2627 4136 Tunc
2675 4087 2859 4134 autem
2904 4093 3035 4134 vero
3077 4077 3271 4132 dulces
3318 4077 3493 4133 reddit

1916 4172 2080 4225 animi
2145 4186 2380 4235 sensus,
2440 4171 2659 4241 quando
2716 4185 2816 4224 nos
2886 4175 3078 4223 contra
3136 4168 3495 4223 tentationum

1915 4271 2106 4317 aestum
2131 4261 2372 4318 defendit
2393 4279 2459 4318 ne
2480 4279 2507 4315 a
2534 4263 2625 4317 tali
2648 4263 2763 4319 sole
2785 4262 3099 4316 aduramur.
3119 4259 3289 4313 Aliter
3310 4268 3491 4315 autem

234 4354 389 4425 χὶσῃ,
414 4354 491 4416 ὡς
513 4353 588 4425 μὴ
606 4352 710 4405 ὑπὸ
762 4351 859 4405 τοῦ
902 4351 1145 4405 τοιούτου
1196 4350 1349 4421 ἡλίου
1407 4353 1805 4419 συγκαίεσθαι·

1917 4366 2025 4406 non
2064 4366 2357 4421 possumus
2408 4354 2512 4407 sub
2540 4355 2733 4409 umbra
2790 4351 2921 4422 ligni
2977 4352 3103 4404 vitae
3150 4348 3487 4418 refrigerari,

234 4445 343 4499 ούκ
385 4445 502 4497 ἐστι
524 4444 582 4496 δέ
605 4442 782 4506 ἄλλως
810 4443 885 4505 ὡς
907 4442 1012 4495 ὑπὸ
1042 4443 1142 4512 τὴν
1173 4441 1333 4494 σκιὰν
1375 4441 1471 4494 τοῦ
1504 4443 1666 4508 ξύλου
1711 4444 1812 4512 τῆς

237 4535 388 4604 ζωῆς
438 4533 707 4603 ἀναψῦξαι
740 4548 756 4565 ⁹
788 4533 863 4604 μὴ
885 4534 981 4600 τῆς
1011 4533 1315 4601 ἐπιθυμίας
1347 4533 1483 4602 πρὸς
1529 4533 1687 4585 τοῦτο
1714 4536 1812 4603 τὴν

234 4625 420 4696 ψυχὴν
436 4626 636 4694 ἁναγού
644 4642 764 4696 σης.

308 4735 376 4794 δ’.
402 4737 767 4808 Εισαγὰγετέ
790 4755 868 4808 με
896 4740 982 4803 εὶς
1009 4735 1177 4792 οἷκον
1203 4739 1307 4793 τοῦ
1340 4739 1528 4793 οἴνου.

324 4850 678 4919 Ὠριγένους.
707 4880 774 4890 --
803 4849 846 4903 Τ
853 4849 1005 4903 αῦτα.
1025 4852 1185 4919 πρὸς,
1216 4868 1272 4904 κ.
1295 4869 1344 4902 τ.
1379 4849 1431 4903 λ.
1467 4850 1598 4919 (29).

311 4941 667 5010 Γρητυρίου.
698 4970 771 4980 -—-
798 4941 869 4992 Ἦ
899 4940 1015 5004 πῶς
1064 4942 1253 5011 τρέχει
1276 4940 1366 4993 τὸν
1400 4939 1563 4993 καλὸν
1611 4940 1811 5009 δρόμον

236 5034 336 5086 καὶ
398 5032 540 5084 θεῖον
565 5034 599 5101 ἡ
624 5032 803 5095 καλῶς
830 5036 896 5111 τῇ
928 5033 1082 5102 ἵππῳ
1130 5032 1563 5102 παρεικασοείσα
1624 5032 1809 5102 dum;

234 5124 354 5185 τοίς
389 5124 495 5193 γὰρ
522 5122 834 5193 ἔμπροσθεν
862 5124 1315 5193 ἐπεκτεινομένη,
1338 5124 1437 5175 οὐκ
1466 5125 1714 5193 ἀρκεῖται
1734 5125 1813 5192 τῷ

235 5213 337 5283 τῆς
368 5212 568 5280 ’σοφίας
604 5212 843 5284 κρατῆρι
863 5231 876 5245 ·
908 5214 1026 5266 ἀλλ’
1052 5216 1132 5276 εἰς
1160 5215 1333 5280 αὐτὴν
1384 5214 1481 5284 τὴν
1514 5208 1673 5283 ληνὸν
1716 5218 1810 5268 τοῦ

311 5375 359 5404 ³⁸
388 5373 574 5431 Eccle.
603 5393 663 5441 ιι,
686 5376 738 5428 6.
812 5375 1026 5440 ",Psal.
1058 5374 1163 5441 t,3.
1237 5376 1282 5405 ’°
1304 5374 1406 5427 lsa.
1439 5391 1476 5437 ι,
1510 5376 1567 5430 9.

1921 4443 2024 4497 nisi
2061 4443 2390 4498 desiderium
2417 4458 2483 4498 eo
2509 4445 2751 4498 animum
2785 4443 3094 4497 adduxerit.

1992 4743 2160 4799 Vens.
2191 4745 2246 4799 4.
2279 4744 2609 4799 Introducite
2642 4761 2722 4799 me
2749 4744 2803 4797 in
2837 4744 3049 4799 domum
3079 4747 3205 4800 vini.

1992 4853 2256 4924 Origenis.
2293 4885 2363 4895 —
2392 4854 2518 4935 llaec
2552 4854 2642 4935 ad.
2676 4865 2782 4908 etc.
3380 4930 3383 4933 _

1994 4945 2320 5016 Gregorii.0
2339 4932 2626 5016 quomodo
2653 4947 2718 5000 ad
2757 4948 3003 5001 divinum
3045 4964 3267 5003 cursum
3303 4932 3495 5020 prepe-

1921 5045 2003 5088 rat
2028 5036 2206 5088 anima
2232 5050 2353 5104 quae
2379 5043 2523 5089 recte
2544 5037 2694 5105 prius
2715 5052 2868 5106 equa:
2889 5038 3192 5103 assimilata
3213 5047 3296 5093 est
3315 5038 3338 5092 ?
3358 5037 3492 5093 Nam

1920 5129 1986 5179 ad
2019 5112 2297 5182 anteriora
2326 5143 2385 5182 se
2411 5129 2712 5189 extendens
2740 5146 2847 5184 non
2883 5141 2966 5185 est.
2994 5139 3249 5185 contenta
3284 5139 3497 5186 cratere

1921 5219 2220 5288 sapientiae,
2263 5219 2356 5272 sed
2401 5220 2455 5273 in
2512 5222 2747 5289 ipsumet
2807 5224 3070 5276 torculari
3109 5222 3221 5275 vini
3273 5221 3490 5293 mystici

1762 5490 1995 5547 ΝΟΤᾸΕ.

309 5613 423 5682 (είς)
452 5612 655 5669 Patral.
697 5621 737 5665 t.
773 5609 935 5669 XVII.
960 5614 1060 5665 col.
1087 5613 1215 5666 261.

1991 5610 2101 5679 ('29)
2141 5610 2405 5666 1³αινυί.ι.
2449 5611 2612 5677 XVII,
2646 5615 2753 5669 col.
2789 5613 2913 5672 261.
