3950 6294
472 237 608 310 1583

1757 255 2108 320 PBOCOPII
2135 253 2376 317 GAZzEl

3574 257 3711 324 1584

463 357 670 414 versari
699 355 996 425 desiderat,
1017 367 1073 416 et
1102 359 1158 416 in
1189 360 1296 418 vite
1327 361 1435 433 illa}
1462 377 1583 436 qua:
1629 365 1796 422 talem
1831 368 2026 422 botruu

2153 363 2420 434 μυστικοῦ
2473 365 2613 418 οῐνου
2667 363 2918 432 γενέσθαι
2969 356 3162 417 ποθεῐο
3203 365 3295 419 καὶ
3333 366 3432 436 τὴν
3469 367 3712 438 ἄμπελον

465 447 586 501 alit.
1714 491 1720 496 -

405 569 421 581 ρ
533 535 726 592 Merito
771 534 980 606 expetit
1010 532 1224 606 Sponsa
1263 536 1524 610 deinceps
1555 541 1831 598 introduci
1862 543 1916 598 in
1943 543 2044 598 do-

460 643 613 682 mum
662 626 774 681 vini
808 644 822 681 :
852 641 976 680 cum
1010 628 1156 681 enim
1193 628 1246 681 in
1281 644 1444 684 cruce
1478 631 1639 686 botro
1669 615 1945 702 suspenso
1984 642 2040 688 et

463 719 533 775 ab
607 717 866 772 omnibus
921 718 1206 772 exinanito
1264 718 1443 790 (quod
1482 723 1664 779 adhuc
1726 722 2038 793 vernaret),

461 825 572 864 non
591 808 846 863 omnibus
869 819 1157 878 appareret
1173 809 1284 862 vini
1318 827 1476 878 usus;
1500 811 1613 868 haec
1643 816 1758 868 sola
1784 827 2042 884 posuua-

461 900 834 956 nifestandum
895 909 1026 956 ante
1073 902 1306 956 credidit
1345 903 1580 960 ﬁrmiter
1627 906 1815 960 animo
1869 907 2038 961 istius

461 991 640 1059 modi;
671 992 996 1062 praecipiens
1029 993 1435 1061 cogitationem,
1468 995 1624 1064 quasi
1661 1006 1793 1052 ante
1825 991 2036 1065 tempus

459 1085 568 1138 vini
599 1123 614 1148 ,
647 1085 836 1138 vinum
864 1083 918 1137 in
959 1092 1224 1138 vernante
1258 1100 1363 1138 uva
1394 1087 1818 1157 contemplando
1842 1126 1858 1150 ,
1895 1099 1951 1141 et
1979 1088 2033 1140 in

453 1190 625 1230 cruce
676 1175 917 1230 versanti
947 1175 1326 1230 testimonium
1356 1176 1592 1248 desuper
1622 1177 1930 1232 adhibendo
1951 1176 2033 1231 di-

459 1267 726 1337 vinitatis,
751 1273 806 1320 et
827 1265 954 1320 dum
979 1265 1355 1330 tribularetur,
1383 1267 1620 1322 futuram
1643 1269 1762 1340 ejus
1789 1270 1847 1324 in
1867 1283 2034 1325 cruce

454 1356 744 1425 pendentis
763 1370 879 1409 uva:
893 1354 1369 1424 praedicationem,
1395 1358 1552 1426 quasi
1577 1357 1689 1428 jam
1719 1359 2031 1429 promulga-

455 1457 564 1500 tam
593 1445 825 1500 ﬁrmiter
851 1456 1063 1510 tenens,
1090 1446 1337 1516 illudque
1371 1447 1474 1517 ipsi
1505 1457 1633 1504 ante
1654 1464 1837 1504 rerum
1867 1465 2028 1504 even-

453 1545 569 1589 tum
599 1577 614 1601 ,
645 1535 795 1606 quod
829 1537 954 1592 aliis
987 1545 1113 1607 post
1145 1545 1401 1592 eventum
1435 1539 1742 1595 accidebat.
1779 1540 1896 1596 Hoc
1927 1541 2027 1612 igi-

454 1639 540 1680 tur
567 1625 830 1680 eximium
864 1627 1024 1682 istius
1057 1628 1202 1682 modi
1237 1628 1434 1696 judicii
1469 1630 1753 1699 praemium
1785 1632 2024 1701 postulat

455 1721 509 1770 in
543 1717 768 1771 domum
821 1717 930 1772 viui
983 1720 1292 1788 ingressum
1327 1737 1340 1774 :
1371 1721 1417 1774 si
1467 1732 1652 1776 autem
1701 1723 1886 1778 vinum
1940 1732 2026 1779 est

453 1803 691 1858 Verbum
753 1806 936 1875 utique
977 1804 1175 1861 domus
1207 1808 1321 1861 vini
1343 1807 1504 1864 Pater
1532 1809 1623 1873 sit,
1649 1810 1704 1864 in
1736 1811 1858 1881 ipso
1882 1813 2028 1867 enim

451 1895 724 1964 reperitur
747 1893 1003 1951 Verbum.
1033 1895 1325 1967 Postquam
1351 1914 1482 1968 ergo
1509 1900 1562 1954 in
1594 1901 1690 1955 tali
1720 1901 1882 1956 domo
1905 1917 2026 1955 ver-

449 1987 693 2048 sabatur,
737 1994 888 2040 recte
914 1986 1078 2040 etiam
1110 1989 1360 2043 ordinari
1404 1990 1458 2042 iu
1487 2004 1549 2045 se
1571 1992 1812 2060 postulat
1843 1991 2026 2045 cluui-

449 2085 650 2144 tatcm,
699 2084 759 2130 tit
798 2092 922 2146 quae
959 2093 1054 2146 per
1092 2079 1253 2133 talem
1277 2079 1618 2147 instantiam,
1654 2080 1766 2150 jam
1817 2083 2022 2150 pridem

445 2171 682 2223 evaserit
715 2168 880 2240 digna
923 2169 1235 2233 dilectione,
1269 2186 1378 2240 qua
1419 2171 1661 2226 Charitas
1693 2172 1750 2226 in
1789 2171 1906 2242 ipsa
1937 2186 2026 2224 0r-

445 2263 754 2328 tlinaretur,
775 2277 883 2318 non
909 2262 1144 2332 amplius
1167 2270 1228 2318 ut
1254 2261 1458 2317 accidit
1483 2263 1630 2317 illam
1659 2263 2024 2332 diligentium,

448 2352 550 2407 sed
581 2359 641 2407 ut
675 2354 746 2408 sit
773 2353 917 2408 inter
941 2353 1228 2408 ordinatos
1253 2361 1308 2408 et
1333 2353 1556 2421 electos,
1575 2368 1639 2408 ex
1666 2352 1851 2408 debito
1869 2351 2024 2406 deiu-

445 2459 573 2514 ceps
619 2445 954 2500 dilectarum
1007 2457 1240 2500 numero
1291 2443 1568 2503 exsistens
1617 2454 1670 2498 et
1709 2444 1888 2499 locum
1922 2443 2023 2497 ob-

457 2537 655 2589 tinens.

509 2721 848 2792 Apollinan'i.
881 2751 954 2766 --
1003 2720 1182 2778 Etiam
1210 2723 1399 2778 vinum
1449 2721 1518 2779 ad
1560 2721 1800 2778 laetitiam
1839 2720 2020 2776 cordis

441 2812 588 2879 iuxta
660 2807 1006 2866 Psalmistam
1043 2808 1271 2876 dicitur,
1327 2817 1384 2865 et
1423 2810 1610 2864 vinum
1648 2809 1786 2864 bene
1843 2809 2018 2871 olens,

441 2906 592 2974 iuxta
625 2900 971 2958 Zachariam.

505 2991 774 3062 Congruit
829 3007 1010 3050 autem
1083 3000 1364 3047 extranea
1431 2992 1660 3063 Sponsae
1707 2993 1840 3049 illud
1873 3010 1886 3046 :
1919 2991 2088 3066 Inoa

439 3087 700 3140 traducite
743 3101 824 3140 me
853 3086 911 3140 in
951 3084 1168 3138 domum
1205 3085 1337 3150 nini,
1371 3085 1642 3157 siquidem
1702 3089 1856 3157 prius
1905 3103 2011 3141 non

437 3188 555 3232 erat
616 3177 672 3231 in
732 3176 893 3232 vinea
928 3191 944 3229 :
977 3191 1104 3230 nam
1135 3183 1280 3252 ‘post
1323 3191 1420 3232 eos
1457 3176 1552 3248 qui
1589 3177 1738 3232 circa
1799 3179 2014 3233 tertiam

436 3276 490 3319 et
533 3273 747 3320 sextam
799 3273 856 3319 et
895 3279 1097 3320 nonam
1145 3264 1336 3318 boram
1373 3267 1548 3320 vocati
1591 3275 1740 3329 sunt,
1773 3265 1877 3320 sub
1911 3282 2012 3320 uu-

435 3357 704 3413 decimam
729 3357 843 3410 haec
879 3361 1129 3421 vocatur,
1159 3362 1448 3425 postquam
1480 3355 1792 3412 audiverat:
1825 3375 1843 3408 ι
1873 3356 2012 3422 Quid

439 3447 538 3510 hic~
575 3444 734 3500 statis
781 3450 894 3497 tota
951 3440 1039 3497 die
1093 3441 1391 3512 otiosi?.lte
1427 3453 1481 3498 et
1534 3458 1631 3500 vos
1697 3445 1750 3498 in
1798 3444 2010 3498 vineam

435 3550 612 3589 meam
640 3533 710 3590 "’.
747 3551 767 3586 ι
800 3533 990 3588 Otiosa
1041 3549 1281 3604 namque
1327 3545 1447 3590 erat
1485 3535 1613 3606 quia
1653 3535 1756 3590 sibi
1793 3537 2011 3608 propria

435 3642 545 3680 non
593 3625 943 3695 operabatur,
991 3623 1088 3680 sed
1117 3640 1242 3680 cum
1291 3624 1498 3680 alienas
1527 3625 1721 3680 vineas
1763 3625 2010 3680 custodi-

437 3725 540 3776 ret,
569 3709 734 3768 etiam
779 3713 1019 3784 primum
1053 3714 1258 3784 accipit
1285 3715 1566 3783 praemium
1597 3713 2009 3778 charitatis,si-

435 3821 602 3876 gnum
661 3807 893 3876 regium,
926 3804 1128 3860 donum
1190 3805 1476 3874 spiritale:
1511 3805 1656 3871 unde
1703 3813 1758 3859 et
1787 3803 2006 3870 Aquila,

437 3896 717 3951 Ordinavit
753 3895 809 3947 in
848 3909 929 3947 me
957 3894 1289 3960 charitatem,
1322 3893 1735 3950 ait.Cbaritatis
1756 3893 1902 3946 enim
1923 3903 2012 3948 est

435 3989 569 4045 illud
605 4005 619 4043 :
665 4005 685 4040 ι
718 3986 992 4042 Volobuic
1019 3989 1320 4043 novissimo
1346 3989 1479 4043 dare
1512 3989 1656 4042 sicut
1676 3995 1731 4040 et
1761 3985 1859 4040 tibi
1884 3987 1948 4039 ⁸⁸.
1986 4005 2005 4038 ι

506 4079 766 4134 Urdinate
793 4079 852 4132 in
883 4093 962 4130 me
982 4079 1322 4132 charitatem.

505 4170 838 4242 Gregorii.—
859 4166 920 4232 lu
955 4167 1269 4224 desiderato
1293 4169 1402 4238 iam
1434 4167 1722 4230 exsistens,
1746 4167 1813 4220 ad
1838 4167 2013 4235 majus

2134 455 2360 526 ἐκείνην
2383 455 2483 524 τὴν
2505 454 2744 510 τοιοῦτον
2775 453 2968 525 βότρυν
2991 455 3354 527 ἐκτρέφουσα.

2211 547 2452 600 Νείλου.
2469 575 2540 587 —
2565 547 2679 618 (50)
2700 548 2941 610 Εἰκότως
2973 549 3246 620 ἀπαιτεῖὴ
3271 549 3476 621 Νύμφη
3498 553 3706 618 λοιπὸν,

2139 637 2202 689 τὸ
2231 637 2550 708 εἰσαχθῆναι
2599 638 2681 702 εἰς
2706 639 2798 692 τὸν
2829 635 2980 694 οἷκον
3018 639 3111 693 τοῦ
3141 641 3311 694 οῐνου.
3347 641 3566 714 Ἐπειδὴ
3597 644 3705 715 γὰρ

2139 730 2199 782 ἐν
2235 727 2313 798 τῷ
2341 727 2559 798 σταυρῷ
2593 728 2686 781 τὸν
2740 728 2936 799 βότρυν
2985 729 3358 801 κρεμάμενον,
3405 733 3500 786 καὶ
3555 735 3706 806 παρά

2141 819 2356 872 πάντων
2404 818 2818 890 ἐξουθενηθέντα
2869 819 2958 874 διά
3003 821 3064 876 τδ
3111 822 3190 874 ἐτι
3238 823 3595 894 κυπρίζοντα,
3629 828 3704 896 μὴ

2139 909 2305 961 πᾶσιν
2333 909 2638 978 ἐπιφαίνειν
2664 909 2762 978 τὴν
2785 910 2880 962 τοῦ
2909 911 3052 964 οἴνου
3083 911 3282 984 χρῆσιν
3307 914 3442 984 μόνη
3464 913 3526 966 τὸ
3545 913 3704 966 ὕστε-

2137 1014 2233 1068 ρον
2262 998 2788 1070 ἁποδειχθησόμενον
2825 1002 3254 1071 προεπίστευσεν
3279 1005 3335 1056 ἐν
3355 1005 3432 1075 τῷ
3461 1003 3705 1075 λογισμῷ

2133 1091 2234 1160 τὴν
2266 1091 2522 1162 τοιαύτην
2552 1093 3034 1164 προκαθιδρύσασα
3065 1094 3278 1149 εὔνοιαν
3299 1111 3315 1128 ο
3349 1095 3426 1159 ὡς
3457 1097 3564 1168 πρὸ
3583 1114 3706 1151 και-

2137 1181 2230 1252 ροῦ
2275 1181 2370 1236 τοῦ
2423 1183 2566 1236 οῐνου
2609 1185 2668 1236 ἐν
2697 1185 2762 1254 τῇ
2799 1181 3142 1258 κυπριζούσῃ
3199 1185 3442 1257 σταφυλῇ
3473 1187 3702 1258 θεωρεῖν

2131 1273 2192 1326 ἐν
2225 1273 2303 1344 τῷ
2353 1273 2574 1345 σταυρῷ
2628 1275 2741 1328 ὄντι
2785 1274 2920 1342 ἀνω,
2981 1276 3212 1346 θεότητα
3236 1282 3698 1349 προσμαρτυρεῖν,

2130 1364 2226 1417 καὶ
2257 1363 2320 1416 τὸ
2345 1365 2694 1418 ἐκθλίϐεσθαι
2743 1366 2939 1436 μέλλον
2995 1367 3096 1437 τῆς
3125 1371 3184 1420 ἐν
3217 1367 3295 1438 τῷ
3323 1367 3540 1440 σταυρῷ
3575 1385 3700 1421 στα-

2129 1456 2301 1526 φυλῆς
2326 1459 2606 1528 κήρυγμα,
2637 1449 2715 1520 ὧς
2737 1459 2838 1528 ήδη
2892 1457 3222 1528 λαλούμενον
3285 1456 3520 1528 βεϐαίως
3562 1475 3700 1512 κατ-

2127 1546 2328 1616 έχουσα
2351 1564 2364 1578 ·
2394 1549 2618 1602 κάκεῖνο
2663 1547 2914 1602 παθοῦσα
2962 1548 3070 1618 πρὸ
3097 1551 3198 1619 τῆς
3217 1548 3328 1604 τῶν
3351 1551 3698 1620 πραγμάτων

2129 1638 2424 1703 ἐκϐάσεως,
2458 1639 2593 1706 ὅπερ
2615 1639 2662 1690 oi
2693 1637 2878 1691 πολλοὶ
2908 1640 3046 1707 μετὰ
3070 1641 3170 1710 τὴν
3198 1639 3428 1694 ἔκϐασιν
3473 1639 3696 1693 ἔπαθονο

2128 1729 2264 1798 ὅπερ
2290 1728 2456 1797 γέρας
2515 1727 2796 1798 ἐξαίρετον
2847 1727 2947 1796 τῆς
2977 1729 3232 1796 τοιαύτης
3264 1729 3522 1797 κρίσεως,
3554 1730 3698 1781 αἰτεῖ

2125 1819 2226 1887 τὴν
2262 1820 2320 1871 ἐν
2349 1817 2427 1888 τῷ
2447 1817 2580 1888 οῐκῳ
2607 1819 2701 1870 τοῦ
2727 1819 2874 1872 οἴνου
2903 1819 3114 1872 εἴσοδον
3133 1837 3148 1852 ·
3182 1822 3232 1873 εί
3264 1820 3322 1874 δὲ
3361 1815 3525 1884 οἶνός,
3545 1823 3698 1874 ἐστιν

2124 1911 2154 1960 ό
2181 1907 2358 1976 λόγος,
2411 1905 2560 1970 οἷκος
2581 1907 2678 1962 τοῦ
2735 1909 2881 1962 οῐνου
2925 1913 3012 1979 ειη
3043 1908 3110 1962 ἂν
3137 1913 3166 1963 ὁ
3195 1911 3412 1980 Πατήρο
3439 1912 3496 1964 ἐν
3518 1911 3700 1981 τούτῳ

2123 1999 2230 2068 γάρ
2253 1999 2566 2070 εὑρίσκεται
2598 2002 2628 2052 ὁ
2669 2000 2876 2068 Λόγος,
2906 2001 3044 2070 μετὰ
3081 2001 3138 2054 δὲ
3171 2001 3233 2055 τὸ
3255 2001 3510 2069 γενέσθαι
3531 2004 3588 2056 ἐν
3612 2003 3693 2072 τῷ

2122 2085 2350 2156 τοιούτῳ
2368 2086 2502 2157 οἴκῳ
2533 2087 2730 2153 καλῶς,
2764 2088 2862 2142 καὶ
2901 2091 3139 2160 ταγῆναι
3187 2091 3284 2161 τὴν
3351 2092 3574 2162 ἀγάπην
3604 2094 3693 2144 ἐπ’

2123 2175 2263 2246 αὐτῇ
2294 2174 2562 2244 βούλεται,
2613 2175 2771 2241 ἀξίαν
2813 2176 3033 2248 ἀγάπης
3059 2177 3160 2247 ⁸ιἰδη
3188 2177 3275 2230 διὰ
3301 2177 3401 2247 τὴν
3435 2178 3691 2248 τοιαύτην

2123 2267 2372 2320 ἔνστασιν
2403 2269 2779 2338 γεγενημένην
2804 2286 2818 2300 ·
2850 2268 2994 2322 ὥστε
3041 2269 3282 2339 ταγῆναι
3315 2271 3402 2322 ἐπ’
3429 2271 3564 2338 αὐτῇ
3591 2271 3692 2339 τὴν

2119 2357 2362 2426 ἀγάπην,
2429 2359 2625 2427 μηκέτι
2647 2359 2724 2420 ὡς
2758 2359 2948 2428 ἔτυχεν
2979 2360 3149 2430 αὐτὴν
3174 2359 3539 2428 ἀγαπώντων,
3571 2361 3692 2414 ἀλλ’

2119 2450 2316 2510 ἐντοῖς
2362 2450 2717 2518 τεταγμένοις
2766 2451 2860 2504 καὶ
2924 2450 3255 2522 ὡρισμένοις
3307 2451 3418 2506 τῶν
3473 2451 3532 2515 ἐξ
3586 2451 3688 2520 ὀφ-

2121 2539 2272 2610 ειλῆς
2333 2539 2518 2594 λοιπὸν
2575 2541 2954 2611 ἀγαπωμένων
3012 2541 3180 2596 οὖσαν
3210 2582 3226 2608 ,
3283 2542 3539 2614 ἀριθμεῖν
3594 2546 3689 2597 καῖ

2119 2631 2209 2704 ἔχε
2217 2650 2281 2687 ιν.
3591 2642 3596 2644 ’

2203 2723 2640 2790 Ἀπολιναρίου.
2658 2751 2718 2763 -
2741 2722 2852 2775 Kal.
2885 2718 3133 2788 οἶνοςείς
3161 2723 3507 2796 εὐφροσύνην
3544 2745 3686 2799 καρη

2118 2814 2237 2878 δίας
2263 2814 2404 2867 κατὰ
2431 2815 2524 2867 τὸν
2552 2813 2846 2884 ψαλμῳδὸν
2865 2814 3084 2883 λέγεται
3107 2832 3121 2847 ο
3157 2815 3254 2868 καὶ
3289 2815 3432 2880 οἶνος
3461 2817 3690 2875 εύωδιά-

2120 2903 2227 2967 ζων
2249 2902 2392 2956 κατά
2423 2901 2514 2955 τὸν
2542 2902 2843 2972 Ζαχαρίαν.

2193 2991 2438 3062 ’Ἠρμοζε
2481 2991 2540 3044 δὲ
2581 2995 2646 3061 τῇ
2687 2991 2916 3062 ἑπήλυδι
2960 2991 3148 3063 νύμφῃ
3179 2993 3266 3059 τὸ,
3317 2993 3691 3064 Είσαγὰτετέ

2114 3099 2192 3151 με
2217 3084 2304 3147 εις
2335 3077 2504 3135 οἷκον
2546 3081 2654 3134 τοῦ
2710 3081 2916 3134 οἴνου·
2953 3082 3014 3134 ού
3041 3081 3152 3152 γὰρ
3195 3078 3263 3154 ἦν
3314 3083 3377 3136 τὸ
3420 3086 3689 3156 πρότερον

2119 3174 2250 3228 εἴσω
2269 3174 2363 3227 τοῦ
2388 3172 2709 3244 ἀμπελῶνος
2732 3189 2746 3204 ο
2785 3173 2924 3244 μετὰ
2947 3173 3056 3246 γὰρ
3087 3175 3188 3238 τὰς
3215 3175 3344 3245 περὶ
3366 3176 3562 3246 τρίτην
3591 3179 3689 3231 καὶ

2118 3266 2282 3335 ἕκτην
2334 3266 2429 3318 καὶ
2461 3265 2690 3334 ἐννάτην
2744 3262 3064 3333 κληθέντας,
3124 3264 3230 3318 ὑπὸ
3261 3264 3362 3336 τὴν
3393 3266 3689 3335 ἑνδεκάτην

2117 3355 2256 3426 αῦτη
2285 3355 2564 3409 καλεῖται·
2588 3354 2897 3418 ἀκούσασα,
2936 3373 2956 3406 t
2983 3354 3050 3408 Τί
3082 3349 3186 3408 ὧδε
3236 3356 3510 3428 ἑστήκατε
3555 3356 3688 3426 ὃλην

2116 3449 2214 3517 τὴν
2235 3447 2448 3518 ἡμέραν
2473 3447 2630 3516 ἀργοί
2657 3463 2672 3512 ;
2764 3444 3072 3515 Πορεύεσθε
3095 3447 3179 3509 εις
3233 3446 3328 3501 τὸν
3355 3447 3718 3517 ἀμπελῶναοι

2117 3540 2275 3608 ἦργει
2337 3539 2468 3608 γὰρ,
2499 3538 2583 3590 ὅτι
2609 3537 2684 3607 μὴ
2714 3535 2784 3590 τά
2823 3538 3001 3590 οἰκεῖα
3066 3537 3372 3605 εἰργάζετο,
3398 3538 3690 3610 ἀλλοτρίας

2117 3626 2396 3696 ἀμπέλους
2445 3625 2788 3694 φυλάττουσα
2811 3639 2825 3654 ·
2867 3625 2965 3677 καὶ⁹
3011 3623 3282 3694 λαμϐάνει
3329 3625 3548 3695 πρῶτον
3587 3627 3690 3694 τὴν

2118 3717 2178 3783 ἐξ
2201 3719 2422 3788 ἀγάπης
2474 3717 2666 3787 τιμὴν,
2700 3715 2792 3768 τὸν
2817 3716 3148 3788 χαρακτῆρα
3183 3717 3277 3769 τὸν
3299 3716 3600 3786 βασιλικὸν,
3623 3719 3689 3770 τὸ

2115 3809 2288 3880 δῶρον
2313 3809 2375 3862 τὸ
2435 3807 2802 3878 πνευματικόν
2833 3822 2846 3836 ·
2879 3805 2961 3860 διὸ
3007 3807 3102 3860 καὶ
3139 3805 3394 3872 Ἀκύλας,
3431 3807 3690 3871 Ἔταξεν

2117 3899 2210 3952 ἐπ’
2236 3897 2342 3968 ἐμὲ
2361 3897 2623 3968 ἀγάπην,
2677 3896 2843 3966 φησίν
2864 3912 2878 3928 ο
2920 3897 3140 3963 ἀγάπης
3188 3895 3317 3967 γάρ,
3348 3897 3412 3950 τὸ
3431 3937 3447 3964 ,
3489 3915 3508 3949 ι
3531 3899 3687 3951 Θέλω

2116 3987 2290 4056 τούτῳ
2312 3985 2390 4054 τῷ
2419 3986 2630 4054 ἐσχάτῳ
2656 3983 2839 4036 δοῦναι
2866 3985 2942 4046 ὡς
2973 3983 3068 4036 καὶ
3095 3983 3202 4036 σοί.
3232 4002 3252 4044 ι

2193 4077 2410 4142 Τάξατε
2432 4077 2522 4128 ἐπ’
2553 4075 2660 4144 ἐμὲ
2684 4073 2944 4142 ἀγάπην.
3177 4144 3187 4148 η

2187 4169 2536 4236 Γρηγορίου.
2565 4195 2636 4209 --
2672 4164 2852 4228 Ἐντὸς
2885 4161 2981 4216 τοῦ
3014 4163 3362 4232 ποθουμένου
3386 4165 3684 4236 γενομένη,

433 4265 628 4316 iterum
647 4259 916 4322 exsilit,et
935 4256 1011 4311 ait
1031 4256 1195 4312 :Cum
1217 4256 1332 4327 jam
1352 4257 1455 4312 sim
1479 4257 1532 4311 in
1549 4257 1710 4312 domo
1729 4255 1858 4318 vini,
1883 4256 2013 4310 sub-

2132 4259 2211 4312 ἐπὶ
2237 4259 2298 4310 τὺ
2333 4257 2514 4328 μεῖζον
2539 4257 2702 4309 πάλιν
2732 4253 3032 4320 ἐξάλλεται,
3060 4254 3154 4307 καὶ
3184 4256 3370 4326 φησίν·
3422 4255 3687 4328 Ἐπείπερ

427 4353 584 4430 jicite
603 4365 688 4406 me
709 4347 987 4415 cbaritati,
1003 4363 1122 4418 quae
1147 4358 1230 4404 est
1251 4363 1431 4416 secus,
1451 4349 1564 4404 sive
1593 4348 1838 4403 ordinate
1862 4347 1916 4400 in
1933 4361 2018 4401 me

2132 4349 2326 4417 γέγονα
2347 4349 2403 4401 ἐν
2436 4345 2514 4416 τῷ
2543 4347 2675 4416 οἴκῳ
2705 4344 2798 4398 τοῦ
2827 4345 2993 4406 οἴνου,
3031 4344 3335 4410 ύποτάξατέ
3365 4363 3434 4416 με
3457 4351 3521 4418 τῇ
3549 4350 3696 4414 ἀγάσ-

375 4506 388 4516 .
433 4441 775 4496 cliaritatem.
805 4439 1304 4508 Quomodocunque
1317 4441 1458 4494 enim
1481 4441 1650 4494 utaris
1667 4439 1813 4493 verbi
1839 4437 2016 4493 iuver.

2132 4455 2219 4512 πῃ,
2253 4439 2288 4509 ἦ
2327 4439 2408 4501 τίς
2439 4440 2586 4490 ἐστιν
2620 4439 2648 4490 ὁ
2678 4437 2829 4501 Θεός·
2865 4437 2900 4508 ἦ
2934 4435 3130 4501 τάξατε
3158 4437 3251 4490 ἐπὶ¹
3281 4437 3382 4504 ἐμὲ
3411 4437 3510 4508 τὴν
3543 4437 3686 4504 ἀγά..

431 4529 748 4592 εἰοιιορόθιη
763 4529 1009 4598 estquod
1036 4544 1128 4599 per
1144 4536 1434 4598 utrumque
1448 4527 1924 4598 signiﬁcatur,sive
1945 4545 2008 4584 ex

2132 4547 2226 4599 [την
2257 4545 2269 4558 ⁸
2306 4529 2500 4581 ταυτὸν
2522 4527 2629 4599 γάρ
2663 4527 2854 4579 ἐστιτὸ
2880 4525 3282 4596 σημαινόμενον
3305 4527 3372 4578 δι’
3393 4527 3686 4596 ἐκατέρου,

432 4639 498 4675 eo
521 4620 664 4690 quod
697 4621 814 4690 ipsa
849 4619 1108 4674 charitati
1129 4619 1608 4688 subjiciatur,sive
1627 4634 1691 4672 ex
1709 4633 1774 4673 eo
1790 4621 1932 4688 quod
1955 4621 2008 4674 in

2132 4624 2262 4684 imo;
2297 4621 2363 4674 ἂν
2393 4621 2570 4690 χρήσῃ
2596 4621 2662 4690 τῇ
2691 4621 3004 4688 ἀναστροφῇ
3059 4618 3150 4672 τοῦ
3196 4617 3380 4686 λόγου,
3406 4618 3468 4670 ἔκ
3498 4635 3554 4670 τε
3585 4617 3683 4672 τοῦ

435 4714 550 4779 ipsa
581 4711 820 4764 Charitas
865 4709 1170 4764 ordinetur.
1204 4707 1296 4763 Vel
1319 4711 1544 4763 forsitan
1562 4710 1724 4764 etiam
1749 4710 2009 4764 docemur

2132 4715 2218 4766 ὕπὸ
2237 4713 2333 4782 τὴν
2357 4711 2577 4781 ἀγάπην
2631 4709 2892 4780 ταχθῆναι
2951 4709 3046 4763 καὶ
3071 4711 3128 4761 ἐν
3148 4711 3214 4779 τῇ
3250 4709 3340 4762 τοῦ
3401 4709 3498 4779 τὴν
3546 4710 3683 4777 ἀγά-

435 4798 741 4868 ‹;υ]υειηοι1ἱ
759 4787 829 4854 εἱὶ
860 4798 972 4854 Deo
990 4799 1296 4853 exhibenda
1310 4798 1552 4854 charitas
1579 4807 1632 4854 et
1653 4799 1998 4870 quemadmo-

2132 4819 2220 4871 την
2295 4801 2432 4872 αὐτῇ
2499 4799 2762 4870 ταχθῆναι
2810 4815 2824 4830 ⁶
2887 4799 2920 4868 ἢ
2981 4799 3122 4868 τάχα
3181 4800 3274 4852 καί
3317 4799 3682 4867 διδασκόμεθα

435 4894 564 4946 dum
603 4890 656 4943 in
696 4904 754 4945 se
795 4889 1028 4944 invicem
1057 4888 1279 4945 allectos
1322 4903 1444 4944 esse
1470 4897 1740 4958 oporteat,
1773 4905 1841 4944 ne
1867 4890 2004 4944 forte

2132 4893 2224 4944 μῖαν
2280 4889 2604 4958 ἀνατεθῆναι
2671 4889 2938 4956 προσήκει
2989 4887 3066 4957 τῷ
3115 4886 3233 4957 Θεῷ
3269 4886 3369 4957 τὴν
3419 4887 3679 4954 ἀγάπην..

441 4981 755 5038 inordinata
795 4987 851 5034 et
901 4979 1124 5034 inversa
1166 4978 1254 5031 liat
1303 4978 1596 5034 cbaritatis
1659 4980 1998 5048 adimpletie.

2132 4985 2200 5036 ιαὶ
2231 4983 2378 5044 ὅπως
2409 4981 2544 5050 πρὸς
2576 4981 2702 5042 τοὺς
2754 4979 2948 5042 ἄλλους
2983 4980 3126 5048 ἔχειν
3147 4995 3160 5008 ·
3201 4980 3411 5049 μήποτε
3443 4977 3682 5041 ἄτακτός

447 5073 668 5141 Oportet
685 5073 832 5126 enim
859 5071 1026 5126 Deum
1051 5069 1275 5139 diligere
1297 5085 1364 5126 cx
1388 5078 1504 5126 tota
1529 5079 1800 5138 amma,ct
1822 5071 2004 5132 corde,

2132 5091 2195 5137 τις
2231 5076 2326 5127 καὶ
2366 5070 2753 5140 ἀνηλλαγμένη
2803 5070 3030 5140 γένηται
3083 5071 3182 5138 τῆς
3233 5069 3452 5138 ἀγάπης
3490 5069 3684 5138 ἡάπο-

453 5182 496 5216 ιῖ
532 5165 751 5227 virtute,
787 5163 1092 5232 proximum
1119 5173 1300 5216 autem
1330 5163 1473 5218 sicut
1494 5164 1760 5234 seipsum,
1783 5171 1838 5218 et
1865 5180 1996 5218 uxo-

2132 5165 2388 5232 τλήρωεις
2417 5177 2431 5192 ο
2464 5161 2596 5214 Θεὸν
2623 5161 2732 5230 γάρ
2758 5161 2818 5232 δὴ
2849 5162 3066 5234 ἀγαπᾷν
3097 5159 3154 5224 ἐξ
3177 5160 3301 5230 ὅλης
3351 5158 3527 5230 ψυχῆς
3583 5159 3680 5236 καὶ

506 5365 549 5393 ‘7
583 5361 774 5416 Matth.
806 5375 898 5426 xx,
947 5359 1002 5414 6.
1072 5360 1118 5392 ”
1153 5359 1284 5414 ibid.
1319 5361 1408 5414 M.

1972 5465 2200 5520 NOTAE.

489 5561 616 5661 ’.τίη
659 5589 936 5648 Scholium
991 5593 1094 5648 hoc
1135 5591 1192 5648 in
1233 5591 1294 5646 C.
1343 5589 1402 5644 Β.
1441 5587 1707 5661 Gregorio
1752 5581 2070 5638 ascribitur.
