  <div class='ocr_page' id='page_1' title='image "/cluster/home/n/w/nwhite01/storage/ocr_20150623/87 pars.2/pst.000005712908/033.png"; bbox 0 0 3970 6296; ppageno 0'>
   <div class='ocr_carea' id='block_1_1' title="bbox 487 310 619 378">
    <p class='ocr_par' dir='ltr' id='par_1_1' title="bbox 487 310 619 378">
     <span class='ocr_line' id='line_1_1' title="bbox 487 310 619 378; baseline 0.015 -4"><span class='ocrx_word' id='word_1_1' title='bbox 487 310 619 378; x_wconf 77' lang='lat'><strong>1537</strong></span> 
     </span>
    </p>
   </div>
   <div class='ocr_carea' id='block_1_2' title="bbox 1786 320 2409 384">
    <p class='ocr_par' dir='ltr' id='par_1_2' title="bbox 1786 320 2409 384">
     <span class='ocr_line' id='line_1_2' title="bbox 1786 320 2409 384; baseline -0.003 -2"><span class='ocrx_word' id='word_1_2' title='bbox 1786 322 2138 384; x_wconf 76' lang='lat' dir='ltr'><strong>PROCOPII</strong></span> <span class='ocrx_word' id='word_1_3' title='bbox 2171 320 2409 384; x_wconf 55' lang='lat' dir='ltr'><strong>GAZIEI</strong></span> 
     </span>
    </p>
   </div>
   <div class='ocr_carea' id='block_1_3' title="bbox 3587 314 3731 383">
    <p class='ocr_par' dir='ltr' id='par_1_3' title="bbox 3587 314 3731 383">
     <span class='ocr_line' id='line_1_3' title="bbox 3587 314 3731 383; baseline 0.035 -5"><span class='ocrx_word' id='word_1_4' title='bbox 3587 314 3731 383; x_wconf 80' lang='lat'><strong>1588</strong></span> 
     </span>
    </p>
   </div>
   <div class='ocr_carea' id='block_1_4' title="bbox 483 422 2052 506">
    <p class='ocr_par' dir='ltr' id='par_1_4' title="bbox 483 423 2052 495">
     <span class='ocr_line' id='line_1_4' title="bbox 483 423 2052 495; baseline 0.002 -18"><span class='ocrx_word' id='word_1_5' title='bbox 483 425 732 494; x_wconf 78' lang='lat' dir='ltr'><strong>exempla</strong></span> <span class='ocrx_word' id='word_1_6' title='bbox 790 425 842 479; x_wconf 92' lang='lat' dir='ltr'><strong>in</strong></span> <span class='ocrx_word' id='word_1_7' title='bbox 879 439 1081 495; x_wconf 87' lang='lat' dir='ltr'><strong>sponso</strong></span> <span class='ocrx_word' id='word_1_8' title='bbox 1120 423 1385 480; x_wconf 79' lang='lat' dir='ltr'><strong>exhibita.</strong></span> <span class='ocrx_word' id='word_1_9' title='bbox 1427 423 1538 478; x_wconf 88' lang='lat' dir='ltr'><strong>Illic</strong></span> <span class='ocrx_word' id='word_1_10' title='bbox 1589 425 1732 479; x_wconf 86' lang='lat' dir='ltr'><strong>enim</strong></span> <span class='ocrx_word' id='word_1_11' title='bbox 1807 442 2052 482; x_wconf 77' lang='lat' dir='ltr'><strong>mansue-</strong></span> 
     </span>
    </p>
   </div>
   <div class='ocr_carea' id='block_1_5' title="bbox 2163 422 3727 506">
    <p class='ocr_par' dir='ltr' id='par_1_5' title="bbox 2163 422 3727 496">
     <span class='ocr_line' id='line_1_5' title="bbox 2163 422 3727 496; baseline 0 -18"><span class='ocrx_word' id='word_1_12' title='bbox 2163 425 2340 494; x_wconf 86' lang='grc' dir='ltr'>βλέπω</span> <span class='ocrx_word' id='word_1_13' title='bbox 2401 425 2538 496; x_wconf 71' lang='grc' dir='ltr'>πρὸς</span> <span class='ocrx_word' id='word_1_14' title='bbox 2563 425 2632 478; x_wconf 83' lang='grc' dir='ltr'>τὰ</span> <span class='ocrx_word' id='word_1_15' title='bbox 2666 423 2775 479; x_wconf 81' lang='grc' dir='ltr'><strong>τῶν</strong></span> <span class='ocrx_word' id='word_1_16' title='bbox 2828 425 3048 494; x_wconf 82' lang='grc' dir='ltr'>ἀγαθῶν</span> <span class='ocrx_word' id='word_1_17' title='bbox 3108 422 3504 494; x_wconf 74' lang='grc' dir='ltr'><strong>ὑποδείγματα,</strong></span> <span class='ocrx_word' id='word_1_18' title='bbox 3538 426 3596 478; x_wconf 83' lang='grc' dir='ltr'><strong>ὲν</strong></span> <span class='ocrx_word' id='word_1_19' title='bbox 3640 423 3727 494; x_wconf 77' lang='grc' dir='ltr'>τῷ</span> 
     </span>
    </p>
   </div>
   <div class='ocr_carea' id='block_1_6' title="bbox 485 513 2053 586">
    <p class='ocr_par' dir='ltr' id='par_1_6' title="bbox 485 513 2053 586">
     <span class='ocr_line' id='line_1_6' title="bbox 485 513 2053 586; baseline 0.003 -20"><span class='ocrx_word' id='word_1_20' title='bbox 485 513 639 574; x_wconf 82' lang='grc' dir='ltr'>ιιιάο.</span> <span class='ocrx_word' id='word_1_21' title='bbox 677 513 788 569; x_wconf 87' lang='lat' dir='ltr'><strong>illic</strong></span> <span class='ocrx_word' id='word_1_22' title='bbox 821 515 1133 584; x_wconf 82' lang='lat' dir='ltr'><strong>placiditas,</strong></span> <span class='ocrx_word' id='word_1_23' title='bbox 1168 513 1280 568; x_wconf 91' lang='lat' dir='ltr'><strong>illic</strong></span> <span class='ocrx_word' id='word_1_24' title='bbox 1323 513 1648 584; x_wconf 73' lang='lat' dir='ltr'><strong>iniuriarum</strong></span> <span class='ocrx_word' id='word_1_25' title='bbox 1697 515 1897 570; x_wconf 88' lang='lat' dir='ltr'><strong>oblivio</strong></span> <span class='ocrx_word' id='word_1_26' title='bbox 1925 531 2053 586; x_wconf 86' lang='lat' dir='ltr'><strong>erga</strong></span> 
     </span>
    </p>
   </div>
   <div class='ocr_carea' id='block_1_7' title="bbox 483 603 2046 675">
    <p class='ocr_par' dir='ltr' id='par_1_7' title="bbox 483 603 2046 675">
     <span class='ocr_line' id='line_1_7' title="bbox 483 603 2046 675; baseline 0.003 -19"><span class='ocrx_word' id='word_1_27' title='bbox 483 603 738 659; x_wconf 90' lang='lat' dir='ltr'><strong>inimicos</strong></span> <span class='ocrx_word' id='word_1_28' title='bbox 799 612 854 660; x_wconf 90' lang='lat' dir='ltr'><strong>et</strong></span> <span class='ocrx_word' id='word_1_29' title='bbox 908 605 1222 675; x_wconf 71' lang='lat' dir='ltr'><strong>benignitas</strong></span> <span class='ocrx_word' id='word_1_30' title='bbox 1259 620 1386 673; x_wconf 86' lang='lat' dir='ltr'><strong>erga</strong></span> <span class='ocrx_word' id='word_1_31' title='bbox 1429 605 1696 674; x_wconf 82' lang='lat' dir='ltr'><strong>lugentes,</strong></span> <span class='ocrx_word' id='word_1_32' title='bbox 1725 605 1837 660; x_wconf 89' lang='lat' dir='ltr'><strong>illic</strong></span> <span class='ocrx_word' id='word_1_33' title='bbox 1875 605 2046 660; x_wconf 90' lang='lat' dir='ltr'><strong>conti-</strong></span> 
     </span>
    </p>
   </div>
   <div class='ocr_carea' id='block_1_8' title="bbox 485 693 2058 764">
    <p class='ocr_par' dir='ltr' id='par_1_8' title="bbox 485 693 2058 764">
     <span class='ocr_line' id='line_1_8' title="bbox 485 693 2058 764; baseline 0.003 -19"><span class='ocrx_word' id='word_1_34' title='bbox 485 693 696 758; x_wconf 86' lang='lat' dir='ltr'><strong>nentia,</strong></span> <span class='ocrx_word' id='word_1_35' title='bbox 748 693 1154 764; x_wconf 82' lang='lat' dir='ltr'><strong>longanimitas,</strong></span> <span class='ocrx_word' id='word_1_36' title='bbox 1207 703 1372 762; x_wconf 88' lang='lat' dir='ltr'><strong>atque</strong></span> <span class='ocrx_word' id='word_1_37' title='bbox 1429 693 1630 748; x_wconf 87' lang='lat' dir='ltr'><strong>similia</strong></span> <span class='ocrx_word' id='word_1_38' title='bbox 1665 709 1788 764; x_wconf 68' lang='lat' dir='ltr'><strong>quae</strong></span> <span class='ocrx_word' id='word_1_39' title='bbox 1827 694 2058 758; x_wconf 80' lang='lat' dir='ltr'><strong>pulchro</strong></span> 
     </span>
    </p>
   </div>
   <div class='ocr_carea' id='block_1_9' title="bbox 483 784 2057 854">
    <p class='ocr_par' dir='ltr' id='par_1_9' title="bbox 483 784 2057 854">
     <span class='ocr_line' id='line_1_9' title="bbox 483 784 2057 854; baseline 0.003 -19"><span class='ocrx_word' id='word_1_40' title='bbox 483 784 676 840; x_wconf 77' lang='lat' dir='ltr'><strong>ordine</strong></span> <span class='ocrx_word' id='word_1_41' title='bbox 705 785 1036 838; x_wconf 82' lang='lat' dir='ltr'><strong>concinnata</strong></span> <span class='ocrx_word' id='word_1_42' title='bbox 1097 785 1473 854; x_wconf 87' lang='lat' dir='ltr'><strong>gratissimum</strong></span> <span class='ocrx_word' id='word_1_43' title='bbox 1500 786 1874 853; x_wconf 88' lang='lat' dir='ltr'><strong>spectaculum</strong></span> <span class='ocrx_word' id='word_1_44' title='bbox 1903 785 2057 840; x_wconf 80' lang='lat' dir='ltr'><strong>exhi-</strong></span> 
     </span>
    </p>
   </div>
   <div class='ocr_carea' id='block_1_10' title="bbox 483 875 2052 932">
    <p class='ocr_par' dir='ltr' id='par_1_10' title="bbox 483 875 2052 932">
     <span class='ocr_line' id='line_1_10' title="bbox 483 875 2052 932; baseline 0.003 -6"><span class='ocrx_word' id='word_1_45' title='bbox 483 877 612 930; x_wconf 84' lang='lat' dir='ltr'><strong>hent</strong></span> <span class='ocrx_word' id='word_1_46' title='bbox 669 875 797 929; x_wconf 92' lang='lat' dir='ltr'><strong>dum</strong></span> <span class='ocrx_word' id='word_1_47' title='bbox 842 875 910 930; x_wconf 89' lang='lat' dir='ltr'><strong>ad</strong></span> <span class='ocrx_word' id='word_1_48' title='bbox 950 875 1191 932; x_wconf 62' lang='lat' dir='ltr'><strong>caelestis</strong></span> <span class='ocrx_word' id='word_1_49' title='bbox 1254 875 1378 929; x_wconf 81' lang='lat' dir='ltr'><strong>vitae</strong></span> <span class='ocrx_word' id='word_1_50' title='bbox 1418 876 1688 930; x_wconf 89' lang='lat' dir='ltr'><strong>rationem</strong></span> <span class='ocrx_word' id='word_1_51' title='bbox 1753 875 2052 930; x_wconf 86' lang='lat' dir='ltr'><strong>adducunt.</strong></span> 
     </span>
    </p>
   </div>
   <div class='ocr_carea' id='block_1_11' title="bbox 481 965 2054 1035">
    <p class='ocr_par' dir='ltr' id='par_1_11' title="bbox 481 965 2054 1035">
     <span class='ocr_line' id='line_1_11' title="bbox 481 965 2054 1035; baseline 0.001 -17"><span class='ocrx_word' id='word_1_52' title='bbox 481 965 682 1019; x_wconf 80' lang='lat' dir='ltr'><strong>Malum</strong></span> <span class='ocrx_word' id='word_1_53' title='bbox 711 975 895 1021; x_wconf 84' lang='lat' dir='ltr'><strong>autem</strong></span> <span class='ocrx_word' id='word_1_54' title='bbox 927 966 1181 1021; x_wconf 86' lang='lat' dir='ltr'><strong>Christus</strong></span> <span class='ocrx_word' id='word_1_55' title='bbox 1226 973 1311 1020; x_wconf 89' lang='lat' dir='ltr'><strong>est</strong></span> <span class='ocrx_word' id='word_1_56' title='bbox 1355 975 1581 1035; x_wconf 83' lang='lat' dir='ltr'><strong>propter</strong></span> <span class='ocrx_word' id='word_1_57' title='bbox 1607 965 1902 1021; x_wconf 78' lang='lat' dir='ltr'><strong>candorem</strong></span> <span class='ocrx_word' id='word_1_58' title='bbox 1929 981 2054 1020; x_wconf 82' lang='lat' dir='ltr'><strong>ear-</strong></span> 
     </span>
    </p>
   </div>
   <div class='ocr_carea' id='block_1_12' title="bbox 482 1057 2052 1128">
    <p class='ocr_par' dir='ltr' id='par_1_12' title="bbox 482 1057 2052 1128">
     <span class='ocr_line' id='line_1_12' title="bbox 482 1057 2052 1128; baseline 0.004 -21"><span class='ocrx_word' id='word_1_59' title='bbox 482 1057 568 1111; x_wconf 88' lang='lat' dir='ltr'><strong>uis</strong></span> <span class='ocrx_word' id='word_1_60' title='bbox 599 1065 653 1112; x_wconf 82' lang='lat' dir='ltr'><strong>et</strong></span> <span class='ocrx_word' id='word_1_61' title='bbox 678 1057 933 1113; x_wconf 84' lang='lat' dir='ltr'><strong>ruborem</strong></span> <span class='ocrx_word' id='word_1_62' title='bbox 957 1058 1271 1128; x_wconf 74' lang='lat' dir='ltr'><strong>sanguinis,</strong></span> <span class='ocrx_word' id='word_1_63' title='bbox 1294 1072 1359 1112; x_wconf 89' lang='lat' dir='ltr'><strong>ac</strong></span> <span class='ocrx_word' id='word_1_64' title='bbox 1391 1072 1614 1113; x_wconf 82' lang='lat' dir='ltr'><strong>suavem</strong></span> <span class='ocrx_word' id='word_1_65' title='bbox 1643 1057 2052 1126; x_wconf 79' lang='lat' dir='ltr'><strong>praedicationis</strong></span> 
     </span>
    </p>
   </div>
   <div class='ocr_carea' id='block_1_13' title="bbox 479 1149 1932 1206">
    <p class='ocr_par' dir='ltr' id='par_1_13' title="bbox 479 1149 1932 1206">
     <span class='ocr_line' id='line_1_13' title="bbox 479 1149 1932 1206; baseline 0.002 -3"><span class='ocrx_word' id='word_1_66' title='bbox 479 1149 728 1206; x_wconf 79' lang='lat' dir='ltr'><strong>odorem.</strong></span> <span class='ocrx_word' id='word_1_67' title='bbox 1929 1157 1932 1162; x_wconf 86' lang='grc'><em>’</em></span> 
     </span>
    </p>
   </div>
   <div class='ocr_carea' id='block_1_14' title="bbox 552 1237 1809 1310">
    <p class='ocr_par' dir='ltr' id='par_1_14' title="bbox 552 1237 1809 1310">
     <span class='ocr_line' id='line_1_14' title="bbox 552 1237 1809 1310; baseline -0.002 -16"><span class='ocrx_word' id='word_1_68' title='bbox 552 1241 817 1310; x_wconf 75' lang='lat' dir='ltr'><strong>Urigenis.</strong></span> <span class='ocrx_word' id='word_1_69' title='bbox 857 1245 928 1281; x_wconf 75' lang='lat'><strong>—&#39;—</strong></span> <span class='ocrx_word' id='word_1_70' title='bbox 953 1238 1328 1310; x_wconf 49' lang='lat' dir='ltr'><strong>.Symmaehus</strong></span> <span class='ocrx_word' id='word_1_71' title='bbox 1363 1238 1445 1292; x_wconf 91' lang='lat' dir='ltr'><strong>sic</strong></span> <span class='ocrx_word' id='word_1_72' title='bbox 1479 1237 1670 1304; x_wconf 81' lang='lat' dir='ltr'><strong>edidit,</strong></span> <span class='ocrx_word' id='word_1_73' title='bbox 1703 1245 1809 1294; x_wconf 92' lang='lat' dir='ltr'><strong>etc.</strong></span> 
     </span>
    </p>
   </div>
   <div class='ocr_carea' id='block_1_15' title="bbox 551 1414 1382 1480">
    <p class='ocr_par' dir='ltr' id='par_1_15' title="bbox 551 1414 1382 1480">
     <span class='ocr_line' id='line_1_15' title="bbox 551 1414 1382 1480; baseline 0.001 -13"><span class='ocrx_word' id='word_1_74' title='bbox 551 1415 694 1480; x_wconf 83' lang='lat' dir='ltr'><strong>Quia</strong></span> <span class='ocrx_word' id='word_1_75' title='bbox 730 1431 912 1470; x_wconf 81' lang='lat' dir='ltr'><strong>amore</strong></span> <span class='ocrx_word' id='word_1_76' title='bbox 939 1414 1216 1468; x_wconf 79' lang='lat' dir='ltr'><strong>uulnerata</strong></span> <span class='ocrx_word' id='word_1_77' title='bbox 1244 1429 1382 1468; x_wconf 73' lang='lat' dir='ltr'><strong>sunt.</strong></span> 
     </span>
    </p>
   </div>
   <div class='ocr_carea' id='block_1_16' title="bbox 551 1501 2046 1582">
    <p class='ocr_par' dir='ltr' id='par_1_16' title="bbox 551 1501 2046 1582">
     <span class='ocr_line' id='line_1_16' title="bbox 551 1501 2046 1582; baseline -0.005 -21"><span class='ocrx_word' id='word_1_78' title='bbox 551 1505 813 1576; x_wconf 79' lang='lat' dir='ltr'><strong>Gregorii.</strong></span> <span class='ocrx_word' id='word_1_79' title='bbox 855 1535 923 1546; x_wconf 88' lang='lat'>—</span> <span class='ocrx_word' id='word_1_80' title='bbox 948 1505 1046 1560; x_wconf 87' lang='lat' dir='ltr'><strong>llis</strong></span> <span class='ocrx_word' id='word_1_81' title='bbox 1086 1503 1250 1560; x_wconf 89' lang='lat' dir='ltr'><strong>dictis</strong></span> <span class='ocrx_word' id='word_1_82' title='bbox 1287 1503 1474 1558; x_wconf 86' lang='lat' dir='ltr'><strong>laudat</strong></span> <span class='ocrx_word' id='word_1_83' title='bbox 1522 1501 1869 1574; x_wconf 70' lang='lat' dir='ltr'><strong>sagittarium</strong></span> <span class='ocrx_word' id='word_1_84' title='bbox 1911 1501 2046 1582; x_wconf 33' lang='lat' dir='ltr'><strong>aia:</strong></span> 
     </span>
    </p>
   </div>
   <div class='ocr_carea' id='block_1_17' title="bbox 481 1585 2045 1668">
    <p class='ocr_par' dir='ltr' id='par_1_17' title="bbox 481 1585 2045 1668">
     <span class='ocr_line' id='line_1_17' title="bbox 481 1585 2045 1668; baseline -0.005 -15"><span class='ocrx_word' id='word_1_85' title='bbox 481 1597 701 1653; x_wconf 87' lang='lat' dir='ltr'><strong>culandi</strong></span> <span class='ocrx_word' id='word_1_86' title='bbox 739 1597 955 1668; x_wconf 89' lang='lat' dir='ltr'><strong>peritia,</strong></span> <span class='ocrx_word' id='word_1_87' title='bbox 985 1607 1043 1652; x_wconf 93' lang='lat' dir='ltr'><strong>ut</strong></span> <span class='ocrx_word' id='word_1_88' title='bbox 1081 1596 1175 1665; x_wconf 90' lang='lat' dir='ltr'><strong>qui</strong></span> <span class='ocrx_word' id='word_1_89' title='bbox 1213 1596 1382 1651; x_wconf 90' lang='lat' dir='ltr'><strong>telum</strong></span> <span class='ocrx_word' id='word_1_90' title='bbox 1423 1602 1574 1648; x_wconf 88' lang='lat' dir='ltr'><strong>recte</strong></span> <span class='ocrx_word' id='word_1_91' title='bbox 1614 1594 1671 1648; x_wconf 90' lang='lat' dir='ltr'><strong>in</strong></span> <span class='ocrx_word' id='word_1_92' title='bbox 1699 1593 1876 1663; x_wconf 88' lang='lat' dir='ltr'><strong>ipsam</strong></span> <span class='ocrx_word' id='word_1_93' title='bbox 1909 1585 2045 1647; x_wconf 57' lang='lat' dir='ltr'><strong>dit‘ii</strong></span> 
     </span>
    </p>
   </div>
   <div class='ocr_carea' id='block_1_18' title="bbox 479 1684 2040 1760">
    <p class='ocr_par' dir='ltr' id='par_1_18' title="bbox 479 1684 2040 1760">
     <span class='ocr_line' id='line_1_18' title="bbox 479 1684 2040 1760; baseline -0.003 -18"><span class='ocrx_word' id='word_1_94' title='bbox 479 1700 591 1760; x_wconf 82' lang='lat' dir='ltr'><strong>gat.</strong></span> <span class='ocrx_word' id='word_1_95' title='bbox 641 1687 932 1743; x_wconf 80' lang='lat' dir='ltr'><strong>Vulnerata</strong></span> <span class='ocrx_word' id='word_1_96' title='bbox 969 1687 1138 1748; x_wconf 88' lang='lat' dir='ltr'><strong>enim,</strong></span> <span class='ocrx_word' id='word_1_97' title='bbox 1191 1686 1390 1756; x_wconf 87' lang='lat' dir='ltr'><strong>inquit,</strong></span> <span class='ocrx_word' id='word_1_98' title='bbox 1423 1684 1726 1738; x_wconf 76' lang='lat' dir='ltr'><strong>dilectionis</strong></span> <span class='ocrx_word' id='word_1_99' title='bbox 1763 1698 1882 1736; x_wconf 81' lang='lat' dir='ltr'><strong>sum</strong></span> <span class='ocrx_word' id='word_1_100' title='bbox 1927 1699 2040 1753; x_wconf 83' lang='lat' dir='ltr'><strong>ego.</strong></span> 
     </span>
    </p>
   </div>
   <div class='ocr_carea' id='block_1_19' title="bbox 479 1861 2044 1937">
    <p class='ocr_par' dir='ltr' id='par_1_19' title="bbox 479 1861 2044 1937">
     <span class='ocr_line' id='line_1_19' title="bbox 479 1861 2044 1937; baseline -0.002 -18"><span class='ocrx_word' id='word_1_101' title='bbox 479 1867 610 1922; x_wconf 88' lang='lat' dir='ltr'><strong>det:</strong></span> <span class='ocrx_word' id='word_1_102' title='bbox 650 1867 974 1937; x_wconf 75' lang='lat' dir='ltr'><strong>sagittarius</strong></span> <span class='ocrx_word' id='word_1_103' title='bbox 1005 1873 1187 1920; x_wconf 90' lang='lat' dir='ltr'><strong>autem</strong></span> <span class='ocrx_word' id='word_1_104' title='bbox 1229 1865 1396 1934; x_wconf 86' lang='lat' dir='ltr'><strong>hujus</strong></span> <span class='ocrx_word' id='word_1_105' title='bbox 1445 1862 1536 1918; x_wconf 85' lang='lat' dir='ltr'><strong>teli</strong></span> <span class='ocrx_word' id='word_1_106' title='bbox 1571 1869 1656 1917; x_wconf 87' lang='lat' dir='ltr'><strong>est</strong></span> <span class='ocrx_word' id='word_1_107' title='bbox 1702 1861 1924 1916; x_wconf 89' lang='lat' dir='ltr'><strong>dilectio</strong></span> <span class='ocrx_word' id='word_1_108' title='bbox 1947 1875 2044 1916; x_wconf 89' lang='lat' dir='ltr'><strong>seu</strong></span> 
     </span>
    </p>
   </div>
   <div class='ocr_carea' id='block_1_20' title="bbox 478 1949 2096 2012">
    <p class='ocr_par' dir='ltr' id='par_1_20' title="bbox 478 1949 2096 2012">
     <span class='ocr_line' id='line_1_20' title="bbox 478 1949 2096 2012; baseline -0.003 -3"><span class='ocrx_word' id='word_1_109' title='bbox 478 1957 725 2012; x_wconf 75' lang='lat' dir='ltr'><strong>ultaritas</strong></span> <span class='ocrx_word' id='word_1_110' title='bbox 751 1974 766 2011; x_wconf 88' lang='lat'><strong>:</strong></span> <span class='ocrx_word' id='word_1_111' title='bbox 789 1956 1113 2011; x_wconf 89' lang='lat' dir='ltr'><strong>charitatem</strong></span> <span class='ocrx_word' id='word_1_112' title='bbox 1137 1962 1320 2010; x_wconf 90' lang='lat' dir='ltr'><strong>autem</strong></span> <span class='ocrx_word' id='word_1_113' title='bbox 1350 1967 1476 2008; x_wconf 90' lang='lat' dir='ltr'><strong>esse</strong></span> <span class='ocrx_word' id='word_1_114' title='bbox 1502 1953 1672 2006; x_wconf 88' lang='lat' dir='ltr'><strong>Deum</strong></span> <span class='ocrx_word' id='word_1_115' title='bbox 1705 1949 1996 2005; x_wconf 90' lang='lat' dir='ltr'><strong>didicimus</strong></span> <span class='ocrx_word' id='word_1_116' title='bbox 2015 1965 2046 2004; x_wconf 88' lang='lat' dir='ltr'><strong>a</strong></span> <span class='ocrx_word' id='word_1_117' title='bbox 2091 1957 2096 1964; x_wconf 93' lang='lat'>&#39;</span> 
     </span>
    </p>
   </div>
   <div class='ocr_carea' id='block_1_21' title="bbox 486 2031 2045 2118">
    <p class='ocr_par' dir='ltr' id='par_1_21' title="bbox 486 2031 2045 2118">
     <span class='ocr_line' id='line_1_21' title="bbox 486 2031 2045 2118; baseline -0.006 -15"><span class='ocrx_word' id='word_1_118' title='bbox 486 2047 772 2118; x_wconf 86' lang='lat' dir='ltr'><strong>Scriptura</strong></span> <span class='ocrx_word' id='word_1_119' title='bbox 793 2050 863 2114; x_wconf 79' lang='lat'><strong>&quot;,</strong></span> <span class='ocrx_word' id='word_1_120' title='bbox 893 2047 988 2117; x_wconf 85' lang='lat' dir='ltr'><strong>qui</strong></span> <span class='ocrx_word' id='word_1_121' title='bbox 1015 2031 1249 2101; x_wconf 78' lang='lat' dir='ltr'><strong>electura</strong></span> <span class='ocrx_word' id='word_1_122' title='bbox 1277 2059 1438 2100; x_wconf 90' lang='lat' dir='ltr'><strong>suum</strong></span> <span class='ocrx_word' id='word_1_123' title='bbox 1469 2042 1813 2112; x_wconf 74' lang='lat' dir='ltr'><strong>unigenitum</strong></span> <span class='ocrx_word' id='word_1_124' title='bbox 1857 2039 2045 2097; x_wconf 87' lang='lat' dir='ltr'><strong>Jesutn</strong></span> 
     </span>
    </p>
   </div>
   <div class='ocr_carea' id='block_1_22' title="bbox 476 2131 2047 2205">
    <p class='ocr_par' dir='ltr' id='par_1_22' title="bbox 476 2131 2047 2205">
     <span class='ocr_line' id='line_1_22' title="bbox 476 2131 2047 2205; baseline -0.007 -8"><span class='ocrx_word' id='word_1_125' title='bbox 476 2141 765 2197; x_wconf 75' lang='lat' dir='ltr'><strong>Christum</strong></span> <span class='ocrx_word' id='word_1_126' title='bbox 791 2139 993 2194; x_wconf 87' lang='lat' dir='ltr'><strong>emittit</strong></span> <span class='ocrx_word' id='word_1_127' title='bbox 1030 2138 1083 2191; x_wconf 91' lang='lat' dir='ltr'><strong>in</strong></span> <span class='ocrx_word' id='word_1_128' title='bbox 1113 2151 1208 2192; x_wconf 88' lang='lat' dir='ltr'><strong>eos</strong></span> <span class='ocrx_word' id='word_1_129' title='bbox 1239 2135 1334 2205; x_wconf 81' lang='lat' dir='ltr'><strong>qui</strong></span> <span class='ocrx_word' id='word_1_130' title='bbox 1361 2143 1655 2190; x_wconf 86' lang='lat' dir='ltr'><strong>servantur</strong></span> <span class='ocrx_word' id='word_1_131' title='bbox 1695 2133 1887 2202; x_wconf 89' lang='lat' dir='ltr'><strong>spiritu</strong></span> <span class='ocrx_word' id='word_1_132' title='bbox 1923 2131 2047 2186; x_wconf 69' lang='lat' dir='ltr'><strong>vita:</strong></span> 
     </span>
    </p>
   </div>
   <div class='ocr_carea' id='block_1_23' title="bbox 482 2222 2046 2300">
    <p class='ocr_par' dir='ltr' id='par_1_23' title="bbox 482 2222 2046 2300">
     <span class='ocr_line' id='line_1_23' title="bbox 482 2222 2046 2300; baseline -0.009 -14"><span class='ocrx_word' id='word_1_133' title='bbox 482 2232 754 2300; x_wconf 80' lang='lat' dir='ltr'><strong>triplicem</strong></span> <span class='ocrx_word' id='word_1_134' title='bbox 789 2229 963 2282; x_wconf 88' lang='lat' dir='ltr'><strong>aculei</strong></span> <span class='ocrx_word' id='word_1_135' title='bbox 987 2226 1274 2296; x_wconf 78' lang='lat' dir='ltr'><strong>cuspidem</strong></span> <span class='ocrx_word' id='word_1_136' title='bbox 1302 2223 1562 2278; x_wconf 90' lang='lat' dir='ltr'><strong>illiniens.</strong></span> <span class='ocrx_word' id='word_1_137' title='bbox 1581 2222 1836 2278; x_wconf 78' lang='lat' dir='ltr'><strong>Aculcus</strong></span> <span class='ocrx_word' id='word_1_138' title='bbox 1861 2228 2046 2275; x_wconf 88' lang='lat' dir='ltr'><strong>autem</strong></span> 
     </span>
    </p>
   </div>
   <div class='ocr_carea' id='block_1_24' title="bbox 478 2313 2046 2389">
    <p class='ocr_par' dir='ltr' id='par_1_24' title="bbox 478 2313 2046 2389">
     <span class='ocr_line' id='line_1_24' title="bbox 478 2313 2046 2389; baseline -0.007 -12"><span class='ocrx_word' id='word_1_139' title='bbox 478 2331 564 2377; x_wconf 85' lang='lat' dir='ltr'><strong>est</strong></span> <span class='ocrx_word' id='word_1_140' title='bbox 604 2323 758 2382; x_wconf 86' lang='lat' dir='ltr'><strong>tides,</strong></span> <span class='ocrx_word' id='word_1_141' title='bbox 797 2329 854 2373; x_wconf 86' lang='grc' dir='ltr'><strong>ιιι</strong></span> <span class='ocrx_word' id='word_1_142' title='bbox 883 2335 1004 2389; x_wconf 62' lang='lat' dir='ltr'><strong>(luas</strong></span> <span class='ocrx_word' id='word_1_143' title='bbox 1038 2319 1090 2372; x_wconf 92' lang='lat' dir='ltr'><strong>in</strong></span> <span class='ocrx_word' id='word_1_144' title='bbox 1117 2333 1225 2388; x_wconf 90' lang='lat' dir='ltr'><strong>quo</strong></span> <span class='ocrx_word' id='word_1_145' title='bbox 1261 2317 1449 2378; x_wconf 81' lang='lat' dir='ltr'><strong>fuerit,</strong></span> <span class='ocrx_word' id='word_1_146' title='bbox 1481 2330 1605 2370; x_wconf 90' lang='lat' dir='ltr'><strong>cum</strong></span> <span class='ocrx_word' id='word_1_147' title='bbox 1641 2315 1840 2384; x_wconf 75' lang='lat' dir='ltr'><strong>sagitta</strong></span> <span class='ocrx_word' id='word_1_148' title='bbox 1881 2313 2046 2370; x_wconf 85' lang='lat' dir='ltr'><strong>simul</strong></span> 
     </span>
    </p>
   </div>
   <div class='ocr_carea' id='block_1_25' title="bbox 484 2406 2044 2482">
    <p class='ocr_par' dir='ltr' id='par_1_25' title="bbox 484 2406 2044 2482">
     <span class='ocr_line' id='line_1_25' title="bbox 484 2406 2044 2482; baseline -0.004 -16"><span class='ocrx_word' id='word_1_149' title='bbox 484 2413 724 2468; x_wconf 82' lang='lat' dir='ltr'><strong>adducat</strong></span> <span class='ocrx_word' id='word_1_150' title='bbox 753 2412 1124 2482; x_wconf 74' lang='lat' dir='ltr'><strong>sagittarium,</strong></span> <span class='ocrx_word' id='word_1_151' title='bbox 1180 2417 1238 2462; x_wconf 90' lang='lat' dir='ltr'><strong>ut</strong></span> <span class='ocrx_word' id='word_1_152' title='bbox 1265 2409 1398 2464; x_wconf 90' lang='lat' dir='ltr'><strong>dicit</strong></span> <span class='ocrx_word' id='word_1_153' title='bbox 1434 2407 1738 2463; x_wconf 85' lang='lat' dir='ltr'><strong>Dominus:</strong></span> <span class='ocrx_word' id='word_1_154' title='bbox 1775 2406 2044 2473; x_wconf 81' lang='lat' dir='ltr'><strong>Quoniam</strong></span> 
     </span>
    </p>
   </div>
   <div class='ocr_carea' id='block_1_26' title="bbox 487 2496 2044 2573">
    <p class='ocr_par' dir='ltr' id='par_1_26' title="bbox 487 2496 2044 2573">
     <span class='ocr_line' id='line_1_26' title="bbox 487 2496 2044 2573; baseline -0.004 -17"><span class='ocrx_word' id='word_1_155' title='bbox 487 2521 508 2556; x_wconf 75' lang='grc' dir='ltr'><strong>ι</strong></span> <span class='ocrx_word' id='word_1_156' title='bbox 538 2503 648 2573; x_wconf 79' lang='lat' dir='ltr'><strong>Ego</strong></span> <span class='ocrx_word' id='word_1_157' title='bbox 671 2511 723 2556; x_wconf 88' lang='lat' dir='ltr'><strong>et</strong></span> <span class='ocrx_word' id='word_1_158' title='bbox 757 2501 920 2554; x_wconf 85' lang='lat' dir='ltr'><strong>Pater</strong></span> <span class='ocrx_word' id='word_1_159' title='bbox 948 2500 1229 2554; x_wconf 73' lang='lat' dir='ltr'><strong>veniemus</strong></span> <span class='ocrx_word' id='word_1_160' title='bbox 1262 2509 1314 2552; x_wconf 86' lang='lat' dir='ltr'><strong>et</strong></span> <span class='ocrx_word' id='word_1_161' title='bbox 1353 2496 1696 2552; x_wconf 85' lang='lat' dir='ltr'><strong>mansionem</strong></span> <span class='ocrx_word' id='word_1_162' title='bbox 1743 2500 1884 2565; x_wconf 85' lang='lat' dir='ltr'><strong>apud</strong></span> <span class='ocrx_word' id='word_1_163' title='bbox 1923 2510 2044 2550; x_wconf 86' lang='lat' dir='ltr'><strong>eam</strong></span> 
     </span>
    </p>
   </div>
   <div class='ocr_carea' id='block_1_27' title="bbox 484 2587 2044 2658">
    <p class='ocr_par' dir='ltr' id='par_1_27' title="bbox 484 2587 2044 2658">
     <span class='ocr_line' id='line_1_27' title="bbox 484 2587 2044 2658; baseline -0.003 -13"><span class='ocrx_word' id='word_1_164' title='bbox 484 2591 750 2646; x_wconf 76' lang='lat' dir='ltr'><strong>faciemus</strong></span> <span class='ocrx_word' id='word_1_165' title='bbox 782 2591 846 2644; x_wconf 78' lang='grc'><strong>³⁸.</strong></span> <span class='ocrx_word' id='word_1_166' title='bbox 882 2609 900 2642; x_wconf 78' lang='grc' dir='ltr'><strong>ι</strong></span> <span class='ocrx_word' id='word_1_167' title='bbox 948 2587 1103 2646; x_wconf 83' lang='lat' dir='ltr'><strong>Videt</strong></span> <span class='ocrx_word' id='word_1_168' title='bbox 1144 2603 1275 2658; x_wconf 78' lang='lat' dir='ltr'><strong>ergo</strong></span> <span class='ocrx_word' id='word_1_169' title='bbox 1301 2603 1424 2658; x_wconf 77' lang='lat' dir='ltr'><strong>quae</strong></span> <span class='ocrx_word' id='word_1_170' title='bbox 1459 2603 1554 2657; x_wconf 88' lang='lat' dir='ltr'><strong>per</strong></span> <span class='ocrx_word' id='word_1_171' title='bbox 1592 2587 1810 2642; x_wconf 83' lang='lat' dir='ltr'><strong>divinas</strong></span> <span class='ocrx_word' id='word_1_172' title='bbox 1844 2600 2044 2642; x_wconf 84' lang='lat' dir='ltr'><strong>ascen--</strong></span> 
     </span>
    </p>
   </div>
   <div class='ocr_carea' id='block_1_28' title="bbox 482 2677 2042 2755">
    <p class='ocr_par' dir='ltr' id='par_1_28' title="bbox 482 2677 2042 2755">
     <span class='ocr_line' id='line_1_28' title="bbox 482 2677 2042 2755; baseline -0.006 -16"><span class='ocrx_word' id='word_1_173' title='bbox 482 2687 668 2740; x_wconf 84' lang='lat' dir='ltr'><strong>siones</strong></span> <span class='ocrx_word' id='word_1_174' title='bbox 712 2684 765 2737; x_wconf 92' lang='lat' dir='ltr'><strong>in</strong></span> <span class='ocrx_word' id='word_1_175' title='bbox 817 2684 985 2736; x_wconf 86' lang='lat' dir='ltr'><strong>altum</strong></span> <span class='ocrx_word' id='word_1_176' title='bbox 1039 2681 1250 2755; x_wconf 83' lang='lat' dir='ltr'><strong>sublata</strong></span> <span class='ocrx_word' id='word_1_177' title='bbox 1293 2689 1376 2735; x_wconf 88' lang='lat' dir='ltr'><strong>est</strong></span> <span class='ocrx_word' id='word_1_178' title='bbox 1415 2680 1616 2746; x_wconf 76' lang='lat' dir='ltr'><strong>anima,</strong></span> <span class='ocrx_word' id='word_1_179' title='bbox 1667 2678 1826 2732; x_wconf 88' lang='lat' dir='ltr'><strong>dulce</strong></span> <span class='ocrx_word' id='word_1_180' title='bbox 1877 2677 2042 2732; x_wconf 87' lang='lat' dir='ltr'><strong>telum</strong></span> 
     </span>
    </p>
   </div>
   <div class='ocr_carea' id='block_1_29' title="bbox 480 2768 2046 2844">
    <p class='ocr_par' dir='ltr' id='par_1_29' title="bbox 480 2768 2046 2844">
     <span class='ocr_line' id='line_1_29' title="bbox 480 2768 2046 2844; baseline -0.006 -12"><span class='ocrx_word' id='word_1_181' title='bbox 480 2776 772 2832; x_wconf 86' lang='lat' dir='ltr'><strong>charitatis</strong></span> <span class='ocrx_word' id='word_1_182' title='bbox 802 2789 911 2844; x_wconf 90' lang='lat' dir='ltr'><strong>quo</strong></span> <span class='ocrx_word' id='word_1_183' title='bbox 971 2773 1221 2828; x_wconf 80' lang='lat' dir='ltr'><strong>sauciata</strong></span> <span class='ocrx_word' id='word_1_184' title='bbox 1253 2771 1355 2826; x_wconf 81' lang='lat' dir='ltr'><strong>fuit</strong></span> <span class='ocrx_word' id='word_1_185' title='bbox 1385 2773 1438 2824; x_wconf 93' lang='lat' dir='ltr'><strong>in</strong></span> <span class='ocrx_word' id='word_1_186' title='bbox 1467 2769 1784 2838; x_wconf 84' lang='lat' dir='ltr'><strong>semetipsa,</strong></span> <span class='ocrx_word' id='word_1_187' title='bbox 1811 2775 1867 2823; x_wconf 92' lang='lat' dir='ltr'><strong>et</strong></span> <span class='ocrx_word' id='word_1_188' title='bbox 1885 2768 1951 2822; x_wconf 85' lang='lat' dir='ltr'><strong>de</strong></span> <span class='ocrx_word' id='word_1_189' title='bbox 1979 2782 2046 2822; x_wconf 91' lang='lat' dir='ltr'><strong>eo</strong></span> 
     </span>
    </p>
   </div>
   <div class='ocr_carea' id='block_1_30' title="bbox 480 2859 2046 2937">
    <p class='ocr_par' dir='ltr' id='par_1_30' title="bbox 480 2859 2046 2937">
     <span class='ocr_line' id='line_1_30' title="bbox 480 2859 2046 2937; baseline -0.006 -16"><span class='ocrx_word' id='word_1_190' title='bbox 480 2867 704 2921; x_wconf 84' lang='lat' dir='ltr'><strong>vulnere</strong></span> <span class='ocrx_word' id='word_1_191' title='bbox 741 2865 1010 2937; x_wconf 80' lang='lat' dir='ltr'><strong>gloriatur</strong></span> <span class='ocrx_word' id='word_1_192' title='bbox 1047 2864 1238 2920; x_wconf 76' lang='lat' dir='ltr'><strong>dicens</strong></span> <span class='ocrx_word' id='word_1_193' title='bbox 1283 2881 1296 2917; x_wconf 90' lang='lat'><strong>:</strong></span> <span class='ocrx_word' id='word_1_194' title='bbox 1334 2862 1600 2928; x_wconf 83' lang='lat' dir='ltr'><strong>Quoniam</strong></span> <span class='ocrx_word' id='word_1_195' title='bbox 1639 2861 1919 2914; x_wconf 77' lang='lat' dir='ltr'><strong>vulnerata</strong></span> <span class='ocrx_word' id='word_1_196' title='bbox 1961 2859 2046 2912; x_wconf 83' lang='lat' dir='ltr'><strong>di-</strong></span> 
     </span>
    </p>
   </div>
   <div class='ocr_carea' id='block_1_31' title="bbox 482 2951 2048 3025">
    <p class='ocr_par' dir='ltr' id='par_1_31' title="bbox 482 2951 2048 3025">
     <span class='ocr_line' id='line_1_31' title="bbox 482 2951 2048 3025; baseline -0.004 -15"><span class='ocrx_word' id='word_1_197' title='bbox 482 2957 721 3012; x_wconf 76' lang='lat' dir='ltr'><strong>lectionis</strong></span> <span class='ocrx_word' id='word_1_198' title='bbox 748 2973 865 3010; x_wconf 84' lang='lat' dir='ltr'><strong>sum</strong></span> <span class='ocrx_word' id='word_1_199' title='bbox 904 2973 996 3025; x_wconf 80' lang='lat' dir='ltr'><strong>ego</strong></span> <span class='ocrx_word' id='word_1_200' title='bbox 1026 2971 1044 3010; x_wconf 91' lang='lat'><strong><em>:</em></strong></span> <span class='ocrx_word' id='word_1_201' title='bbox 1074 2953 1192 3009; x_wconf 80' lang='lat' dir='ltr'><strong>Nec</strong></span> <span class='ocrx_word' id='word_1_202' title='bbox 1228 2954 1334 3010; x_wconf 89' lang='lat' dir='ltr'><strong>hoc</strong></span> <span class='ocrx_word' id='word_1_203' title='bbox 1373 2953 1580 3014; x_wconf 90' lang='lat' dir='ltr'><strong>solum,</strong></span> <span class='ocrx_word' id='word_1_204' title='bbox 1615 2951 1712 3006; x_wconf 88' lang='lat' dir='ltr'><strong>sed</strong></span> <span class='ocrx_word' id='word_1_205' title='bbox 1757 2957 1812 3006; x_wconf 90' lang='lat' dir='ltr'><strong>et</strong></span> <span class='ocrx_word' id='word_1_206' title='bbox 1839 2952 1956 3021; x_wconf 89' lang='lat' dir='ltr'><strong>ipsa</strong></span> <span class='ocrx_word' id='word_1_207' title='bbox 1989 2951 2048 3004; x_wconf 85' lang='lat' dir='ltr'><strong>lit</strong></span> 
     </span>
    </p>
   </div>
   <div class='ocr_carea' id='block_1_32' title="bbox 483 3041 2044 3113">
    <p class='ocr_par' dir='ltr' id='par_1_32' title="bbox 483 3041 2044 3113">
     <span class='ocr_line' id='line_1_32' title="bbox 483 3041 2044 3113; baseline -0.006 -10"><span class='ocrx_word' id='word_1_208' title='bbox 483 3051 651 3103; x_wconf 81' lang='lat' dir='ltr'><strong>telum</strong></span> <span class='ocrx_word' id='word_1_209' title='bbox 695 3049 750 3101; x_wconf 91' lang='lat' dir='ltr'><strong>in</strong></span> <span class='ocrx_word' id='word_1_210' title='bbox 787 3047 1042 3100; x_wconf 87' lang='lat' dir='ltr'><strong>manibus</strong></span> <span class='ocrx_word' id='word_1_211' title='bbox 1077 3043 1348 3113; x_wconf 77' lang='lat' dir='ltr'><strong>sagittarii</strong></span> <span class='ocrx_word' id='word_1_212' title='bbox 1384 3062 1397 3096; x_wconf 91' lang='lat'><strong>:</strong></span> <span class='ocrx_word' id='word_1_213' title='bbox 1438 3041 1661 3096; x_wconf 86' lang='lat' dir='ltr'><strong>sinistra</strong></span> <span class='ocrx_word' id='word_1_214' title='bbox 1703 3041 1924 3110; x_wconf 86' lang='lat' dir='ltr'><strong>quidem</strong></span> <span class='ocrx_word' id='word_1_215' title='bbox 1951 3055 2044 3094; x_wconf 86' lang='lat' dir='ltr'><strong>ea-</strong></span> 
     </span>
    </p>
   </div>
   <div class='ocr_carea' id='block_1_33' title="bbox 2161 516 3722 590">
    <p class='ocr_par' dir='ltr' id='par_1_33' title="bbox 2161 516 3722 590">
     <span class='ocr_line' id='line_1_33' title="bbox 2161 516 3722 590; baseline 0.001 -20"><span class='ocrx_word' id='word_1_216' title='bbox 2161 517 2396 588; x_wconf 83' lang='grc' dir='ltr'>Νυμφίῳ</span> <span class='ocrx_word' id='word_1_217' title='bbox 2411 516 2733 587; x_wconf 76' lang='grc' dir='ltr'><strong>δεικνύμενα</strong></span> <span class='ocrx_word' id='word_1_218' title='bbox 2753 534 2767 548; x_wconf 85' lang='lat'><strong><em>°</em></strong></span> <span class='ocrx_word' id='word_1_219' title='bbox 2789 517 2904 571; x_wconf 76' lang='grc' dir='ltr'>ἐκεῖ</span> <span class='ocrx_word' id='word_1_220' title='bbox 2930 517 3038 588; x_wconf 80' lang='grc' dir='ltr'><strong>γὰρ</strong></span> <span class='ocrx_word' id='word_1_221' title='bbox 3064 517 3327 590; x_wconf 84' lang='grc' dir='ltr'><strong>πραότης,</strong></span> <span class='ocrx_word' id='word_1_222' title='bbox 3362 517 3480 570; x_wconf 72' lang='grc' dir='ltr'>ἐκεῖ</span> <span class='ocrx_word' id='word_1_223' title='bbox 3504 516 3570 570; x_wconf 76' lang='grc' dir='ltr'>τὸ</span> <span class='ocrx_word' id='word_1_224' title='bbox 3589 519 3722 586; x_wconf 70' lang='grc' dir='ltr'>ἀόρσ</span> 
     </span>
    </p>
   </div>
   <div class='ocr_carea' id='block_1_34' title="bbox 2161 603 3732 678">
    <p class='ocr_par' dir='ltr' id='par_1_34' title="bbox 2161 603 3732 678">
     <span class='ocr_line' id='line_1_34' title="bbox 2161 603 3732 678; baseline -0.003 -18"><span class='ocrx_word' id='word_1_225' title='bbox 2161 624 2346 678; x_wconf 86' lang='grc' dir='ltr'>γητον,</span> <span class='ocrx_word' id='word_1_226' title='bbox 2379 610 2496 660; x_wconf 78' lang='grc' dir='ltr'>ἐκεῖ</span> <span class='ocrx_word' id='word_1_227' title='bbox 2520 608 2580 660; x_wconf 74' lang='lat' dir='ltr'><strong>rb</strong></span> <span class='ocrx_word' id='word_1_228' title='bbox 2617 607 2750 678; x_wconf 79' lang='grc' dir='ltr'>πρὸς</span> <span class='ocrx_word' id='word_1_229' title='bbox 2781 608 2909 670; x_wconf 74' lang='grc' dir='ltr'>τοὺς</span> <span class='ocrx_word' id='word_1_230' title='bbox 2939 607 3164 678; x_wconf 78' lang='grc' dir='ltr'>ἐχθροὺς</span> <span class='ocrx_word' id='word_1_231' title='bbox 3195 607 3594 676; x_wconf 84' lang='grc' dir='ltr'>ἀμνησίκακον,</span> <span class='ocrx_word' id='word_1_232' title='bbox 3626 603 3732 660; x_wconf 74' lang='grc' dir='ltr'>καὶ</span> 
     </span>
    </p>
   </div>
   <div class='ocr_carea' id='block_1_35' title="bbox 2155 699 3720 771">
    <p class='ocr_par' dir='ltr' id='par_1_35' title="bbox 2155 699 3720 771">
     <span class='ocr_line' id='line_1_35' title="bbox 2155 699 3720 771; baseline 0.002 -21"><span class='ocrx_word' id='word_1_233' title='bbox 2155 699 2218 750; x_wconf 72' lang='grc' dir='ltr'>τὸ</span> <span class='ocrx_word' id='word_1_234' title='bbox 2239 700 2375 768; x_wconf 74' lang='grc' dir='ltr'>πρὸς</span> <span class='ocrx_word' id='word_1_235' title='bbox 2419 700 2546 762; x_wconf 80' lang='grc' dir='ltr'>τοὺς</span> <span class='ocrx_word' id='word_1_236' title='bbox 2602 699 2916 764; x_wconf 84' lang='grc' dir='ltr'><strong>λυποῦντας</strong></span> <span class='ocrx_word' id='word_1_237' title='bbox 2953 699 3332 771; x_wconf 84' lang='grc' dir='ltr'>φιλάνθρωπον</span> <span class='ocrx_word' id='word_1_238' title='bbox 3355 717 3368 730; x_wconf 94' lang='grc'><strong>·</strong></span> <span class='ocrx_word' id='word_1_239' title='bbox 3393 701 3508 753; x_wconf 75' lang='grc' dir='ltr'><strong>ἐκεῖ</strong></span> <span class='ocrx_word' id='word_1_240' title='bbox 3536 700 3596 754; x_wconf 81' lang='grc' dir='ltr'>τὸ</span> <span class='ocrx_word' id='word_1_241' title='bbox 3629 702 3720 768; x_wconf 76' lang='grc' dir='ltr'><strong>ἐγ-</strong></span> 
     </span>
    </p>
   </div>
   <div class='ocr_carea' id='block_1_36' title="bbox 2155 789 3726 862">
    <p class='ocr_par' dir='ltr' id='par_1_36' title="bbox 2155 789 3726 862">
     <span class='ocr_line' id='line_1_36' title="bbox 2155 789 3726 862; baseline 0.002 -21"><span class='ocrx_word' id='word_1_242' title='bbox 2155 789 2356 859; x_wconf 85' lang='grc' dir='ltr'>κρατὲς</span> <span class='ocrx_word' id='word_1_243' title='bbox 2385 790 2478 842; x_wconf 71' lang='grc' dir='ltr'>καὶ</span> <span class='ocrx_word' id='word_1_244' title='bbox 2501 791 2869 862; x_wconf 79' lang='grc' dir='ltr'>μακρόθυμον,</span> <span class='ocrx_word' id='word_1_245' title='bbox 2911 789 3008 845; x_wconf 66' lang='grc' dir='ltr'>καὶ</span> <span class='ocrx_word' id='word_1_246' title='bbox 3035 792 3103 845; x_wconf 78' lang='grc' dir='ltr'>τὰ</span> <span class='ocrx_word' id='word_1_247' title='bbox 3125 793 3308 862; x_wconf 81' lang='grc' dir='ltr'>ὅμοια·</span> <span class='ocrx_word' id='word_1_248' title='bbox 3340 791 3377 846; x_wconf 76' lang='grc' dir='ltr'>ἃ</span> <span class='ocrx_word' id='word_1_249' title='bbox 3407 791 3549 845; x_wconf 87' lang='grc' dir='ltr'>κατὰ</span> <span class='ocrx_word' id='word_1_250' title='bbox 3571 792 3726 857; x_wconf 79' lang='grc' dir='ltr'>τάξιν</span> 
     </span>
    </p>
   </div>
   <div class='ocr_carea' id='block_1_37' title="bbox 2155 879 3726 954">
    <p class='ocr_par' dir='ltr' id='par_1_37' title="bbox 2155 879 3726 954">
     <span class='ocr_line' id='line_1_37' title="bbox 2155 879 3726 954; baseline 0.004 -24"><span class='ocrx_word' id='word_1_251' title='bbox 2155 879 2653 950; x_wconf 77' lang='grc' dir='ltr'>ἐπισυναπτόμενα,</span> <span class='ocrx_word' id='word_1_252' title='bbox 2693 881 3061 952; x_wconf 80' lang='grc' dir='ltr'><strong>χαριεστάτην</strong></span> <span class='ocrx_word' id='word_1_253' title='bbox 3088 881 3219 935; x_wconf 86' lang='grc' dir='ltr'>θέαν</span> <span class='ocrx_word' id='word_1_254' title='bbox 3246 882 3562 952; x_wconf 77' lang='grc' dir='ltr'><strong>ἐργάζεται,</strong></span> <span class='ocrx_word' id='word_1_255' title='bbox 3586 883 3726 954; x_wconf 63' lang='grc' dir='ltr'>πρὸς</span> 
     </span>
    </p>
   </div>
   <div class='ocr_carea' id='block_1_38' title="bbox 2153 967 3722 1044">
    <p class='ocr_par' dir='ltr' id='par_1_38' title="bbox 2153 967 3722 1044">
     <span class='ocr_line' id='line_1_38' title="bbox 2153 967 3722 1044; baseline 0.011 -24"><span class='ocrx_word' id='word_1_256' title='bbox 2153 967 2285 1036; x_wconf 76' lang='grc' dir='ltr'>ὕψος</span> <span class='ocrx_word' id='word_1_257' title='bbox 2347 969 2624 1035; x_wconf 78' lang='grc' dir='ltr'>πολιτείας</span> <span class='ocrx_word' id='word_1_258' title='bbox 2674 973 3046 1040; x_wconf 73' lang='grc' dir='ltr'><strong>ὲπτιινάγοντιιι⁸</strong></span> <span class='ocrx_word' id='word_1_259' title='bbox 3099 973 3271 1042; x_wconf 74' lang='grc' dir='ltr'>μῆλον</span> <span class='ocrx_word' id='word_1_260' title='bbox 3304 972 3361 1024; x_wconf 83' lang='grc' dir='ltr'>δὲ</span> <span class='ocrx_word' id='word_1_261' title='bbox 3393 975 3422 1026; x_wconf 83' lang='grc' dir='ltr'><strong>ὁ</strong></span> <span class='ocrx_word' id='word_1_262' title='bbox 3451 973 3722 1044; x_wconf 73' lang='grc' dir='ltr'>Χριστὸς.</span> 
     </span>
    </p>
   </div>
   <div class='ocr_carea' id='block_1_39' title="bbox 2149 1058 3723 1134">
    <p class='ocr_par' dir='ltr' id='par_1_39' title="bbox 2149 1058 3723 1134">
     <span class='ocr_line' id='line_1_39' title="bbox 2149 1058 3723 1134; baseline 0.003 -22"><span class='ocrx_word' id='word_1_263' title='bbox 2149 1058 2236 1114; x_wconf 78' lang='grc' dir='ltr'><strong>διὰ</strong></span> <span class='ocrx_word' id='word_1_264' title='bbox 2252 1061 2312 1114; x_wconf 62' lang='lat' dir='ltr'><strong>rb</strong></span> <span class='ocrx_word' id='word_1_265' title='bbox 2327 1060 2517 1114; x_wconf 79' lang='grc' dir='ltr'>λευκὸν</span> <span class='ocrx_word' id='word_1_266' title='bbox 2543 1061 2645 1131; x_wconf 76' lang='grc' dir='ltr'><strong>τῆς</strong></span> <span class='ocrx_word' id='word_1_267' title='bbox 2668 1061 2870 1133; x_wconf 73' lang='grc' dir='ltr'>σαρκὸς</span> <span class='ocrx_word' id='word_1_268' title='bbox 2902 1062 2996 1115; x_wconf 71' lang='grc' dir='ltr'>καὶ</span> <span class='ocrx_word' id='word_1_269' title='bbox 3019 1062 3082 1115; x_wconf 78' lang='grc' dir='ltr'>τὸ</span> <span class='ocrx_word' id='word_1_270' title='bbox 3099 1062 3330 1134; x_wconf 73' lang='grc' dir='ltr'>ἐρυθρὸν</span> <span class='ocrx_word' id='word_1_271' title='bbox 3352 1061 3448 1116; x_wconf 83' lang='grc' dir='ltr'>τοῦ</span> <span class='ocrx_word' id='word_1_272' title='bbox 3469 1063 3723 1132; x_wconf 78' lang='grc' dir='ltr'>αἵματος,</span> 
     </span>
    </p>
   </div>
   <div class='ocr_carea' id='block_1_40' title="bbox 2151 1152 3161 1224">
    <p class='ocr_par' dir='ltr' id='par_1_40' title="bbox 2151 1152 3161 1224">
     <span class='ocr_line' id='line_1_40' title="bbox 2151 1152 3161 1224; baseline 0 -20"><span class='ocrx_word' id='word_1_273' title='bbox 2151 1153 2245 1205; x_wconf 75' lang='grc' dir='ltr'>καὶ</span> <span class='ocrx_word' id='word_1_274' title='bbox 2272 1153 2370 1224; x_wconf 81' lang='grc' dir='ltr'>τὴν</span> <span class='ocrx_word' id='word_1_275' title='bbox 2397 1152 2492 1205; x_wconf 81' lang='grc' dir='ltr'>τοῦ</span> <span class='ocrx_word' id='word_1_276' title='bbox 2526 1154 2884 1224; x_wconf 79' lang='grc' dir='ltr'><strong>κηρύγματος</strong></span> <span class='ocrx_word' id='word_1_277' title='bbox 2914 1153 3161 1210; x_wconf 78' lang='grc' dir='ltr'>εὐωδίαν,</span> 
     </span>
    </p>
   </div>
   <div class='ocr_carea' id='block_1_41' title="bbox 2231 1242 3722 1314">
    <p class='ocr_par' dir='ltr' id='par_1_41' title="bbox 2231 1242 3722 1314">
     <span class='ocr_line' id='line_1_41' title="bbox 2231 1242 3722 1314; baseline 0.003 -19"><span class='ocrx_word' id='word_1_278' title='bbox 2231 1242 2582 1310; x_wconf 77' lang='grc' dir='ltr'>Ὡριγένους.</span> <span class='ocrx_word' id='word_1_279' title='bbox 2635 1273 2708 1284; x_wconf 95' lang='grc'><strong><em>-</em></strong></span> <span class='ocrx_word' id='word_1_280' title='bbox 2772 1245 2830 1298; x_wconf 83' lang='grc' dir='ltr'><strong>Ὃ</strong></span> <span class='ocrx_word' id='word_1_281' title='bbox 2889 1243 3186 1314; x_wconf 79' lang='grc' dir='ltr'><strong>Σύμμαχος</strong></span> <span class='ocrx_word' id='word_1_282' title='bbox 3257 1242 3430 1310; x_wconf 78' lang='grc' dir='ltr'>οὕτως</span> <span class='ocrx_word' id='word_1_283' title='bbox 3493 1243 3722 1300; x_wconf 71' lang='grc' dir='ltr'>ἐκδέδω-</span> 
     </span>
    </p>
   </div>
   <div class='ocr_carea' id='block_1_42' title="bbox 2149 1335 2696 1404">
    <p class='ocr_par' dir='ltr' id='par_1_42' title="bbox 2149 1335 2696 1404">
     <span class='ocr_line' id='line_1_42' title="bbox 2149 1335 2696 1404; baseline 0.009 -21"><span class='ocrx_word' id='word_1_284' title='bbox 2149 1337 2270 1397; x_wconf 85' lang='grc' dir='ltr'>κεν,</span> <span class='ocrx_word' id='word_1_285' title='bbox 2318 1351 2372 1387; x_wconf 86' lang='grc' dir='ltr'><strong>κ.</strong></span> <span class='ocrx_word' id='word_1_286' title='bbox 2398 1351 2449 1388; x_wconf 87' lang='grc' dir='ltr'>τ.</span> <span class='ocrx_word' id='word_1_287' title='bbox 2481 1335 2532 1390; x_wconf 89' lang='grc' dir='ltr'><strong>λ.</strong></span> <span class='ocrx_word' id='word_1_288' title='bbox 2563 1335 2696 1404; x_wconf 70' lang='grc'>(52).</span> 
     </span>
    </p>
   </div>
   <div class='ocr_carea' id='block_1_43' title="bbox 2219 1421 3152 1493">
    <p class='ocr_par' dir='ltr' id='par_1_43' title="bbox 2219 1421 3152 1493">
     <span class='ocr_line' id='line_1_43' title="bbox 2219 1421 3152 1493; baseline 0.002 -19"><span class='ocrx_word' id='word_1_289' title='bbox 2219 1423 2341 1476; x_wconf 83' lang='grc' dir='ltr'>Ὅτι</span> <span class='ocrx_word' id='word_1_290' title='bbox 2377 1423 2708 1493; x_wconf 77' lang='grc' dir='ltr'>τετρωμένη</span> <span class='ocrx_word' id='word_1_291' title='bbox 2749 1423 2984 1490; x_wconf 80' lang='grc' dir='ltr'><strong>ἀγάπης</strong></span> <span class='ocrx_word' id='word_1_292' title='bbox 3019 1421 3152 1491; x_wconf 76' lang='grc' dir='ltr'>ἐγώ.</span> 
     </span>
    </p>
   </div>
   <div class='ocr_carea' id='block_1_44' title="bbox 2214 1511 3726 1584">
    <p class='ocr_par' dir='ltr' id='par_1_44' title="bbox 2214 1511 3726 1584">
     <span class='ocr_line' id='line_1_44' title="bbox 2214 1511 3726 1584; baseline -0.002 -16"><span class='ocrx_word' id='word_1_293' title='bbox 2214 1513 2834 1583; x_wconf 77' lang='grc' dir='ltr'>Γρηγοριου.-Ταῦτα</span> <span class='ocrx_word' id='word_1_294' title='bbox 2862 1512 3113 1575; x_wconf 82' lang='grc' dir='ltr'>εἰποῦσα,</span> <span class='ocrx_word' id='word_1_295' title='bbox 3133 1514 3347 1566; x_wconf 77' lang='grc' dir='ltr'>ἐπαινεῖ</span> <span class='ocrx_word' id='word_1_296' title='bbox 3375 1513 3470 1566; x_wconf 79' lang='grc' dir='ltr'><strong>τὸν</strong></span> <span class='ocrx_word' id='word_1_297' title='bbox 3497 1511 3726 1584; x_wconf 79' lang='grc' dir='ltr'><strong>τοξότην</strong></span> 
     </span>
    </p>
   </div>
   <div class='ocr_carea' id='block_1_45' title="bbox 2143 1601 3724 1674">
    <p class='ocr_par' dir='ltr' id='par_1_45' title="bbox 2143 1601 3724 1674">
     <span class='ocr_line' id='line_1_45' title="bbox 2143 1601 3724 1674; baseline 0.001 -19"><span class='ocrx_word' id='word_1_298' title='bbox 2143 1603 2242 1672; x_wconf 74' lang='grc' dir='ltr'>τῆς</span> <span class='ocrx_word' id='word_1_299' title='bbox 2269 1605 2554 1674; x_wconf 79' lang='grc' dir='ltr'>εὐστοχίας</span> <span class='ocrx_word' id='word_1_300' title='bbox 2573 1604 2648 1667; x_wconf 85' lang='grc' dir='ltr'>ὠς</span> <span class='ocrx_word' id='word_1_301' title='bbox 2674 1603 2856 1666; x_wconf 86' lang='grc' dir='ltr'>καλῶς</span> <span class='ocrx_word' id='word_1_302' title='bbox 2876 1603 2964 1656; x_wconf 73' lang='grc' dir='ltr'><strong>ἐπ’</strong></span> <span class='ocrx_word' id='word_1_303' title='bbox 2989 1602 3162 1672; x_wconf 83' lang='grc' dir='ltr'>αὐτὴν</span> <span class='ocrx_word' id='word_1_304' title='bbox 3181 1601 3244 1655; x_wconf 74' lang='grc' dir='ltr'>τὸ</span> <span class='ocrx_word' id='word_1_305' title='bbox 3262 1603 3415 1666; x_wconf 79' lang='grc' dir='ltr'>τέλος</span> <span class='ocrx_word' id='word_1_306' title='bbox 3449 1601 3724 1656; x_wconf 71' lang='grc' dir='ltr'>ἰθύνοντα·</span> 
     </span>
    </p>
   </div>
   <div class='ocr_carea' id='block_1_46' title="bbox 2150 1692 3734 1764">
    <p class='ocr_par' dir='ltr' id='par_1_46' title="bbox 2150 1692 3734 1764">
     <span class='ocr_line' id='line_1_46' title="bbox 2150 1692 3734 1764; baseline -0.001 -17"><span class='ocrx_word' id='word_1_307' title='bbox 2150 1693 2483 1763; x_wconf 75' lang='grc' dir='ltr'>Τετρωρένη</span> <span class='ocrx_word' id='word_1_308' title='bbox 2535 1695 2667 1764; x_wconf 82' lang='grc' dir='ltr'>γὰρ,</span> <span class='ocrx_word' id='word_1_309' title='bbox 2705 1693 2893 1764; x_wconf 76' lang='grc' dir='ltr'>φησὶν,</span> <span class='ocrx_word' id='word_1_310' title='bbox 2933 1692 3168 1763; x_wconf 76' lang='grc' dir='ltr'>ἀγάπης</span> <span class='ocrx_word' id='word_1_311' title='bbox 3199 1693 3314 1760; x_wconf 73' lang='grc' dir='ltr'><strong>ἐγώ</strong></span> <span class='ocrx_word' id='word_1_312' title='bbox 3339 1708 3352 1723; x_wconf 87' lang='lat'><strong>&#39;</strong></span> <span class='ocrx_word' id='word_1_313' title='bbox 3375 1692 3613 1750; x_wconf 71' lang='grc' dir='ltr'>δείκνυσι</span> <span class='ocrx_word' id='word_1_314' title='bbox 3645 1692 3734 1762; x_wconf 82' lang='grc' dir='ltr'>τῷ</span> 
     </span>
    </p>
   </div>
   <div class='ocr_carea' id='block_1_47' title="bbox 390 1772 2052 1856">
    <p class='ocr_par' dir='ltr' id='par_1_47' title="bbox 390 1772 2046 1856">
     <span class='ocr_line' id='line_1_47' title="bbox 390 1772 2046 1856; baseline -0.004 -24"><span class='ocrx_word' id='word_1_315' title='bbox 390 1849 402 1856; x_wconf 90' lang='lat'><em>_</em></span> <span class='ocrx_word' id='word_1_316' title='bbox 481 1777 732 1832; x_wconf 86' lang='lat' dir='ltr'><strong>Ostendit</strong></span> <span class='ocrx_word' id='word_1_317' title='bbox 772 1780 872 1832; x_wconf 91' lang='lat' dir='ltr'><strong>hac</strong></span> <span class='ocrx_word' id='word_1_318' title='bbox 914 1776 1162 1831; x_wconf 89' lang='lat' dir='ltr'><strong>oratione</strong></span> <span class='ocrx_word' id='word_1_319' title='bbox 1193 1776 1360 1830; x_wconf 89' lang='lat' dir='ltr'><strong>telum</strong></span> <span class='ocrx_word' id='word_1_320' title='bbox 1389 1773 1533 1843; x_wconf 89' lang='lat' dir='ltr'><strong>quod</strong></span> <span class='ocrx_word' id='word_1_321' title='bbox 1565 1773 1719 1828; x_wconf 89' lang='lat' dir='ltr'><strong>cordi</strong></span> <span class='ocrx_word' id='word_1_322' title='bbox 1753 1773 1866 1826; x_wconf 90' lang='lat' dir='ltr'><strong>alte</strong></span> <span class='ocrx_word' id='word_1_323' title='bbox 1911 1772 2046 1826; x_wconf 89' lang='lat' dir='ltr'><strong>insi-</strong></span> 
     </span>
    </p>
   </div>
   <div class='ocr_carea' id='block_1_48' title="bbox 2163 1772 3735 1856">
    <p class='ocr_par' dir='ltr' id='par_1_48' title="bbox 2163 1781 3735 1854">
     <span class='ocr_line' id='line_1_48' title="bbox 2163 1781 3735 1854; baseline 0.001 -20"><span class='ocrx_word' id='word_1_324' title='bbox 2163 1781 2297 1852; x_wconf 66' lang='grc' dir='ltr'>λόγῳ</span> <span class='ocrx_word' id='word_1_325' title='bbox 2315 1783 2376 1835; x_wconf 80' lang='grc' dir='ltr'>τὸ</span> <span class='ocrx_word' id='word_1_326' title='bbox 2406 1781 2558 1852; x_wconf 82' lang='grc' dir='ltr'>βέλος</span> <span class='ocrx_word' id='word_1_327' title='bbox 2586 1783 2648 1835; x_wconf 81' lang='grc' dir='ltr'>τὸ</span> <span class='ocrx_word' id='word_1_328' title='bbox 2676 1785 2744 1853; x_wconf 80' lang='grc' dir='ltr'>τῇ</span> <span class='ocrx_word' id='word_1_329' title='bbox 2773 1782 2970 1854; x_wconf 78' lang='grc' dir='ltr'>καρδίᾳ</span> <span class='ocrx_word' id='word_1_330' title='bbox 3002 1781 3198 1852; x_wconf 82' lang='grc' dir='ltr'><strong>βάθους</strong></span> <span class='ocrx_word' id='word_1_331' title='bbox 3221 1782 3544 1852; x_wconf 76' lang='grc' dir='ltr'><strong>ἐγκείμενον</strong></span> <span class='ocrx_word' id='word_1_332' title='bbox 3565 1797 3578 1812; x_wconf 76' lang='grc' dir='ltr'><strong>ο</strong></span> <span class='ocrx_word' id='word_1_333' title='bbox 3606 1785 3635 1836; x_wconf 81' lang='grc' dir='ltr'><strong>δ</strong></span> <span class='ocrx_word' id='word_1_334' title='bbox 3667 1782 3735 1836; x_wconf 71' lang='grc' dir='ltr'>δὲ</span> 
     </span>
    </p>
   </div>
   <div class='ocr_carea' id='block_1_49' title="bbox 2151 1871 3734 1944">
    <p class='ocr_par' dir='ltr' id='par_1_49' title="bbox 2151 1871 3734 1944">
     <span class='ocr_line' id='line_1_49' title="bbox 2151 1871 3734 1944; baseline -0.001 -17"><span class='ocrx_word' id='word_1_335' title='bbox 2151 1873 2372 1941; x_wconf 79' lang='grc' dir='ltr'><strong>τοξότης</strong></span> <span class='ocrx_word' id='word_1_336' title='bbox 2387 1872 2481 1927; x_wconf 90' lang='grc' dir='ltr'>τοῦ</span> <span class='ocrx_word' id='word_1_337' title='bbox 2499 1872 2706 1942; x_wconf 79' lang='grc' dir='ltr'>βέλους,</span> <span class='ocrx_word' id='word_1_338' title='bbox 2723 1875 2756 1942; x_wconf 86' lang='grc' dir='ltr'><strong>ἡ</strong></span> <span class='ocrx_word' id='word_1_339' title='bbox 2775 1873 2962 1942; x_wconf 72' lang='grc' dir='ltr'>ὰγὰπη</span> <span class='ocrx_word' id='word_1_340' title='bbox 2998 1871 3114 1926; x_wconf 86' lang='grc' dir='ltr'>ὲστί</span> <span class='ocrx_word' id='word_1_341' title='bbox 3137 1887 3150 1901; x_wconf 82' lang='lat'><strong>&#39;</strong></span> <span class='ocrx_word' id='word_1_342' title='bbox 3169 1871 3268 1943; x_wconf 77' lang='grc' dir='ltr'><strong>τὴν</strong></span> <span class='ocrx_word' id='word_1_343' title='bbox 3297 1872 3354 1924; x_wconf 81' lang='grc' dir='ltr'>δὲ</span> <span class='ocrx_word' id='word_1_344' title='bbox 3380 1872 3602 1944; x_wconf 79' lang='grc' dir='ltr'>ἀγάπην</span> <span class='ocrx_word' id='word_1_345' title='bbox 3629 1873 3734 1926; x_wconf 79' lang='grc' dir='ltr'><strong>τὸν</strong></span> 
     </span>
    </p>
   </div>
   <div class='ocr_carea' id='block_1_50' title="bbox 2151 1960 3737 2034">
    <p class='ocr_par' dir='ltr' id='par_1_50' title="bbox 2151 1960 3737 2034">
     <span class='ocr_line' id='line_1_50' title="bbox 2151 1960 3737 2034; baseline 0.001 -18"><span class='ocrx_word' id='word_1_346' title='bbox 2151 1962 2284 2016; x_wconf 78' lang='grc' dir='ltr'>Θεὸν</span> <span class='ocrx_word' id='word_1_347' title='bbox 2320 1960 2476 2018; x_wconf 78' lang='grc' dir='ltr'>εἶναι.</span> <span class='ocrx_word' id='word_1_348' title='bbox 2500 1963 2654 2034; x_wconf 87' lang='grc' dir='ltr'><strong>παρά</strong></span> <span class='ocrx_word' id='word_1_349' title='bbox 2702 1964 2802 2034; x_wconf 75' lang='grc' dir='ltr'><strong>τῆς</strong></span> <span class='ocrx_word' id='word_1_350' title='bbox 2828 1965 3052 2034; x_wconf 76' lang='grc' dir='ltr'>Γραφῆς</span> <span class='ocrx_word' id='word_1_351' title='bbox 3103 1963 3531 2034; x_wconf 82' lang='grc' dir='ltr'><strong>μεμαθήκαμεν,</strong></span> <span class='ocrx_word' id='word_1_352' title='bbox 3560 1964 3620 2027; x_wconf 78' lang='grc' dir='ltr'>ὃς</span> <span class='ocrx_word' id='word_1_353' title='bbox 3664 1965 3737 2018; x_wconf 76' lang='grc' dir='ltr'>τὸ</span> 
     </span>
    </p>
   </div>
   <div class='ocr_carea' id='block_1_51' title="bbox 2153 2053 3734 2125">
    <p class='ocr_par' dir='ltr' id='par_1_51' title="bbox 2153 2053 3734 2125">
     <span class='ocr_line' id='line_1_51' title="bbox 2153 2053 3734 2125; baseline -0.001 -17"><span class='ocrx_word' id='word_1_354' title='bbox 2153 2055 2410 2108; x_wconf 75' lang='grc' dir='ltr'>ἐκλεκτὸν</span> <span class='ocrx_word' id='word_1_355' title='bbox 2442 2054 2598 2125; x_wconf 83' lang='grc' dir='ltr'>βέλος</span> <span class='ocrx_word' id='word_1_356' title='bbox 2625 2055 2715 2109; x_wconf 70' lang='grc' dir='ltr'>τὸν</span> <span class='ocrx_word' id='word_1_357' title='bbox 2748 2053 3011 2124; x_wconf 82' lang='grc' dir='ltr'>μονογενῆ</span> <span class='ocrx_word' id='word_1_358' title='bbox 3042 2053 3172 2108; x_wconf 80' lang='grc' dir='ltr'>Υίὸν</span> <span class='ocrx_word' id='word_1_359' title='bbox 3203 2053 3298 2107; x_wconf 73' lang='grc' dir='ltr'><strong>ἐπὶ</strong></span> <span class='ocrx_word' id='word_1_360' title='bbox 3321 2055 3447 2118; x_wconf 79' lang='grc' dir='ltr'>τοὺς</span> <span class='ocrx_word' id='word_1_361' title='bbox 3481 2053 3734 2122; x_wconf 79' lang='grc' dir='ltr'>σωζομέ-</span> 
     </span>
    </p>
   </div>
   <div class='ocr_carea' id='block_1_52' title="bbox 2151 2143 3733 2224">
    <p class='ocr_par' dir='ltr' id='par_1_52' title="bbox 2151 2143 3733 2224">
     <span class='ocr_line' id='line_1_52' title="bbox 2151 2143 3733 2224; baseline 0 -26"><span class='ocrx_word' id='word_1_362' title='bbox 2151 2162 2275 2209; x_wconf 87' lang='grc' dir='ltr'>νους</span> <span class='ocrx_word' id='word_1_363' title='bbox 2294 2145 2588 2224; x_wconf 72' lang='grc' dir='ltr'>ἐκπέμπει,</span> <span class='ocrx_word' id='word_1_364' title='bbox 2607 2145 2690 2219; x_wconf 65' lang='grc' dir='ltr'><strong>Δτῷ</strong></span> <span class='ocrx_word' id='word_1_365' title='bbox 2719 2143 2996 2214; x_wconf 84' lang='grc' dir='ltr'>πνεύματι</span> <span class='ocrx_word' id='word_1_366' title='bbox 3020 2143 3119 2214; x_wconf 82' lang='grc' dir='ltr'>τῆς</span> <span class='ocrx_word' id='word_1_367' title='bbox 3149 2143 3297 2212; x_wconf 77' lang='grc' dir='ltr'>ζωῆς</span> <span class='ocrx_word' id='word_1_368' title='bbox 3357 2143 3459 2214; x_wconf 81' lang='grc' dir='ltr'><strong>τὴν</strong></span> <span class='ocrx_word' id='word_1_369' title='bbox 3487 2144 3733 2215; x_wconf 84' lang='grc' dir='ltr'>τριπλῆν</span> 
     </span>
    </p>
   </div>
   <div class='ocr_carea' id='block_1_53' title="bbox 2150 2232 3732 2306">
    <p class='ocr_par' dir='ltr' id='par_1_53' title="bbox 2150 2232 3732 2306">
     <span class='ocr_line' id='line_1_53' title="bbox 2150 2232 3732 2306; baseline -0.001 -18"><span class='ocrx_word' id='word_1_370' title='bbox 2150 2235 2253 2306; x_wconf 79' lang='grc' dir='ltr'>τῆς</span> <span class='ocrx_word' id='word_1_371' title='bbox 2291 2235 2475 2298; x_wconf 79' lang='grc' dir='ltr'>ἀκίδος</span> <span class='ocrx_word' id='word_1_372' title='bbox 2523 2234 2707 2304; x_wconf 83' lang='grc' dir='ltr'>ἀκμὴν</span> <span class='ocrx_word' id='word_1_373' title='bbox 2763 2232 3146 2304; x_wconf 85' lang='grc' dir='ltr'>περιχρῶσαν·</span> <span class='ocrx_word' id='word_1_374' title='bbox 3193 2233 3320 2296; x_wconf 71' lang='grc' dir='ltr'>ἀκὶς</span> <span class='ocrx_word' id='word_1_375' title='bbox 3364 2233 3422 2287; x_wconf 74' lang='grc' dir='ltr'>δὲ</span> <span class='ocrx_word' id='word_1_376' title='bbox 3468 2235 3502 2304; x_wconf 82' lang='grc' dir='ltr'>ἠ</span> <span class='ocrx_word' id='word_1_377' title='bbox 3541 2233 3732 2296; x_wconf 81' lang='grc' dir='ltr'>πίστις</span> 
     </span>
    </p>
   </div>
   <div class='ocr_carea' id='block_1_54' title="bbox 2151 2319 3729 2395">
    <p class='ocr_par' dir='ltr' id='par_1_54' title="bbox 2151 2319 3729 2395">
     <span class='ocr_line' id='line_1_54' title="bbox 2151 2319 3729 2395; baseline 0 -17"><span class='ocrx_word' id='word_1_378' title='bbox 2151 2326 2296 2380; x_wconf 77' lang='grc' dir='ltr'>ἐστίν</span> <span class='ocrx_word' id='word_1_379' title='bbox 2320 2339 2335 2356; x_wconf 85' lang='grc'>⁶</span> <span class='ocrx_word' id='word_1_380' title='bbox 2383 2326 2470 2379; x_wconf 77' lang='grc' dir='ltr'><strong>ἵνα</strong></span> <span class='ocrx_word' id='word_1_381' title='bbox 2515 2327 2572 2378; x_wconf 77' lang='grc' dir='ltr'><strong>ἐν</strong></span> <span class='ocrx_word' id='word_1_382' title='bbox 2603 2319 2648 2392; x_wconf 81' lang='grc' dir='ltr'><strong>ᾧ</strong></span> <span class='ocrx_word' id='word_1_383' title='bbox 2675 2323 2740 2378; x_wconf 78' lang='grc' dir='ltr'>ἂν</span> <span class='ocrx_word' id='word_1_384' title='bbox 2765 2324 2992 2394; x_wconf 89' lang='grc' dir='ltr'>γένηται</span> <span class='ocrx_word' id='word_1_385' title='bbox 3040 2323 3412 2395; x_wconf 80' lang='grc' dir='ltr'>συνεισαγάγῃ</span> <span class='ocrx_word' id='word_1_386' title='bbox 3465 2325 3604 2394; x_wconf 86' lang='grc' dir='ltr'><strong>μετά</strong></span> <span class='ocrx_word' id='word_1_387' title='bbox 3625 2325 3729 2378; x_wconf 84' lang='grc' dir='ltr'>τοῦ</span> 
     </span>
    </p>
   </div>
   <div class='ocr_carea' id='block_1_55' title="bbox 2154 2413 3730 2486">
    <p class='ocr_par' dir='ltr' id='par_1_55' title="bbox 2154 2413 3730 2486">
     <span class='ocr_line' id='line_1_55' title="bbox 2154 2413 3730 2486; baseline 0 -18"><span class='ocrx_word' id='word_1_388' title='bbox 2154 2417 2339 2486; x_wconf 77' lang='grc' dir='ltr'>βέλους</span> <span class='ocrx_word' id='word_1_389' title='bbox 2365 2418 2460 2470; x_wconf 72' lang='grc' dir='ltr'>καὶ</span> <span class='ocrx_word' id='word_1_390' title='bbox 2489 2415 2580 2472; x_wconf 81' lang='grc' dir='ltr'><strong>τὸν</strong></span> <span class='ocrx_word' id='word_1_391' title='bbox 2607 2415 2852 2486; x_wconf 79' lang='grc' dir='ltr'>τοξότην,</span> <span class='ocrx_word' id='word_1_392' title='bbox 2896 2414 2974 2478; x_wconf 84' lang='grc' dir='ltr'>ὥς</span> <span class='ocrx_word' id='word_1_393' title='bbox 3005 2430 3168 2484; x_wconf 82' lang='grc' dir='ltr'>φησιν</span> <span class='ocrx_word' id='word_1_394' title='bbox 3205 2417 3234 2468; x_wconf 79' lang='grc' dir='ltr'><strong><em>ὁ</em></strong></span> <span class='ocrx_word' id='word_1_395' title='bbox 3266 2414 3502 2484; x_wconf 84' lang='grc' dir='ltr'>Κύριος·</span> <span class='ocrx_word' id='word_1_396' title='bbox 3542 2433 3561 2466; x_wconf 89' lang='lat' dir='ltr'><strong>r</strong></span> <span class='ocrx_word' id='word_1_397' title='bbox 3581 2413 3730 2484; x_wconf 83' lang='grc' dir='ltr'><strong>Ἐγὼ</strong></span> 
     </span>
    </p>
   </div>
   <div class='ocr_carea' id='block_1_56' title="bbox 2150 2505 3730 2578">
    <p class='ocr_par' dir='ltr' id='par_1_56' title="bbox 2150 2505 3730 2578">
     <span class='ocr_line' id='line_1_56' title="bbox 2150 2505 3730 2578; baseline -0.001 -16"><span class='ocrx_word' id='word_1_398' title='bbox 2150 2509 2247 2562; x_wconf 70' lang='grc' dir='ltr'><strong>καὶ</strong></span> <span class='ocrx_word' id='word_1_399' title='bbox 2291 2510 2320 2561; x_wconf 84' lang='grc' dir='ltr'>ὁ</span> <span class='ocrx_word' id='word_1_400' title='bbox 2369 2507 2561 2578; x_wconf 77' lang='grc' dir='ltr'>Πατὴρ</span> <span class='ocrx_word' id='word_1_401' title='bbox 2607 2505 2984 2576; x_wconf 80' lang='grc' dir='ltr'><strong>ἐλευσόμεθα,</strong></span> <span class='ocrx_word' id='word_1_402' title='bbox 3036 2506 3131 2558; x_wconf 71' lang='grc' dir='ltr'><strong>καὶ</strong></span> <span class='ocrx_word' id='word_1_403' title='bbox 3187 2505 3356 2575; x_wconf 80' lang='grc' dir='ltr'>μονὴν</span> <span class='ocrx_word' id='word_1_404' title='bbox 3395 2505 3530 2578; x_wconf 83' lang='grc' dir='ltr'>παρ’</span> <span class='ocrx_word' id='word_1_405' title='bbox 3575 2506 3730 2576; x_wconf 84' lang='grc' dir='ltr'><strong>αὐτῷ</strong></span> 
     </span>
    </p>
   </div>
   <div class='ocr_carea' id='block_1_57' title="bbox 2151 2583 3730 2668">
    <p class='ocr_par' dir='ltr' id='par_1_57' title="bbox 2151 2583 3730 2668">
     <span class='ocr_line' id='line_1_57' title="bbox 2151 2583 3730 2668; baseline -0.001 -16"><span class='ocrx_word' id='word_1_406' title='bbox 2151 2600 2465 2668; x_wconf 85' lang='grc' dir='ltr'>ποιήσομεν.</span> <span class='ocrx_word' id='word_1_407' title='bbox 2489 2617 2508 2648; x_wconf 72' lang='grc' dir='ltr'><strong>ι</strong></span> <span class='ocrx_word' id='word_1_408' title='bbox 2552 2598 2684 2668; x_wconf 81' lang='grc' dir='ltr'>Ὁρᾷ</span> <span class='ocrx_word' id='word_1_409' title='bbox 2714 2596 2892 2650; x_wconf 87' lang='grc' dir='ltr'>τοίνυν</span> <span class='ocrx_word' id='word_1_410' title='bbox 2922 2599 2956 2666; x_wconf 79' lang='grc' dir='ltr'><strong>η</strong></span> <span class='ocrx_word' id='word_1_411' title='bbox 2981 2595 3068 2650; x_wconf 86' lang='grc' dir='ltr'><strong>διά</strong></span> <span class='ocrx_word' id='word_1_412' title='bbox 3093 2596 3201 2649; x_wconf 83' lang='grc' dir='ltr'><strong>τῶν</strong></span> <span class='ocrx_word' id='word_1_413' title='bbox 3223 2583 3382 2650; x_wconf 85' lang='grc' dir='ltr'>θείων</span> <span class='ocrx_word' id='word_1_414' title='bbox 3403 2597 3730 2651; x_wconf 80' lang='grc' dir='ltr'>ἀναόἀσεων</span> 
     </span>
    </p>
   </div>
   <div class='ocr_carea' id='block_1_58' title="bbox 2151 2687 3726 2759">
    <p class='ocr_par' dir='ltr' id='par_1_58' title="bbox 2151 2687 3726 2759">
     <span class='ocr_line' id='line_1_58' title="bbox 2151 2687 3726 2759; baseline -0.002 -16"><span class='ocrx_word' id='word_1_415' title='bbox 2151 2689 2428 2759; x_wconf 77' lang='grc' dir='ltr'>ὐψωθεῖσα</span> <span class='ocrx_word' id='word_1_416' title='bbox 2455 2687 2605 2759; x_wconf 75' lang='grc' dir='ltr'><strong>ψυχὴ</strong></span> <span class='ocrx_word' id='word_1_417' title='bbox 2626 2687 2686 2741; x_wconf 75' lang='grc' dir='ltr'><strong>τὸ</strong></span> <span class='ocrx_word' id='word_1_418' title='bbox 2710 2687 2882 2756; x_wconf 82' lang='grc' dir='ltr'>γλυκὺ</span> <span class='ocrx_word' id='word_1_419' title='bbox 2908 2687 3008 2756; x_wconf 84' lang='grc' dir='ltr'><strong>τῆς</strong></span> <span class='ocrx_word' id='word_1_420' title='bbox 3031 2687 3254 2757; x_wconf 81' lang='grc' dir='ltr'>ἀγάπης</span> <span class='ocrx_word' id='word_1_421' title='bbox 3285 2687 3441 2757; x_wconf 79' lang='grc' dir='ltr'>βέλος</span> <span class='ocrx_word' id='word_1_422' title='bbox 3467 2689 3528 2742; x_wconf 81' lang='grc' dir='ltr'><strong>ὲν</strong></span> <span class='ocrx_word' id='word_1_423' title='bbox 3548 2689 3726 2758; x_wconf 75' lang='grc' dir='ltr'>ἑαυτῇ</span> 
     </span>
    </p>
   </div>
   <div class='ocr_carea' id='block_1_59' title="bbox 2149 2774 3726 2856">
    <p class='ocr_par' dir='ltr' id='par_1_59' title="bbox 2149 2774 3726 2856">
     <span class='ocr_line' id='line_1_59' title="bbox 2149 2774 3726 2856; baseline -0.001 -24"><span class='ocrx_word' id='word_1_424' title='bbox 2149 2774 2195 2856; x_wconf 76' lang='grc' dir='ltr'>ᾧ</span> <span class='ocrx_word' id='word_1_425' title='bbox 2225 2777 2436 2849; x_wconf 83' lang='grc' dir='ltr'>ἐτρώθη</span> <span class='ocrx_word' id='word_1_426' title='bbox 2456 2795 2471 2810; x_wconf 80' lang='grc' dir='ltr'><strong>ο</strong></span> <span class='ocrx_word' id='word_1_427' title='bbox 2503 2779 2599 2832; x_wconf 74' lang='grc' dir='ltr'>καὶ</span> <span class='ocrx_word' id='word_1_428' title='bbox 2635 2776 2898 2848; x_wconf 83' lang='grc' dir='ltr'>καύχημα</span> <span class='ocrx_word' id='word_1_429' title='bbox 2920 2779 3156 2830; x_wconf 82' lang='grc' dir='ltr'>ποιεῖται</span> <span class='ocrx_word' id='word_1_430' title='bbox 3181 2777 3280 2844; x_wconf 83' lang='grc' dir='ltr'>τὴν</span> <span class='ocrx_word' id='word_1_431' title='bbox 3303 2776 3564 2844; x_wconf 77' lang='grc' dir='ltr'>τοιαύτην</span> <span class='ocrx_word' id='word_1_432' title='bbox 3585 2777 3726 2847; x_wconf 81' lang='grc' dir='ltr'>πλη-</span> 
     </span>
    </p>
   </div>
   <div class='ocr_carea' id='block_1_60' title="bbox 2149 2870 3731 2942">
    <p class='ocr_par' dir='ltr' id='par_1_60' title="bbox 2149 2870 3731 2942">
     <span class='ocr_line' id='line_1_60' title="bbox 2149 2870 3731 2942; baseline -0.003 -17"><span class='ocrx_word' id='word_1_433' title='bbox 2149 2874 2252 2942; x_wconf 76' lang='grc' dir='ltr'><strong>τὴν</strong></span> <span class='ocrx_word' id='word_1_434' title='bbox 2282 2871 2684 2941; x_wconf 83' lang='grc' dir='ltr'>λέγουσα·”οτι</span> <span class='ocrx_word' id='word_1_435' title='bbox 2703 2872 3034 2940; x_wconf 81' lang='grc' dir='ltr'>τετρωμένη</span> <span class='ocrx_word' id='word_1_436' title='bbox 3068 2870 3304 2940; x_wconf 74' lang='grc' dir='ltr'>ἀγάπης</span> <span class='ocrx_word' id='word_1_437' title='bbox 3330 2870 3446 2941; x_wconf 69' lang='grc' dir='ltr'><strong>ἐγώ</strong></span> <span class='ocrx_word' id='word_1_438' title='bbox 3465 2887 3482 2902; x_wconf 86' lang='grc'><strong>·</strong></span> <span class='ocrx_word' id='word_1_439' title='bbox 3517 2871 3580 2925; x_wconf 92' lang='grc' dir='ltr'>οὐ</span> <span class='ocrx_word' id='word_1_440' title='bbox 3615 2871 3731 2941; x_wconf 76' lang='grc' dir='ltr'>μὴν</span> 
     </span>
    </p>
   </div>
   <div class='ocr_carea' id='block_1_61' title="bbox 2149 2959 3730 3032">
    <p class='ocr_par' dir='ltr' id='par_1_61' title="bbox 2149 2959 3730 3032">
     <span class='ocr_line' id='line_1_61' title="bbox 2149 2959 3730 3032; baseline -0.001 -16"><span class='ocrx_word' id='word_1_441' title='bbox 2149 2963 2286 3016; x_wconf 84' lang='grc' dir='ltr'>ἀλλὰ</span> <span class='ocrx_word' id='word_1_442' title='bbox 2313 2964 2406 3017; x_wconf 78' lang='grc' dir='ltr'>καὶ</span> <span class='ocrx_word' id='word_1_443' title='bbox 2439 2961 2578 3032; x_wconf 82' lang='grc' dir='ltr'>αὐτὴ</span> <span class='ocrx_word' id='word_1_444' title='bbox 2606 2961 2818 3030; x_wconf 85' lang='grc' dir='ltr'>γίνεται</span> <span class='ocrx_word' id='word_1_445' title='bbox 2849 2961 3004 3031; x_wconf 80' lang='grc' dir='ltr'>βέλος</span> <span class='ocrx_word' id='word_1_446' title='bbox 3031 2961 3089 3014; x_wconf 67' lang='grc' dir='ltr'><strong>ἐν</strong></span> <span class='ocrx_word' id='word_1_447' title='bbox 3112 2963 3232 3024; x_wconf 86' lang='grc' dir='ltr'>ταῖς</span> <span class='ocrx_word' id='word_1_448' title='bbox 3265 2978 3325 3032; x_wconf 88' lang='grc' dir='ltr'>χε</span> <span class='ocrx_word' id='word_1_449' title='bbox 3335 2961 3424 3031; x_wconf 55' lang='lat' dir='ltr'><strong>poi</strong></span> <span class='ocrx_word' id='word_1_450' title='bbox 3450 2959 3544 3015; x_wconf 88' lang='grc' dir='ltr'>τοῦ</span> <span class='ocrx_word' id='word_1_451' title='bbox 3570 2961 3730 3026; x_wconf 81' lang='grc' dir='ltr'><strong>τοξὸ-</strong></span> 
     </span>
    </p>
   </div>
   <div class='ocr_carea' id='block_1_62' title="bbox 2149 3051 3732 3124">
    <p class='ocr_par' dir='ltr' id='par_1_62' title="bbox 2149 3051 3732 3124">
     <span class='ocr_line' id='line_1_62' title="bbox 2149 3051 3732 3124; baseline -0.001 -17"><span class='ocrx_word' id='word_1_452' title='bbox 2149 3071 2265 3114; x_wconf 82' lang='grc' dir='ltr'>του.</span> <span class='ocrx_word' id='word_1_453' title='bbox 2299 3055 2402 3124; x_wconf 81' lang='grc' dir='ltr'>τῆς</span> <span class='ocrx_word' id='word_1_454' title='bbox 2437 3053 2535 3122; x_wconf 79' lang='grc' dir='ltr'>μὲν</span> <span class='ocrx_word' id='word_1_455' title='bbox 2568 3051 2848 3122; x_wconf 84' lang='grc' dir='ltr'>εὐωνύμου</span> <span class='ocrx_word' id='word_1_456' title='bbox 2894 3052 2994 3122; x_wconf 84' lang='grc' dir='ltr'>τὴν</span> <span class='ocrx_word' id='word_1_457' title='bbox 3032 3051 3275 3122; x_wconf 75' lang='grc' dir='ltr'>κεφαλὴν</span> <span class='ocrx_word' id='word_1_458' title='bbox 3313 3051 3451 3122; x_wconf 81' lang='grc' dir='ltr'>πρὸς</span> <span class='ocrx_word' id='word_1_459' title='bbox 3481 3051 3572 3106; x_wconf 79' lang='grc' dir='ltr'><strong>τὸν</strong></span> <span class='ocrx_word' id='word_1_460' title='bbox 3610 3053 3732 3107; x_wconf 80' lang='grc' dir='ltr'>ἄνω</span> 
     </span>
    </p>
   </div>
   <div class='ocr_carea' id='block_1_63' title="bbox 483 3127 2052 3217">
    <p class='ocr_par' dir='ltr' id='par_1_63' title="bbox 483 3133 2048 3210">
     <span class='ocr_line' id='line_1_63' title="bbox 483 3133 2048 3210; baseline -0.005 -17"><span class='ocrx_word' id='word_1_461' title='bbox 483 3150 581 3210; x_wconf 86' lang='lat' dir='ltr'><strong>put</strong></span> <span class='ocrx_word' id='word_1_462' title='bbox 611 3139 678 3192; x_wconf 89' lang='lat' dir='ltr'><strong>ad</strong></span> <span class='ocrx_word' id='word_1_463' title='bbox 713 3151 1019 3208; x_wconf 88' lang='lat' dir='ltr'><strong>supernum</strong></span> <span class='ocrx_word' id='word_1_464' title='bbox 1061 3135 1291 3204; x_wconf 85' lang='lat' dir='ltr'><strong>scopum</strong></span> <span class='ocrx_word' id='word_1_465' title='bbox 1322 3133 1616 3203; x_wconf 78' lang='lat' dir='ltr'><strong>dirigente,</strong></span> <span class='ocrx_word' id='word_1_466' title='bbox 1659 3133 1878 3188; x_wconf 83' lang='lat' dir='ltr'><strong>dextera</strong></span> <span class='ocrx_word' id='word_1_467' title='bbox 1923 3148 2048 3188; x_wconf 86' lang='lat' dir='ltr'><strong>vero</strong></span> 
     </span>
    </p>
   </div>
   <div class='ocr_carea' id='block_1_64' title="bbox 2163 3127 3732 3217">
    <p class='ocr_par' dir='ltr' id='par_1_64' title="bbox 2163 3141 3732 3215">
     <span class='ocr_line' id='line_1_64' title="bbox 2163 3141 3732 3215; baseline -0.001 -17"><span class='ocrx_word' id='word_1_468' title='bbox 2163 3143 2354 3198; x_wconf 63' lang='grc' dir='ltr'>σκοπὸν</span> <span class='ocrx_word' id='word_1_469' title='bbox 2381 3143 2712 3215; x_wconf 85' lang='grc' dir='ltr'>εὐθυνούσης</span> <span class='ocrx_word' id='word_1_470' title='bbox 2731 3181 2746 3206; x_wconf 83' lang='grc'><strong>,</strong></span> <span class='ocrx_word' id='word_1_471' title='bbox 2775 3145 2877 3214; x_wconf 79' lang='grc' dir='ltr'><strong>τῆς</strong></span> <span class='ocrx_word' id='word_1_472' title='bbox 2912 3143 3096 3208; x_wconf 80' lang='grc' dir='ltr'>δεξιᾶς</span> <span class='ocrx_word' id='word_1_473' title='bbox 3126 3143 3183 3196; x_wconf 81' lang='grc' dir='ltr'>δὲ</span> <span class='ocrx_word' id='word_1_474' title='bbox 3215 3143 3350 3213; x_wconf 82' lang='grc' dir='ltr'>πρὸς</span> <span class='ocrx_word' id='word_1_475' title='bbox 3378 3141 3576 3213; x_wconf 78' lang='grc' dir='ltr'><strong>ἑαυτὴν</strong></span> <span class='ocrx_word' id='word_1_476' title='bbox 3605 3141 3732 3196; x_wconf 85' lang='grc' dir='ltr'>δια-</span> 
     </span>
    </p>
   </div>
   <div class='ocr_carea' id='block_1_65' title="bbox 483 3225 1522 3296">
    <p class='ocr_par' dir='ltr' id='par_1_65' title="bbox 483 3225 1522 3296">
     <span class='ocr_line' id='line_1_65' title="bbox 483 3225 1522 3296; baseline -0.008 -10"><span class='ocrx_word' id='word_1_477' title='bbox 483 3235 654 3288; x_wconf 81' lang='lat' dir='ltr'><strong>telum</strong></span> <span class='ocrx_word' id='word_1_478' title='bbox 682 3231 747 3284; x_wconf 89' lang='lat' dir='ltr'><strong>ad</strong></span> <span class='ocrx_word' id='word_1_479' title='bbox 773 3245 834 3285; x_wconf 91' lang='lat' dir='ltr'><strong>se</strong></span> <span class='ocrx_word' id='word_1_480' title='bbox 867 3227 1176 3282; x_wconf 86' lang='lat' dir='ltr'><strong>attrahente</strong></span> <span class='ocrx_word' id='word_1_481' title='bbox 1219 3225 1330 3280; x_wconf 89' lang='lat' dir='ltr'><strong>:ait</strong></span> <span class='ocrx_word' id='word_1_482' title='bbox 1351 3240 1522 3296; x_wconf 85' lang='lat' dir='ltr'><strong>ergo:</strong></span> 
     </span>
    </p>
   </div>
   <div class='ocr_carea' id='block_1_66' title="bbox 559 3303 2050 3390">
    <p class='ocr_par' dir='ltr' id='par_1_66' title="bbox 559 3303 2050 3390">
     <span class='ocr_line' id='line_1_66' title="bbox 559 3303 2050 3390; baseline -0.003 -16"><span class='ocrx_word' id='word_1_483' title='bbox 559 3323 726 3378; x_wconf 74' lang='lat' dir='ltr'><strong>Vsus.</strong></span> <span class='ocrx_word' id='word_1_484' title='bbox 757 3323 809 3376; x_wconf 84' lang='lat'><strong>6.</strong></span> <span class='ocrx_word' id='word_1_485' title='bbox 859 3321 1017 3376; x_wconf 73' lang='lat' dir='ltr'><strong>Lazua</strong></span> <span class='ocrx_word' id='word_1_486' title='bbox 1045 3320 1160 3390; x_wconf 79' lang='lat' dir='ltr'><strong>ejus</strong></span> <span class='ocrx_word' id='word_1_487' title='bbox 1191 3319 1286 3373; x_wconf 83' lang='lat' dir='ltr'><strong>sub</strong></span> <span class='ocrx_word' id='word_1_488' title='bbox 1327 3319 1498 3386; x_wconf 84' lang='lat' dir='ltr'><strong>capite</strong></span> <span class='ocrx_word' id='word_1_489' title='bbox 1531 3334 1642 3372; x_wconf 84' lang='lat' dir='ltr'><strong>meo</strong></span> <span class='ocrx_word' id='word_1_490' title='bbox 1673 3303 1723 3372; x_wconf 81' lang='lat' dir='ltr'><strong>et</strong></span> <span class='ocrx_word' id='word_1_491' title='bbox 1744 3317 1960 3372; x_wconf 73' lang='lat' dir='ltr'><strong>dextera</strong></span> <span class='ocrx_word' id='word_1_492' title='bbox 1983 3319 2050 3372; x_wconf 83' lang='lat' dir='ltr'><strong>it-</strong></span> 
     </span>
    </p>
   </div>
   <div class='ocr_carea' id='block_1_67' title="bbox 491 3414 1096 3478">
    <p class='ocr_par' dir='ltr' id='par_1_67' title="bbox 491 3414 1096 3478">
     <span class='ocr_line' id='line_1_67' title="bbox 491 3414 1096 3478; baseline -0.003 -10"><span class='ocrx_word' id='word_1_493' title='bbox 491 3417 595 3468; x_wconf 83' lang='lat' dir='ltr'><strong>lius</strong></span> <span class='ocrx_word' id='word_1_494' title='bbox 627 3414 974 3478; x_wconf 81' lang='lat' dir='ltr'><strong>amplectetur</strong></span> <span class='ocrx_word' id='word_1_495' title='bbox 996 3429 1096 3466; x_wconf 85' lang='lat' dir='ltr'><strong>me.</strong></span> 
     </span>
    </p>
   </div>
   <div class='ocr_carea' id='block_1_68' title="bbox 559 3495 2050 3569">
    <p class='ocr_par' dir='ltr' id='par_1_68' title="bbox 559 3495 2050 3569">
     <span class='ocr_line' id='line_1_68' title="bbox 559 3495 2050 3569; baseline -0.004 -14"><span class='ocrx_word' id='word_1_496' title='bbox 559 3502 774 3569; x_wconf 76' lang='lat' dir='ltr'><strong>Cyrilti.</strong></span> <span class='ocrx_word' id='word_1_497' title='bbox 807 3533 872 3543; x_wconf 93' lang='lat'><strong><em>—</em></strong></span> <span class='ocrx_word' id='word_1_498' title='bbox 898 3501 1134 3556; x_wconf 88' lang='lat' dir='ltr'><strong>Sinistra</strong></span> <span class='ocrx_word' id='word_1_499' title='bbox 1171 3497 1372 3553; x_wconf 91' lang='lat' dir='ltr'><strong>dicitur</strong></span> <span class='ocrx_word' id='word_1_500' title='bbox 1401 3498 1510 3563; x_wconf 81' lang='lat' dir='ltr'><strong>lex,</strong></span> <span class='ocrx_word' id='word_1_501' title='bbox 1544 3497 1767 3553; x_wconf 72' lang='lat' dir='ltr'><strong>dextera</strong></span> <span class='ocrx_word' id='word_1_502' title='bbox 1810 3495 2050 3564; x_wconf 80' lang='lat' dir='ltr'><strong>Evange-</strong></span> 
     </span>
    </p>
   </div>
   <div class='ocr_carea' id='block_1_69' title="bbox 489 3588 2051 3658">
    <p class='ocr_par' dir='ltr' id='par_1_69' title="bbox 489 3588 2051 3658">
     <span class='ocr_line' id='line_1_69' title="bbox 489 3588 2051 3658; baseline -0.004 -12"><span class='ocrx_word' id='word_1_503' title='bbox 489 3593 646 3646; x_wconf 84' lang='lat' dir='ltr'><strong>liuut.</strong></span> <span class='ocrx_word' id='word_1_504' title='bbox 702 3591 791 3646; x_wconf 79' lang='lat' dir='ltr'><strong>Vel</strong></span> <span class='ocrx_word' id='word_1_505' title='bbox 839 3591 1056 3646; x_wconf 88' lang='lat' dir='ltr'><strong>sinistra</strong></span> <span class='ocrx_word' id='word_1_506' title='bbox 1101 3588 1453 3658; x_wconf 84' lang='lat' dir='ltr'><strong>intelligenda</strong></span> <span class='ocrx_word' id='word_1_507' title='bbox 1497 3595 1584 3644; x_wconf 86' lang='lat' dir='ltr'><strong>est</strong></span> <span class='ocrx_word' id='word_1_508' title='bbox 1637 3603 1878 3658; x_wconf 64' lang='lat' dir='ltr'><strong>praesens</strong></span> <span class='ocrx_word' id='word_1_509' title='bbox 1913 3589 2051 3650; x_wconf 81' lang='lat' dir='ltr'><strong>vita,</strong></span> 
     </span>
    </p>
   </div>
   <div class='ocr_carea' id='block_1_70' title="bbox 488 3677 2053 3750">
    <p class='ocr_par' dir='ltr' id='par_1_70' title="bbox 488 3677 2053 3750">
     <span class='ocr_line' id='line_1_70' title="bbox 488 3677 2053 3750; baseline -0.003 -14"><span class='ocrx_word' id='word_1_510' title='bbox 488 3685 715 3737; x_wconf 74' lang='lat' dir='ltr'><strong>dextera</strong></span> <span class='ocrx_word' id='word_1_511' title='bbox 762 3690 944 3737; x_wconf 90' lang='lat' dir='ltr'><strong>autem</strong></span> <span class='ocrx_word' id='word_1_512' title='bbox 1003 3679 1187 3736; x_wconf 80' lang='lat' dir='ltr'><strong>futura</strong></span> <span class='ocrx_word' id='word_1_513' title='bbox 1219 3699 1232 3734; x_wconf 93' lang='lat'><strong>:</strong></span> <span class='ocrx_word' id='word_1_514' title='bbox 1273 3694 1397 3750; x_wconf 67' lang='lat' dir='ltr'><strong>quae</strong></span> <span class='ocrx_word' id='word_1_515' title='bbox 1429 3679 1647 3750; x_wconf 88' lang='lat' dir='ltr'><strong>quidem</strong></span> <span class='ocrx_word' id='word_1_516' title='bbox 1685 3693 1771 3733; x_wconf 85' lang='lat' dir='ltr'><strong>nte</strong></span> <span class='ocrx_word' id='word_1_517' title='bbox 1811 3677 2053 3746; x_wconf 82' lang='lat' dir='ltr'><strong>comple-</strong></span> 
     </span>
    </p>
   </div>
   <div class='ocr_carea' id='block_1_71' title="bbox 489 3766 2050 3840">
    <p class='ocr_par' dir='ltr' id='par_1_71' title="bbox 489 3766 2050 3840">
     <span class='ocr_line' id='line_1_71' title="bbox 489 3766 2050 3840; baseline -0.004 -12"><span class='ocrx_word' id='word_1_518' title='bbox 489 3785 692 3840; x_wconf 80' lang='lat' dir='ltr'><strong>ctetur,</strong></span> <span class='ocrx_word' id='word_1_519' title='bbox 711 3779 999 3840; x_wconf 83' lang='lat' dir='ltr'><strong>postquam</strong></span> <span class='ocrx_word' id='word_1_520' title='bbox 1027 3771 1094 3826; x_wconf 89' lang='lat' dir='ltr'><strong>iis</strong></span> <span class='ocrx_word' id='word_1_521' title='bbox 1114 3769 1206 3840; x_wconf 91' lang='lat' dir='ltr'><strong>qui</strong></span> <span class='ocrx_word' id='word_1_522' title='bbox 1231 3784 1260 3823; x_wconf 88' lang='lat' dir='ltr'><strong>a</strong></span> <span class='ocrx_word' id='word_1_523' title='bbox 1290 3769 1502 3824; x_wconf 80' lang='lat' dir='ltr'><strong>dextris</strong></span> <span class='ocrx_word' id='word_1_524' title='bbox 1528 3780 1688 3824; x_wconf 83' lang='lat' dir='ltr'><strong>erunt</strong></span> <span class='ocrx_word' id='word_1_525' title='bbox 1705 3767 1912 3823; x_wconf 88' lang='lat' dir='ltr'><strong>dictum</strong></span> <span class='ocrx_word' id='word_1_526' title='bbox 1932 3766 2050 3822; x_wconf 80' lang='lat' dir='ltr'><strong>fue-</strong></span> 
     </span>
    </p>
   </div>
   <div class='ocr_carea' id='block_1_72' title="bbox 489 3860 1732 3934">
    <p class='ocr_par' dir='ltr' id='par_1_72' title="bbox 489 3860 1732 3934">
     <span class='ocr_line' id='line_1_72' title="bbox 489 3860 1732 3934; baseline -0.006 -16"><span class='ocrx_word' id='word_1_527' title='bbox 489 3867 563 3918; x_wconf 85' lang='lat' dir='ltr'><strong>rit</strong></span> <span class='ocrx_word' id='word_1_528' title='bbox 596 3881 610 3918; x_wconf 90' lang='lat'><strong>:</strong></span> <span class='ocrx_word' id='word_1_529' title='bbox 653 3883 672 3916; x_wconf 82' lang='grc' dir='ltr'><strong>ι</strong></span> <span class='ocrx_word' id='word_1_530' title='bbox 711 3861 929 3930; x_wconf 82' lang='lat' dir='ltr'><strong>Venite,</strong></span> <span class='ocrx_word' id='word_1_531' title='bbox 957 3861 1226 3920; x_wconf 86' lang='lat' dir='ltr'><strong>benedicti</strong></span> <span class='ocrx_word' id='word_1_532' title='bbox 1249 3861 1436 3934; x_wconf 67' lang='lat' dir='ltr'><strong>Patris</strong></span> <span class='ocrx_word' id='word_1_533' title='bbox 1467 3860 1570 3915; x_wconf 91' lang='lat' dir='ltr'><strong>mei</strong></span> <span class='ocrx_word' id='word_1_534' title='bbox 1607 3860 1672 3913; x_wconf 75' lang='lat'><strong>&quot;.</strong></span> <span class='ocrx_word' id='word_1_535' title='bbox 1713 3878 1732 3910; x_wconf 81' lang='grc' dir='ltr'><strong>ι</strong></span> 
     </span>
    </p>
   </div>
   <div class='ocr_carea' id='block_1_73' title="bbox 561 3949 2054 4027">
    <p class='ocr_par' dir='ltr' id='par_1_73' title="bbox 561 3949 2054 4027">
     <span class='ocr_line' id='line_1_73' title="bbox 561 3949 2054 4027; baseline -0.003 -18"><span class='ocrx_word' id='word_1_536' title='bbox 561 3954 823 4027; x_wconf 82' lang='lat' dir='ltr'><strong>Gregorii.</strong></span> <span class='ocrx_word' id='word_1_537' title='bbox 851 3983 920 3996; x_wconf 88' lang='lat'><strong>--</strong></span> <span class='ocrx_word' id='word_1_538' title='bbox 961 3952 1100 4008; x_wconf 91' lang='lat' dir='ltr'><strong>Dicit</strong></span> <span class='ocrx_word' id='word_1_539' title='bbox 1120 3953 1287 4008; x_wconf 87' lang='lat' dir='ltr'><strong>etiam</strong></span> <span class='ocrx_word' id='word_1_540' title='bbox 1318 3951 1447 4006; x_wconf 88' lang='lat' dir='ltr'><strong>alibi</strong></span> <span class='ocrx_word' id='word_1_541' title='bbox 1483 3969 1497 4006; x_wconf 86' lang='lat'><strong>:</strong></span> <span class='ocrx_word' id='word_1_542' title='bbox 1540 3970 1559 4004; x_wconf 77' lang='grc' dir='ltr'><strong>ι</strong></span> <span class='ocrx_word' id='word_1_543' title='bbox 1593 3949 1906 4020; x_wconf 75' lang='lat' dir='ltr'><strong>Longitudo</strong></span> <span class='ocrx_word' id='word_1_544' title='bbox 1931 3949 2054 4004; x_wconf 65' lang='lat' dir='ltr'><strong>vita!</strong></span> 
     </span>
    </p>
   </div>
   <div class='ocr_carea' id='block_1_74' title="bbox 489 4040 2052 4113">
    <p class='ocr_par' dir='ltr' id='par_1_74' title="bbox 489 4040 2052 4113">
     <span class='ocr_line' id='line_1_74' title="bbox 489 4040 2052 4113; baseline -0.008 -9"><span class='ocrx_word' id='word_1_545' title='bbox 489 4055 545 4104; x_wconf 90' lang='lat' dir='ltr'><strong>et</strong></span> <span class='ocrx_word' id='word_1_546' title='bbox 577 4047 706 4102; x_wconf 87' lang='lat' dir='ltr'><strong>anni</strong></span> <span class='ocrx_word' id='word_1_547' title='bbox 739 4045 863 4102; x_wconf 63' lang='lat' dir='ltr'><strong>vitae</strong></span> <span class='ocrx_word' id='word_1_548' title='bbox 893 4055 1022 4100; x_wconf 82' lang='lat' dir='ltr'><strong>sunt</strong></span> <span class='ocrx_word' id='word_1_549' title='bbox 1060 4044 1114 4098; x_wconf 91' lang='lat' dir='ltr'><strong>itt</strong></span> <span class='ocrx_word' id='word_1_550' title='bbox 1149 4043 1372 4099; x_wconf 83' lang='lat' dir='ltr'><strong>dextera</strong></span> <span class='ocrx_word' id='word_1_551' title='bbox 1398 4042 1682 4113; x_wconf 69' lang='lat' dir='ltr'><strong>sapientia:</strong></span> <span class='ocrx_word' id='word_1_552' title='bbox 1706 4059 1720 4094; x_wconf 92' lang='lat'>:</span> <span class='ocrx_word' id='word_1_553' title='bbox 1746 4041 1801 4096; x_wconf 90' lang='lat' dir='ltr'><strong>in</strong></span> <span class='ocrx_word' id='word_1_554' title='bbox 1829 4040 2052 4095; x_wconf 87' lang='lat' dir='ltr'><strong>sinistra</strong></span> 
     </span>
    </p>
   </div>
   <div class='ocr_carea' id='block_1_75' title="bbox 490 4127 2056 4204">
    <p class='ocr_par' dir='ltr' id='par_1_75' title="bbox 490 4127 2056 4204">
     <span class='ocr_line' id='line_1_75' title="bbox 490 4127 2056 4204; baseline -0.006 -14"><span class='ocrx_word' id='word_1_555' title='bbox 490 4153 624 4192; x_wconf 83' lang='lat' dir='ltr'><strong>vero</strong></span> <span class='ocrx_word' id='word_1_556' title='bbox 663 4135 870 4192; x_wconf 66' lang='lat' dir='ltr'><strong>divitias</strong></span> <span class='ocrx_word' id='word_1_557' title='bbox 925 4143 982 4189; x_wconf 92' lang='lat' dir='ltr'><strong>et</strong></span> <span class='ocrx_word' id='word_1_558' title='bbox 1013 4133 1188 4204; x_wconf 87' lang='lat' dir='ltr'><strong>gloria</strong></span> <span class='ocrx_word' id='word_1_559' title='bbox 1219 4131 1286 4186; x_wconf 77' lang='lat'><strong>“.</strong></span> <span class='ocrx_word' id='word_1_560' title='bbox 1330 4149 1348 4182; x_wconf 79' lang='grc' dir='ltr'><strong>ι</strong></span> <span class='ocrx_word' id='word_1_561' title='bbox 1398 4129 1631 4186; x_wconf 81' lang='lat' dir='ltr'><strong>Dextera</strong></span> <span class='ocrx_word' id='word_1_562' title='bbox 1684 4130 1852 4200; x_wconf 88' lang='lat' dir='ltr'><strong>igitur</strong></span> <span class='ocrx_word' id='word_1_563' title='bbox 1905 4127 2056 4182; x_wconf 91' lang='lat' dir='ltr'><strong>illius</strong></span> 
     </span>
    </p>
   </div>
   <div class='ocr_carea' id='block_1_76' title="bbox 492 4219 2056 4291">
    <p class='ocr_par' dir='ltr' id='par_1_76' title="bbox 492 4219 2056 4291">
     <span class='ocr_line' id='line_1_76' title="bbox 492 4219 2056 4291; baseline -0.008 -7"><span class='ocrx_word' id='word_1_564' title='bbox 492 4230 811 4284; x_wconf 87' lang='lat' dir='ltr'><strong>divinorum</strong></span> <span class='ocrx_word' id='word_1_565' title='bbox 862 4225 1100 4282; x_wconf 87' lang='lat' dir='ltr'><strong>scientia</strong></span> <span class='ocrx_word' id='word_1_566' title='bbox 1130 4231 1218 4279; x_wconf 91' lang='lat' dir='ltr'><strong>est</strong></span> <span class='ocrx_word' id='word_1_567' title='bbox 1259 4238 1326 4278; x_wconf 85' lang='lat' dir='ltr'><strong>ex</strong></span> <span class='ocrx_word' id='word_1_568' title='bbox 1357 4236 1466 4291; x_wconf 87' lang='lat' dir='ltr'><strong>qua</strong></span> <span class='ocrx_word' id='word_1_569' title='bbox 1505 4231 1706 4276; x_wconf 67' lang='grc' dir='ltr'>αξιοι-ηε</span> <span class='ocrx_word' id='word_1_570' title='bbox 1759 4220 1866 4274; x_wconf 84' lang='lat' dir='ltr'><strong>vita</strong></span> <span class='ocrx_word' id='word_1_571' title='bbox 1910 4219 2056 4274; x_wconf 81' lang='lat' dir='ltr'><strong>exsi-</strong></span> 
     </span>
    </p>
   </div>
   <div class='ocr_carea' id='block_1_77' title="bbox 493 4314 2056 4396">
    <p class='ocr_par' dir='ltr' id='par_1_77' title="bbox 493 4314 2056 4396">
     <span class='ocr_line' id='line_1_77' title="bbox 493 4314 2056 4396; baseline -0.007 -19"><span class='ocrx_word' id='word_1_572' title='bbox 493 4323 624 4388; x_wconf 82' lang='lat' dir='ltr'><strong>stit;</strong></span> <span class='ocrx_word' id='word_1_573' title='bbox 679 4321 904 4378; x_wconf 86' lang='lat' dir='ltr'><strong>sinistra</strong></span> <span class='ocrx_word' id='word_1_574' title='bbox 945 4333 1076 4396; x_wconf 80' lang='lat' dir='ltr'><strong>vero</strong></span> <span class='ocrx_word' id='word_1_575' title='bbox 1113 4317 1354 4388; x_wconf 87' lang='lat' dir='ltr'><strong>cognitio</strong></span> <span class='ocrx_word' id='word_1_576' title='bbox 1388 4329 1572 4371; x_wconf 90' lang='lat' dir='ltr'><strong>rerum</strong></span> <span class='ocrx_word' id='word_1_577' title='bbox 1621 4314 1979 4368; x_wconf 88' lang='lat' dir='ltr'><strong>humanarum</strong></span> <span class='ocrx_word' id='word_1_578' title='bbox 2023 4325 2056 4366; x_wconf 92' lang='lat' dir='ltr'><strong>e</strong></span> 
     </span>
    </p>
   </div>
   <div class='ocr_carea' id='block_1_78' title="bbox 493 4403 2054 4484">
    <p class='ocr_par' dir='ltr' id='par_1_78' title="bbox 493 4403 2054 4484">
     <span class='ocr_line' id='line_1_78' title="bbox 493 4403 2054 4484; baseline -0.008 -16"><span class='ocrx_word' id='word_1_579' title='bbox 493 4415 694 4484; x_wconf 88' lang='lat' dir='ltr'><strong>quihus</strong></span> <span class='ocrx_word' id='word_1_580' title='bbox 723 4412 929 4468; x_wconf 73' lang='lat' dir='ltr'><strong>divitia:</strong></span> <span class='ocrx_word' id='word_1_581' title='bbox 961 4421 1014 4466; x_wconf 92' lang='lat' dir='ltr'><strong>et</strong></span> <span class='ocrx_word' id='word_1_582' title='bbox 1044 4409 1240 4482; x_wconf 88' lang='lat' dir='ltr'><strong>gloria,</strong></span> <span class='ocrx_word' id='word_1_583' title='bbox 1265 4407 1342 4463; x_wconf 91' lang='lat' dir='ltr'><strong>ait</strong></span> <span class='ocrx_word' id='word_1_584' title='bbox 1375 4406 1542 4476; x_wconf 74' lang='lat' dir='ltr'><strong>igitur</strong></span> <span class='ocrx_word' id='word_1_585' title='bbox 1579 4423 1592 4460; x_wconf 91' lang='lat'><strong>:</strong></span> <span class='ocrx_word' id='word_1_586' title='bbox 1628 4403 1778 4458; x_wconf 83' lang='lat' dir='ltr'><strong>Mens</strong></span> <span class='ocrx_word' id='word_1_587' title='bbox 1799 4417 1918 4456; x_wconf 88' lang='lat' dir='ltr'><strong>mea</strong></span> <span class='ocrx_word' id='word_1_588' title='bbox 1957 4418 2054 4456; x_wconf 86' lang='lat' dir='ltr'><strong>su-</strong></span> 
     </span>
    </p>
   </div>
   <div class='ocr_carea' id='block_1_79' title="bbox 495 4493 2050 4574">
    <p class='ocr_par' dir='ltr' id='par_1_79' title="bbox 495 4493 2050 4574">
     <span class='ocr_line' id='line_1_79' title="bbox 495 4493 2050 4574; baseline -0.007 -15"><span class='ocrx_word' id='word_1_589' title='bbox 495 4512 650 4574; x_wconf 85' lang='lat' dir='ltr'><strong>perat</strong></span> <span class='ocrx_word' id='word_1_590' title='bbox 678 4505 917 4558; x_wconf 88' lang='lat' dir='ltr'><strong>humana</strong></span> <span class='ocrx_word' id='word_1_591' title='bbox 946 4512 1002 4558; x_wconf 87' lang='lat' dir='ltr'><strong>et</strong></span> <span class='ocrx_word' id='word_1_592' title='bbox 1025 4502 1210 4558; x_wconf 83' lang='lat' dir='ltr'><strong>divina</strong></span> <span class='ocrx_word' id='word_1_593' title='bbox 1242 4499 1484 4570; x_wconf 85' lang='lat' dir='ltr'><strong>cognitio</strong></span> <span class='ocrx_word' id='word_1_594' title='bbox 1515 4505 1658 4567; x_wconf 85' lang='lat' dir='ltr'><strong>teget</strong></span> <span class='ocrx_word' id='word_1_595' title='bbox 1694 4512 1800 4550; x_wconf 90' lang='lat' dir='ltr'><strong>me.</strong></span> <span class='ocrx_word' id='word_1_596' title='bbox 1836 4493 2050 4548; x_wconf 85' lang='lat' dir='ltr'><strong>Etenim</strong></span> 
     </span>
    </p>
   </div>
   <div class='ocr_carea' id='block_1_80' title="bbox 494 4584 2056 4653">
    <p class='ocr_par' dir='ltr' id='par_1_80' title="bbox 494 4584 2056 4653">
     <span class='ocr_line' id='line_1_80' title="bbox 494 4584 2056 4653; baseline -0.005 -7"><span class='ocrx_word' id='word_1_597' title='bbox 494 4609 688 4648; x_wconf 83' lang='lat' dir='ltr'><strong>rursus</strong></span> <span class='ocrx_word' id='word_1_598' title='bbox 725 4593 934 4648; x_wconf 88' lang='lat' dir='ltr'><strong>dictum</strong></span> <span class='ocrx_word' id='word_1_599' title='bbox 975 4599 1064 4646; x_wconf 89' lang='lat' dir='ltr'><strong>est</strong></span> <span class='ocrx_word' id='word_1_600' title='bbox 1105 4587 1364 4644; x_wconf 84' lang='lat' dir='ltr'><strong>:Honora</strong></span> <span class='ocrx_word' id='word_1_601' title='bbox 1396 4587 1543 4640; x_wconf 88' lang='lat' dir='ltr'><strong>illam</strong></span> <span class='ocrx_word' id='word_1_602' title='bbox 1584 4593 1644 4641; x_wconf 87' lang='lat' dir='ltr'><strong>ut</strong></span> <span class='ocrx_word' id='word_1_603' title='bbox 1686 4594 1738 4640; x_wconf 92' lang='lat' dir='ltr'><strong>le</strong></span> <span class='ocrx_word' id='word_1_604' title='bbox 1769 4584 2056 4653; x_wconf 77' lang='lat' dir='ltr'><strong>ampleCta-</strong></span> 
     </span>
    </p>
   </div>
   <div class='ocr_carea' id='block_1_81' title="bbox 497 4672 2058 4750">
    <p class='ocr_par' dir='ltr' id='par_1_81' title="bbox 497 4672 2058 4750">
     <span class='ocr_line' id='line_1_81' title="bbox 497 4672 2058 4750; baseline -0.005 -15"><span class='ocrx_word' id='word_1_605' title='bbox 497 4693 608 4739; x_wconf 89' lang='lat' dir='ltr'><strong>tur.</strong></span> <span class='ocrx_word' id='word_1_606' title='bbox 658 4681 910 4738; x_wconf 89' lang='lat' dir='ltr'><strong>Ostendit</strong></span> <span class='ocrx_word' id='word_1_607' title='bbox 942 4680 1125 4750; x_wconf 90' lang='lat' dir='ltr'><strong>itaque</strong></span> <span class='ocrx_word' id='word_1_608' title='bbox 1161 4678 1410 4733; x_wconf 85' lang='lat' dir='ltr'><strong>eumdem</strong></span> <span class='ocrx_word' id='word_1_609' title='bbox 1444 4689 1569 4730; x_wconf 92' lang='lat' dir='ltr'><strong>esse</strong></span> <span class='ocrx_word' id='word_1_610' title='bbox 1599 4683 1654 4730; x_wconf 88' lang='lat' dir='ltr'><strong>et</strong></span> <span class='ocrx_word' id='word_1_611' title='bbox 1695 4672 1966 4743; x_wconf 86' lang='lat' dir='ltr'><strong>Sponsum</strong></span> <span class='ocrx_word' id='word_1_612' title='bbox 2003 4682 2058 4727; x_wconf 88' lang='lat' dir='ltr'><strong>et</strong></span> 
     </span>
    </p>
   </div>
   <div class='ocr_carea' id='block_1_82' title="bbox 497 4764 2058 4842">
    <p class='ocr_par' dir='ltr' id='par_1_82' title="bbox 497 4764 2058 4842">
     <span class='ocr_line' id='line_1_82' title="bbox 497 4764 2058 4842; baseline -0.008 -12"><span class='ocrx_word' id='word_1_613' title='bbox 497 4775 839 4842; x_wconf 66' lang='lat' dir='ltr'><strong>sagittarium</strong></span> <span class='ocrx_word' id='word_1_614' title='bbox 869 4781 1140 4833; x_wconf 85' lang='lat' dir='ltr'><strong>nostrum,</strong></span> <span class='ocrx_word' id='word_1_615' title='bbox 1176 4777 1231 4822; x_wconf 87' lang='lat' dir='ltr'><strong>et</strong></span> <span class='ocrx_word' id='word_1_616' title='bbox 1270 4765 1538 4836; x_wconf 84' lang='lat' dir='ltr'><strong>Sponsam</strong></span> <span class='ocrx_word' id='word_1_617' title='bbox 1563 4777 1629 4819; x_wconf 89' lang='lat' dir='ltr'><strong>ac</strong></span> <span class='ocrx_word' id='word_1_618' title='bbox 1655 4764 1908 4834; x_wconf 81' lang='lat' dir='ltr'><strong>sagittam</strong></span> <span class='ocrx_word' id='word_1_619' title='bbox 1935 4779 2058 4818; x_wconf 88' lang='lat' dir='ltr'><strong>esse</strong></span> 
     </span>
    </p>
   </div>
   <div class='ocr_carea' id='block_1_83' title="bbox 499 4851 2070 4932">
    <p class='ocr_par' dir='ltr' id='par_1_83' title="bbox 499 4851 2070 4932">
     <span class='ocr_line' id='line_1_83' title="bbox 499 4851 2070 4932; baseline -0.004 -18"><span class='ocrx_word' id='word_1_620' title='bbox 499 4881 532 4932; x_wconf 83' lang='lat' dir='ltr'><strong>p</strong></span> <span class='ocrx_word' id='word_1_621' title='bbox 558 4880 691 4916; x_wconf 70' lang='lat' dir='ltr'><strong>iram</strong></span> <span class='ocrx_word' id='word_1_622' title='bbox 719 4861 978 4916; x_wconf 85' lang='lat' dir='ltr'><strong>animam.</strong></span> <span class='ocrx_word' id='word_1_623' title='bbox 1017 4860 1169 4915; x_wconf 87' lang='lat' dir='ltr'><strong>Sicut</strong></span> <span class='ocrx_word' id='word_1_624' title='bbox 1219 4859 1385 4912; x_wconf 90' lang='lat' dir='ltr'><strong>telum</strong></span> <span class='ocrx_word' id='word_1_625' title='bbox 1415 4870 1546 4926; x_wconf 85' lang='lat' dir='ltr'><strong>ergo</strong></span> <span class='ocrx_word' id='word_1_626' title='bbox 1592 4855 1658 4910; x_wconf 90' lang='lat' dir='ltr'><strong>ad</strong></span> <span class='ocrx_word' id='word_1_627' title='bbox 1692 4855 1891 4910; x_wconf 91' lang='lat' dir='ltr'><strong>bonum</strong></span> <span class='ocrx_word' id='word_1_628' title='bbox 1926 4851 2070 4910; x_wconf 69' lang='lat' dir='ltr'><strong>dt&#39;ri-&#39;</strong></span> 
     </span>
    </p>
   </div>
   <div class='ocr_carea' id='block_1_84' title="bbox 501 4951 2064 5030">
    <p class='ocr_par' dir='ltr' id='par_1_84' title="bbox 501 4951 2064 5030">
     <span class='ocr_line' id='line_1_84' title="bbox 501 4951 2064 5030; baseline -0.003 -18"><span class='ocrx_word' id='word_1_629' title='bbox 501 4975 532 5030; x_wconf 85' lang='lat' dir='ltr'><strong>g</strong></span> <span class='ocrx_word' id='word_1_630' title='bbox 559 4971 579 5012; x_wconf 94' lang='lat' dir='ltr'><strong>t</strong></span> <span class='ocrx_word' id='word_1_631' title='bbox 601 4971 831 5027; x_wconf 67' lang='lat' dir='ltr'><strong>scopum</strong></span> <span class='ocrx_word' id='word_1_632' title='bbox 857 4975 872 5024; x_wconf 85' lang='lat'><strong>;</strong></span> <span class='ocrx_word' id='word_1_633' title='bbox 907 4955 987 5010; x_wconf 89' lang='lat' dir='ltr'><strong>sic</strong></span> <span class='ocrx_word' id='word_1_634' title='bbox 1011 4963 1066 5008; x_wconf 88' lang='lat' dir='ltr'><strong>et</strong></span> <span class='ocrx_word' id='word_1_635' title='bbox 1086 4953 1356 5022; x_wconf 63' lang='lat' dir='ltr'><strong>Sponsum</strong></span> <span class='ocrx_word' id='word_1_636' title='bbox 1393 4951 1459 5006; x_wconf 86' lang='lat' dir='ltr'><strong>ad</strong></span> <span class='ocrx_word' id='word_1_637' title='bbox 1489 4951 1932 5006; x_wconf 86' lang='lat' dir='ltr'><strong>communionem</strong></span> <span class='ocrx_word' id='word_1_638' title='bbox 1975 4968 2064 5008; x_wconf 86' lang='lat' dir='ltr'><strong>as-</strong></span> 
     </span>
    </p>
   </div>
   <div class='ocr_carea' id='block_1_85' title="bbox 2148 3229 3196 3305">
    <p class='ocr_par' dir='ltr' id='par_1_85' title="bbox 2148 3229 3196 3305">
     <span class='ocr_line' id='line_1_85' title="bbox 2148 3229 3196 3305; baseline -0.002 -17"><span class='ocrx_word' id='word_1_639' title='bbox 2148 3234 2530 3305; x_wconf 78' lang='grc' dir='ltr'>λαμϐανούσης</span> <span class='ocrx_word' id='word_1_640' title='bbox 2567 3233 2628 3287; x_wconf 82' lang='grc' dir='ltr'><strong>τὸ</strong></span> <span class='ocrx_word' id='word_1_641' title='bbox 2668 3232 2849 3302; x_wconf 67' lang='grc' dir='ltr'><strong>βέλος⁹</strong></span> <span class='ocrx_word' id='word_1_642' title='bbox 2892 3233 3043 3302; x_wconf 77' lang='grc' dir='ltr'>φωνὴ</span> <span class='ocrx_word' id='word_1_643' title='bbox 3081 3229 3196 3286; x_wconf 81' lang='grc' dir='ltr'><strong>οὖν’</strong></span> 
     </span>
    </p>
   </div>
   <div class='ocr_carea' id='block_1_86' title="bbox 2220 3323 3727 3393">
    <p class='ocr_par' dir='ltr' id='par_1_86' title="bbox 2220 3323 3727 3393">
     <span class='ocr_line' id='line_1_86' title="bbox 2220 3323 3727 3393; baseline -0.001 -15"><span class='ocrx_word' id='word_1_644' title='bbox 2220 3331 2292 3389; x_wconf 83' lang='grc' dir='ltr'>ς’.</span> <span class='ocrx_word' id='word_1_645' title='bbox 2336 3323 2658 3392; x_wconf 77' lang='grc' dir='ltr'><strong>Εὐώνυμος</strong></span> <span class='ocrx_word' id='word_1_646' title='bbox 2703 3323 2891 3378; x_wconf 81' lang='grc' dir='ltr'>αὐτοῦ</span> <span class='ocrx_word' id='word_1_647' title='bbox 2933 3323 3053 3378; x_wconf 82' lang='grc' dir='ltr'><strong>ὑπὸ</strong></span> <span class='ocrx_word' id='word_1_648' title='bbox 3103 3323 3220 3388; x_wconf 74' lang='grc' dir='ltr'><strong>τὴν</strong></span> <span class='ocrx_word' id='word_1_649' title='bbox 3264 3323 3539 3393; x_wconf 72' lang='grc' dir='ltr'>κεφαλήν</span> <span class='ocrx_word' id='word_1_650' title='bbox 3578 3340 3727 3393; x_wconf 79' lang='grc' dir='ltr'>μου,</span> 
     </span>
    </p>
   </div>
   <div class='ocr_carea' id='block_1_87' title="bbox 2150 3413 3323 3484">
    <p class='ocr_par' dir='ltr' id='par_1_87' title="bbox 2150 3413 3323 3484">
     <span class='ocr_line' id='line_1_87' title="bbox 2150 3413 3323 3484; baseline -0.001 -14"><span class='ocrx_word' id='word_1_651' title='bbox 2150 3415 2247 3470; x_wconf 80' lang='grc' dir='ltr'><strong>καὶ</strong></span> <span class='ocrx_word' id='word_1_652' title='bbox 2282 3416 2321 3482; x_wconf 76' lang='grc' dir='ltr'>ἡ</span> <span class='ocrx_word' id='word_1_653' title='bbox 2361 3413 2531 3479; x_wconf 78' lang='grc' dir='ltr'>δεξιὰ</span> <span class='ocrx_word' id='word_1_654' title='bbox 2565 3414 2752 3468; x_wconf 84' lang='grc' dir='ltr'>αὐτοῦ</span> <span class='ocrx_word' id='word_1_655' title='bbox 2791 3413 3194 3482; x_wconf 71' lang='grc' dir='ltr'>περιλήψεταί</span> <span class='ocrx_word' id='word_1_656' title='bbox 3231 3430 3323 3484; x_wconf 80' lang='grc' dir='ltr'><strong>με.</strong></span> 
     </span>
    </p>
   </div>
   <div class='ocr_carea' id='block_1_88' title="bbox 2221 3505 3728 3576">
    <p class='ocr_par' dir='ltr' id='par_1_88' title="bbox 2221 3505 3728 3576">
     <span class='ocr_line' id='line_1_88' title="bbox 2221 3505 3728 3576; baseline -0.001 -15"><span class='ocrx_word' id='word_1_657' title='bbox 2221 3507 2609 3576; x_wconf 75' lang='grc' dir='ltr'>Κυρίλλου.-</span> <span class='ocrx_word' id='word_1_658' title='bbox 2637 3505 2970 3575; x_wconf 85' lang='grc' dir='ltr'>Εὐώνυμοςὸ</span> <span class='ocrx_word' id='word_1_659' title='bbox 2993 3507 3176 3576; x_wconf 86' lang='grc' dir='ltr'>νόμος,</span> <span class='ocrx_word' id='word_1_660' title='bbox 3205 3505 3355 3572; x_wconf 81' lang='grc' dir='ltr'>δεξιά</span> <span class='ocrx_word' id='word_1_661' title='bbox 3381 3505 3442 3558; x_wconf 77' lang='grc' dir='ltr'><strong>τὸ</strong></span> <span class='ocrx_word' id='word_1_662' title='bbox 3476 3506 3694 3574; x_wconf 78' lang='grc' dir='ltr'>Εὐαγγέ</span> <span class='ocrx_word' id='word_1_663' title='bbox 3717 3545 3728 3552; x_wconf 92' lang='grc'><strong><em>-</em></strong></span> 
     </span>
    </p>
   </div>
   <div class='ocr_carea' id='block_1_89' title="bbox 2150 3593 3725 3666">
    <p class='ocr_par' dir='ltr' id='par_1_89' title="bbox 2150 3593 3725 3666">
     <span class='ocr_line' id='line_1_89' title="bbox 2150 3593 3725 3666; baseline -0.001 -17"><span class='ocrx_word' id='word_1_664' title='bbox 2150 3597 2264 3649; x_wconf 89' lang='grc' dir='ltr'>λιον</span> <span class='ocrx_word' id='word_1_665' title='bbox 2286 3615 2298 3628; x_wconf 91' lang='grc'><strong>·</strong></span> <span class='ocrx_word' id='word_1_666' title='bbox 2335 3595 2369 3666; x_wconf 75' lang='grc' dir='ltr'><strong>ἢ</strong></span> <span class='ocrx_word' id='word_1_667' title='bbox 2395 3597 2491 3648; x_wconf 83' lang='grc' dir='ltr'>καὶ</span> <span class='ocrx_word' id='word_1_668' title='bbox 2519 3594 2798 3664; x_wconf 86' lang='grc' dir='ltr'>εὐώνυμος</span> <span class='ocrx_word' id='word_1_669' title='bbox 2827 3595 2855 3647; x_wconf 83' lang='grc' dir='ltr'><strong>ὁ</strong></span> <span class='ocrx_word' id='word_1_670' title='bbox 2885 3593 3074 3666; x_wconf 82' lang='grc' dir='ltr'>παρὼν</span> <span class='ocrx_word' id='word_1_671' title='bbox 3108 3593 3414 3664; x_wconf 79' lang='grc' dir='ltr'>βίος,δεξιά</span> <span class='ocrx_word' id='word_1_672' title='bbox 3433 3595 3460 3647; x_wconf 86' lang='grc' dir='ltr'><strong>ὀ</strong></span> <span class='ocrx_word' id='word_1_673' title='bbox 3489 3593 3725 3663; x_wconf 80' lang='grc' dir='ltr'><strong>μέλλων·</strong></span> 
     </span>
    </p>
   </div>
   <div class='ocr_carea' id='block_1_90' title="bbox 2149 3671 3726 3762">
    <p class='ocr_par' dir='ltr' id='par_1_90' title="bbox 2149 3671 3726 3762">
     <span class='ocr_line' id='line_1_90' title="bbox 2149 3671 3726 3762; baseline -0.004 -16"><span class='ocrx_word' id='word_1_674' title='bbox 2149 3692 2184 3762; x_wconf 78' lang='grc' dir='ltr'>ἦ</span> <span class='ocrx_word' id='word_1_675' title='bbox 2217 3707 2301 3753; x_wconf 90' lang='grc' dir='ltr'><strong>τις</strong></span> <span class='ocrx_word' id='word_1_676' title='bbox 2347 3706 2414 3760; x_wconf 90' lang='grc' dir='ltr'>με</span> <span class='ocrx_word' id='word_1_677' title='bbox 2447 3688 2831 3760; x_wconf 79' lang='grc' dir='ltr'>περιλήψεται,</span> <span class='ocrx_word' id='word_1_678' title='bbox 2865 3689 2994 3742; x_wconf 81' lang='grc' dir='ltr'>ὅταν</span> <span class='ocrx_word' id='word_1_679' title='bbox 3041 3690 3154 3751; x_wconf 81' lang='grc' dir='ltr'>τοῖς</span> <span class='ocrx_word' id='word_1_680' title='bbox 3211 3689 3276 3740; x_wconf 80' lang='grc' dir='ltr'>ὲκ</span> <span class='ocrx_word' id='word_1_681' title='bbox 3322 3671 3512 3752; x_wconf 75' lang='grc' dir='ltr'>δεξιῶν</span> <span class='ocrx_word' id='word_1_682' title='bbox 3556 3687 3726 3758; x_wconf 76' lang='grc' dir='ltr'>εἴπῃ·</span> 
     </span>
    </p>
   </div>
   <div class='ocr_carea' id='block_1_91' title="bbox 2160 3776 3451 3850">
    <p class='ocr_par' dir='ltr' id='par_1_91' title="bbox 2160 3776 3451 3850">
     <span class='ocr_line' id='line_1_91' title="bbox 2160 3776 3451 3850; baseline -0.004 -18"><span class='ocrx_word' id='word_1_683' title='bbox 2160 3800 2178 3832; x_wconf 79' lang='grc' dir='ltr'><strong>ι</strong></span> <span class='ocrx_word' id='word_1_684' title='bbox 2209 3779 2375 3834; x_wconf 88' lang='grc' dir='ltr'>Δεῦτε</span> <span class='ocrx_word' id='word_1_685' title='bbox 2411 3782 2459 3834; x_wconf 78' lang='grc' dir='ltr'><strong>υἱ</strong></span> <span class='ocrx_word' id='word_1_686' title='bbox 2497 3777 2856 3849; x_wconf 80' lang='grc' dir='ltr'>εὐλογημένοι</span> <span class='ocrx_word' id='word_1_687' title='bbox 2891 3776 2986 3831; x_wconf 91' lang='grc' dir='ltr'><strong>τοῦ</strong></span> <span class='ocrx_word' id='word_1_688' title='bbox 3025 3777 3238 3850; x_wconf 86' lang='grc' dir='ltr'>Πατρός</span> <span class='ocrx_word' id='word_1_689' title='bbox 3277 3793 3402 3848; x_wconf 88' lang='grc' dir='ltr'>μου.</span> <span class='ocrx_word' id='word_1_690' title='bbox 3431 3794 3451 3827; x_wconf 76' lang='grc' dir='ltr'><strong>ι</strong></span> 
     </span>
    </p>
   </div>
   <div class='ocr_carea' id='block_1_92' title="bbox 2224 3947 3731 4024">
    <p class='ocr_par' dir='ltr' id='par_1_92' title="bbox 2224 3947 3731 4024">
     <span class='ocr_line' id='line_1_92' title="bbox 2224 3947 3731 4024; baseline -0.005 -16"><span class='ocrx_word' id='word_1_691' title='bbox 2224 3953 2386 4023; x_wconf 81' lang='grc' dir='ltr'>Λέγει</span> <span class='ocrx_word' id='word_1_692' title='bbox 2409 3954 2519 4024; x_wconf 76' lang='grc'><strong>(55)</strong></span> <span class='ocrx_word' id='word_1_693' title='bbox 2541 3952 2598 4006; x_wconf 78' lang='grc' dir='ltr'>δὲ</span> <span class='ocrx_word' id='word_1_694' title='bbox 2622 3953 2718 4006; x_wconf 77' lang='grc' dir='ltr'><strong>καὶ</strong></span> <span class='ocrx_word' id='word_1_695' title='bbox 2745 3951 2972 4024; x_wconf 80' lang='grc' dir='ltr'>ἑτέρωθι</span> <span class='ocrx_word' id='word_1_696' title='bbox 3003 3953 3176 4021; x_wconf 84' lang='grc' dir='ltr'>μῆκος</span> <span class='ocrx_word' id='word_1_697' title='bbox 3205 3949 3320 4020; x_wconf 89' lang='grc' dir='ltr'>βίου</span> <span class='ocrx_word' id='word_1_698' title='bbox 3345 3949 3437 4002; x_wconf 72' lang='grc' dir='ltr'>καὶ</span> <span class='ocrx_word' id='word_1_699' title='bbox 3463 3947 3560 4018; x_wconf 76' lang='grc' dir='ltr'><strong>ἔτη</strong></span> <span class='ocrx_word' id='word_1_700' title='bbox 3581 3947 3731 4016; x_wconf 77' lang='grc' dir='ltr'>ζωῆς</span> 
     </span>
    </p>
   </div>
   <div class='ocr_carea' id='block_1_93' title="bbox 2154 4037 3732 4116">
    <p class='ocr_par' dir='ltr' id='par_1_93' title="bbox 2154 4037 3732 4116">
     <span class='ocr_line' id='line_1_93' title="bbox 2154 4037 3732 4116; baseline -0.006 -16"><span class='ocrx_word' id='word_1_701' title='bbox 2154 4049 2212 4100; x_wconf 75' lang='grc' dir='ltr'><strong>ὲν</strong></span> <span class='ocrx_word' id='word_1_702' title='bbox 2239 4050 2306 4116; x_wconf 84' lang='grc' dir='ltr'>τῇ</span> <span class='ocrx_word' id='word_1_703' title='bbox 2337 4045 2486 4116; x_wconf 81' lang='grc' dir='ltr'>δεξιᾷ</span> <span class='ocrx_word' id='word_1_704' title='bbox 2509 4045 2607 4116; x_wconf 85' lang='grc' dir='ltr'><strong>τῆς</strong></span> <span class='ocrx_word' id='word_1_705' title='bbox 2641 4044 2834 4114; x_wconf 80' lang='grc' dir='ltr'>σοφίας</span> <span class='ocrx_word' id='word_1_706' title='bbox 2859 4059 2872 4074; x_wconf 86' lang='grc'><strong>·</strong></span> <span class='ocrx_word' id='word_1_707' title='bbox 2908 4045 2968 4096; x_wconf 82' lang='grc' dir='ltr'><strong>ὲν</strong></span> <span class='ocrx_word' id='word_1_708' title='bbox 2997 4043 3054 4095; x_wconf 76' lang='grc' dir='ltr'>δὲ</span> <span class='ocrx_word' id='word_1_709' title='bbox 3079 4043 3146 4113; x_wconf 78' lang='grc' dir='ltr'>τῇ</span> <span class='ocrx_word' id='word_1_710' title='bbox 3177 4040 3461 4112; x_wconf 80' lang='grc' dir='ltr'>ἀριστερᾷ,</span> <span class='ocrx_word' id='word_1_711' title='bbox 3497 4037 3732 4104; x_wconf 84' lang='grc' dir='ltr'>πλοῦτος</span> 
     </span>
    </p>
   </div>
   <div class='ocr_carea' id='block_1_94' title="bbox 2157 4131 3727 4205">
    <p class='ocr_par' dir='ltr' id='par_1_94' title="bbox 2157 4131 3727 4205">
     <span class='ocr_line' id='line_1_94' title="bbox 2157 4131 3727 4205; baseline -0.004 -12"><span class='ocrx_word' id='word_1_712' title='bbox 2157 4139 2250 4193; x_wconf 83' lang='grc' dir='ltr'>καὶ</span> <span class='ocrx_word' id='word_1_713' title='bbox 2276 4137 2403 4205; x_wconf 81' lang='grc' dir='ltr'>δόξα</span> <span class='ocrx_word' id='word_1_714' title='bbox 2423 4155 2437 4170; x_wconf 88' lang='grc'><strong>·</strong></span> <span class='ocrx_word' id='word_1_715' title='bbox 2468 4137 2618 4202; x_wconf 82' lang='grc' dir='ltr'>δεξιά</span> <span class='ocrx_word' id='word_1_716' title='bbox 2645 4135 2774 4205; x_wconf 71' lang='grc' dir='ltr'>γοῦν</span> <span class='ocrx_word' id='word_1_717' title='bbox 2809 4135 2980 4204; x_wconf 85' lang='grc' dir='ltr'>αὐτῆς</span> <span class='ocrx_word' id='word_1_718' title='bbox 3011 4135 3044 4204; x_wconf 84' lang='grc' dir='ltr'>ὴ</span> <span class='ocrx_word' id='word_1_719' title='bbox 3075 4133 3183 4186; x_wconf 86' lang='grc' dir='ltr'>τῶν</span> <span class='ocrx_word' id='word_1_720' title='bbox 3212 4132 3373 4186; x_wconf 88' lang='grc' dir='ltr'>θείων</span> <span class='ocrx_word' id='word_1_721' title='bbox 3404 4131 3683 4202; x_wconf 77' lang='grc' dir='ltr'>ἐπιστήμη</span> <span class='ocrx_word' id='word_1_722' title='bbox 3710 4146 3727 4160; x_wconf 82' lang='grc'><strong>⁹</strong></span> 
     </span>
    </p>
   </div>
   <div class='ocr_carea' id='block_1_95' title="bbox 2156 4220 3734 4301">
    <p class='ocr_par' dir='ltr' id='par_1_95' title="bbox 2156 4220 3734 4301">
     <span class='ocr_line' id='line_1_95' title="bbox 2156 4220 3734 4301; baseline -0.006 -17"><span class='ocrx_word' id='word_1_723' title='bbox 2156 4230 2215 4295; x_wconf 74' lang='grc' dir='ltr'><strong>ἐξ</strong></span> <span class='ocrx_word' id='word_1_724' title='bbox 2235 4225 2303 4301; x_wconf 73' lang='grc' dir='ltr'>ἧς</span> <span class='ocrx_word' id='word_1_725' title='bbox 2335 4231 2369 4299; x_wconf 79' lang='grc' dir='ltr'><strong>ἠ</strong></span> <span class='ocrx_word' id='word_1_726' title='bbox 2401 4228 2618 4289; x_wconf 78' lang='grc' dir='ltr'>αἰώνιος</span> <span class='ocrx_word' id='word_1_727' title='bbox 2647 4227 2759 4296; x_wconf 80' lang='grc' dir='ltr'><strong>ζωή</strong></span> <span class='ocrx_word' id='word_1_728' title='bbox 2783 4243 2797 4258; x_wconf 91' lang='grc'><strong>·</strong></span> <span class='ocrx_word' id='word_1_729' title='bbox 2835 4224 3100 4298; x_wconf 80' lang='grc' dir='ltr'>ἀριστερὰ</span> <span class='ocrx_word' id='word_1_730' title='bbox 3147 4223 3206 4278; x_wconf 82' lang='grc' dir='ltr'>δὲ</span> <span class='ocrx_word' id='word_1_731' title='bbox 3240 4225 3273 4292; x_wconf 86' lang='grc' dir='ltr'>ή</span> <span class='ocrx_word' id='word_1_732' title='bbox 3302 4222 3414 4274; x_wconf 85' lang='grc' dir='ltr'><strong>τῶν</strong></span> <span class='ocrx_word' id='word_1_733' title='bbox 3450 4220 3734 4292; x_wconf 75' lang='grc' dir='ltr'>ἀνθρωπί-</span> 
     </span>
    </p>
   </div>
   <div class='ocr_carea' id='block_1_96' title="bbox 2155 4311 3732 4390">
    <p class='ocr_par' dir='ltr' id='par_1_96' title="bbox 2155 4311 3732 4390">
     <span class='ocr_line' id='line_1_96' title="bbox 2155 4311 3732 4390; baseline -0.008 -14"><span class='ocrx_word' id='word_1_734' title='bbox 2155 4339 2261 4376; x_wconf 88' lang='grc' dir='ltr'>νων</span> <span class='ocrx_word' id='word_1_735' title='bbox 2281 4319 2500 4390; x_wconf 85' lang='grc' dir='ltr'>γνῶσις,</span> <span class='ocrx_word' id='word_1_736' title='bbox 2521 4319 2580 4384; x_wconf 75' lang='grc' dir='ltr'><strong>ἐξ</strong></span> <span class='ocrx_word' id='word_1_737' title='bbox 2603 4311 2678 4374; x_wconf 80' lang='grc' dir='ltr'>ὧν</span> <span class='ocrx_word' id='word_1_738' title='bbox 2701 4317 2936 4380; x_wconf 85' lang='grc' dir='ltr'>πλοῦτος</span> <span class='ocrx_word' id='word_1_739' title='bbox 2960 4317 3058 4370; x_wconf 73' lang='grc' dir='ltr'><strong>καὶ</strong></span> <span class='ocrx_word' id='word_1_740' title='bbox 3079 4316 3207 4380; x_wconf 80' lang='grc' dir='ltr'>δόξα</span> <span class='ocrx_word' id='word_1_741' title='bbox 3225 4331 3240 4346; x_wconf 73' lang='grc' dir='ltr'><strong><em>ο</em></strong></span> <span class='ocrx_word' id='word_1_742' title='bbox 3265 4314 3416 4382; x_wconf 82' lang='grc' dir='ltr'>λέγει</span> <span class='ocrx_word' id='word_1_743' title='bbox 3443 4311 3624 4366; x_wconf 80' lang='grc' dir='ltr'>τοίνυν</span> <span class='ocrx_word' id='word_1_744' title='bbox 3647 4311 3732 4364; x_wconf 81' lang='grc' dir='ltr'>ὅτι</span> 
     </span>
    </p>
   </div>
   <div class='ocr_carea' id='block_1_97' title="bbox 2157 4399 3734 4480">
    <p class='ocr_par' dir='ltr' id='par_1_97' title="bbox 2157 4399 3734 4480">
     <span class='ocr_line' id='line_1_97' title="bbox 2157 4399 3734 4480; baseline -0.008 -17"><span class='ocrx_word' id='word_1_745' title='bbox 2157 4408 2411 4480; x_wconf 81' lang='grc' dir='ltr'>ὑπερέχει</span> <span class='ocrx_word' id='word_1_746' title='bbox 2439 4409 2467 4460; x_wconf 88' lang='grc' dir='ltr'><strong>ό</strong></span> <span class='ocrx_word' id='word_1_747' title='bbox 2499 4405 2623 4470; x_wconf 88' lang='grc' dir='ltr'>νοῦς</span> <span class='ocrx_word' id='word_1_748' title='bbox 2653 4423 2757 4477; x_wconf 90' lang='grc' dir='ltr'>μου</span> <span class='ocrx_word' id='word_1_749' title='bbox 2785 4404 2852 4458; x_wconf 84' lang='grc' dir='ltr'><strong>τά</strong></span> <span class='ocrx_word' id='word_1_750' title='bbox 2879 4404 3198 4474; x_wconf 83' lang='grc' dir='ltr'>ἀνθρώπινα</span> <span class='ocrx_word' id='word_1_751' title='bbox 3219 4419 3234 4434; x_wconf 74' lang='grc' dir='ltr'><strong>ο</strong></span> <span class='ocrx_word' id='word_1_752' title='bbox 3261 4401 3355 4456; x_wconf 71' lang='grc' dir='ltr'>καὶ</span> <span class='ocrx_word' id='word_1_753' title='bbox 3381 4402 3414 4470; x_wconf 82' lang='grc' dir='ltr'><strong>η</strong></span> <span class='ocrx_word' id='word_1_754' title='bbox 3444 4400 3565 4453; x_wconf 81' lang='grc' dir='ltr'>θεία</span> <span class='ocrx_word' id='word_1_755' title='bbox 3586 4399 3734 4467; x_wconf 85' lang='grc' dir='ltr'>γνῶ-</span> 
     </span>
    </p>
   </div>
   <div class='ocr_carea' id='block_1_98' title="bbox 2161 4491 3735 4568">
    <p class='ocr_par' dir='ltr' id='par_1_98' title="bbox 2161 4491 3735 4568">
     <span class='ocr_line' id='line_1_98' title="bbox 2161 4491 3735 4568; baseline -0.008 -14"><span class='ocrx_word' id='word_1_756' title='bbox 2161 4518 2246 4564; x_wconf 90' lang='grc' dir='ltr'><strong>σις</strong></span> <span class='ocrx_word' id='word_1_757' title='bbox 2278 4499 2506 4568; x_wconf 76' lang='grc' dir='ltr'>καλύψει</span> <span class='ocrx_word' id='word_1_758' title='bbox 2552 4515 2648 4568; x_wconf 88' lang='grc' dir='ltr'>με.</span> <span class='ocrx_word' id='word_1_759' title='bbox 2692 4497 2804 4550; x_wconf 78' lang='grc' dir='ltr'><strong>Καὶ</strong></span> <span class='ocrx_word' id='word_1_760' title='bbox 2851 4495 2958 4566; x_wconf 85' lang='grc' dir='ltr'>γὰρ</span> <span class='ocrx_word' id='word_1_761' title='bbox 3004 4495 3219 4565; x_wconf 62' lang='grc' dir='ltr'>εἴρηται</span> <span class='ocrx_word' id='word_1_762' title='bbox 3266 4492 3464 4546; x_wconf 70' lang='grc' dir='ltr'>πάλιν*</span> <span class='ocrx_word' id='word_1_763' title='bbox 3493 4491 3735 4560; x_wconf 88' lang='grc' dir='ltr'>Τίμησον</span> 
     </span>
    </p>
   </div>
   <div class='ocr_carea' id='block_1_99' title="bbox 2161 4581 3736 4662">
    <p class='ocr_par' dir='ltr' id='par_1_99' title="bbox 2161 4581 3736 4662">
     <span class='ocr_line' id='line_1_99' title="bbox 2161 4581 3736 4662; baseline -0.01 -15"><span class='ocrx_word' id='word_1_764' title='bbox 2161 4590 2350 4662; x_wconf 82' lang='grc' dir='ltr'>αὐτὴν,</span> <span class='ocrx_word' id='word_1_765' title='bbox 2375 4590 2462 4644; x_wconf 72' lang='grc' dir='ltr'><strong>ἵνα</strong></span> <span class='ocrx_word' id='word_1_766' title='bbox 2489 4606 2547 4643; x_wconf 90' lang='grc' dir='ltr'><strong>σε</strong></span> <span class='ocrx_word' id='word_1_767' title='bbox 2570 4587 2864 4660; x_wconf 79' lang='grc' dir='ltr'>περιλάϐῃ.</span> <span class='ocrx_word' id='word_1_768' title='bbox 2896 4587 3148 4640; x_wconf 86' lang='grc' dir='ltr'>Δείκνυσι</span> <span class='ocrx_word' id='word_1_769' title='bbox 3173 4585 3374 4642; x_wconf 80' lang='grc' dir='ltr'>τοίνυν,</span> <span class='ocrx_word' id='word_1_770' title='bbox 3404 4583 3487 4636; x_wconf 86' lang='grc' dir='ltr'>ὃτι</span> <span class='ocrx_word' id='word_1_771' title='bbox 3521 4585 3548 4636; x_wconf 78' lang='grc' dir='ltr'><strong>ό</strong></span> <span class='ocrx_word' id='word_1_772' title='bbox 3571 4581 3736 4644; x_wconf 79' lang='grc' dir='ltr'>αὐτὸς</span> 
     </span>
    </p>
   </div>
   <div class='ocr_carea' id='block_1_100' title="bbox 2163 4672 3736 4752">
    <p class='ocr_par' dir='ltr' id='par_1_100' title="bbox 2163 4672 3736 4752">
     <span class='ocr_line' id='line_1_100' title="bbox 2163 4672 3736 4752; baseline -0.008 -15"><span class='ocrx_word' id='word_1_773' title='bbox 2163 4685 2258 4737; x_wconf 73' lang='grc' dir='ltr'>καὶ</span> <span class='ocrx_word' id='word_1_774' title='bbox 2293 4681 2542 4752; x_wconf 84' lang='grc' dir='ltr'>Νυμφίος</span> <span class='ocrx_word' id='word_1_775' title='bbox 2573 4681 2664 4733; x_wconf 72' lang='grc' dir='ltr'><strong>καὶ</strong></span> <span class='ocrx_word' id='word_1_776' title='bbox 2693 4679 2914 4748; x_wconf 83' lang='grc' dir='ltr'>τοξότης</span> <span class='ocrx_word' id='word_1_777' title='bbox 2944 4675 3100 4748; x_wconf 82' lang='grc' dir='ltr'>ήμῶν</span> <span class='ocrx_word' id='word_1_778' title='bbox 3129 4678 3268 4736; x_wconf 75' lang='grc' dir='ltr'>ἐστι,</span> <span class='ocrx_word' id='word_1_779' title='bbox 3291 4674 3496 4744; x_wconf 78' lang='grc' dir='ltr'>Νύμφη</span> <span class='ocrx_word' id='word_1_780' title='bbox 3539 4689 3598 4725; x_wconf 88' lang='grc' dir='ltr'>τε</span> <span class='ocrx_word' id='word_1_781' title='bbox 3640 4672 3736 4725; x_wconf 72' lang='grc' dir='ltr'>καὶ</span> 
     </span>
    </p>
   </div>
   <div class='ocr_carea' id='block_1_101' title="bbox 2169 4759 3734 4845">
    <p class='ocr_par' dir='ltr' id='par_1_101' title="bbox 2169 4759 3734 4845">
     <span class='ocr_line' id='line_1_101' title="bbox 2169 4759 3734 4845; baseline -0.009 -18"><span class='ocrx_word' id='word_1_782' title='bbox 2169 4773 2320 4840; x_wconf 86' lang='grc' dir='ltr'>βέλος</span> <span class='ocrx_word' id='word_1_783' title='bbox 2349 4775 2382 4844; x_wconf 81' lang='grc' dir='ltr'><strong>ἡ</strong></span> <span class='ocrx_word' id='word_1_784' title='bbox 2411 4769 2798 4842; x_wconf 83' lang='grc' dir='ltr'>κεκαθαρμένη</span> <span class='ocrx_word' id='word_1_785' title='bbox 2829 4769 3010 4839; x_wconf 83' lang='grc' dir='ltr'>ψυχή·</span> <span class='ocrx_word' id='word_1_786' title='bbox 3049 4767 3124 4830; x_wconf 86' lang='grc' dir='ltr'>ὡς</span> <span class='ocrx_word' id='word_1_787' title='bbox 3155 4765 3306 4845; x_wconf 71' lang='grc' dir='ltr'>βέλος</span> <span class='ocrx_word' id='word_1_788' title='bbox 3338 4759 3431 4817; x_wconf 84' lang='grc' dir='ltr'>οὖν</span> <span class='ocrx_word' id='word_1_789' title='bbox 3469 4763 3608 4833; x_wconf 84' lang='grc' dir='ltr'>πρὸς</span> <span class='ocrx_word' id='word_1_790' title='bbox 3641 4762 3734 4814; x_wconf 76' lang='grc' dir='ltr'>τὸν</span> 
     </span>
    </p>
   </div>
   <div class='ocr_carea' id='block_1_102' title="bbox 2169 4851 3735 4933">
    <p class='ocr_par' dir='ltr' id='par_1_102' title="bbox 2169 4851 3735 4933">
     <span class='ocr_line' id='line_1_102' title="bbox 2169 4851 3735 4933; baseline -0.01 -14"><span class='ocrx_word' id='word_1_791' title='bbox 2169 4864 2372 4933; x_wconf 79' lang='grc' dir='ltr'>ἀγαθὸν</span> <span class='ocrx_word' id='word_1_792' title='bbox 2424 4863 2638 4917; x_wconf 73' lang='grc' dir='ltr'>εὐθύνει</span> <span class='ocrx_word' id='word_1_793' title='bbox 2681 4861 2916 4914; x_wconf 80' lang='grc' dir='ltr'><strong>σκοπόν⁹</strong></span> <span class='ocrx_word' id='word_1_794' title='bbox 2963 4859 3040 4922; x_wconf 81' lang='grc' dir='ltr'>ὣς</span> <span class='ocrx_word' id='word_1_795' title='bbox 3065 4857 3303 4927; x_wconf 80' lang='grc' dir='ltr'>Νύμφην</span> <span class='ocrx_word' id='word_1_796' title='bbox 3339 4853 3418 4919; x_wconf 78' lang='grc' dir='ltr'><strong>εις</strong></span> <span class='ocrx_word' id='word_1_797' title='bbox 3454 4851 3735 4907; x_wconf 87' lang='grc' dir='ltr'>κοινωνίαν</span> 
     </span>
    </p>
   </div>
   <div class='ocr_carea' id='block_1_103' title="bbox 2169 4943 3734 5025">
    <p class='ocr_par' dir='ltr' id='par_1_103' title="bbox 2169 4943 3734 5025">
     <span class='ocr_line' id='line_1_103' title="bbox 2169 4943 3734 5025; baseline -0.009 -17"><span class='ocrx_word' id='word_1_798' title='bbox 2169 4954 2538 5025; x_wconf 80' lang='grc' dir='ltr'>ἀναλαμϐάνει</span> <span class='ocrx_word' id='word_1_799' title='bbox 2569 4955 2666 5022; x_wconf 80' lang='grc' dir='ltr'>τῆς</span> <span class='ocrx_word' id='word_1_800' title='bbox 2709 4951 2986 5022; x_wconf 83' lang='grc' dir='ltr'>ἀφθάρτου</span> <span class='ocrx_word' id='word_1_801' title='bbox 3033 4949 3330 5018; x_wconf 81' lang='grc' dir='ltr'>ἁῖδιότητος</span> <span class='ocrx_word' id='word_1_802' title='bbox 3357 4963 3370 4976; x_wconf 85' lang='lat'><strong>&#39;</strong></span> <span class='ocrx_word' id='word_1_803' title='bbox 3412 4947 3586 5015; x_wconf 69' lang='grc' dir='ltr'>μῆκος</span> <span class='ocrx_word' id='word_1_804' title='bbox 3619 4943 3734 5014; x_wconf 83' lang='grc' dir='ltr'>βίου</span> 
     </span>
    </p>
   </div>
   <div class='ocr_carea' id='block_1_104' title="bbox 499 5033 2052 5126">
    <p class='ocr_par' dir='ltr' id='par_1_104' title="bbox 499 5039 2052 5126">
     <span class='ocr_line' id='line_1_104' title="bbox 499 5039 2052 5126; baseline -0.004 -22"><span class='ocrx_word' id='word_1_805' title='bbox 499 5051 669 5126; x_wconf 81' lang='lat' dir='ltr'><strong>sumit</strong></span> <span class='ocrx_word' id='word_1_806' title='bbox 701 5049 1035 5115; x_wconf 71' lang='lat' dir='ltr'><strong>incorrupta:</strong></span> <span class='ocrx_word' id='word_1_807' title='bbox 1061 5043 1466 5120; x_wconf 71' lang='lat' dir='ltr'><strong>perpetuitatis.</strong></span> <span class='ocrx_word' id='word_1_808' title='bbox 1496 5039 1917 5110; x_wconf 83' lang='lat' dir='ltr'><strong>Longitudinem</strong></span> <span class='ocrx_word' id='word_1_809' title='bbox 1943 5043 2052 5098; x_wconf 84' lang='lat' dir='ltr'><strong>vita</strong></span> 
     </span>
    </p>
   </div>
   <div class='ocr_carea' id='block_1_105' title="bbox 2163 5033 3736 5126">
    <p class='ocr_par' dir='ltr' id='par_1_105' title="bbox 2171 5033 3736 5126">
     <span class='ocr_line' id='line_1_105' title="bbox 2171 5033 3736 5126; baseline -0.01 -25"><span class='ocrx_word' id='word_1_810' title='bbox 2171 5049 2265 5102; x_wconf 78' lang='grc' dir='ltr'><strong>καὶ</strong></span> <span class='ocrx_word' id='word_1_811' title='bbox 2297 5047 2392 5116; x_wconf 79' lang='grc' dir='ltr'>ἐτη</span> <span class='ocrx_word' id='word_1_812' title='bbox 2428 5045 2592 5115; x_wconf 80' lang='grc' dir='ltr'>ζωῆς,</span> <span class='ocrx_word' id='word_1_813' title='bbox 2623 5033 2712 5098; x_wconf 85' lang='grc' dir='ltr'><strong>διά</strong></span> <span class='ocrx_word' id='word_1_814' title='bbox 2755 5045 2854 5113; x_wconf 82' lang='grc' dir='ltr'><strong>τῆς</strong></span> <span class='ocrx_word' id='word_1_815' title='bbox 2899 5042 3079 5106; x_wconf 79' lang='grc' dir='ltr'>δεξιᾶς</span> <span class='ocrx_word' id='word_1_816' title='bbox 3128 5039 3523 5126; x_wconf 44' lang='grc' dir='ltr'>χαριζόμενος</span> <span class='ocrx_word' id='word_1_817' title='bbox 3563 5036 3648 5089; x_wconf 79' lang='grc' dir='ltr'><strong>διὰ</strong></span> <span class='ocrx_word' id='word_1_818' title='bbox 3676 5034 3736 5126; x_wconf 57' lang='grc' dir='ltr'><strong>δέ</strong></span> 
     </span>
    </p>
   </div>
   <div class='ocr_carea' id='block_1_106' title="bbox 501 5137 2061 5208">
    <p class='ocr_par' dir='ltr' id='par_1_106' title="bbox 501 5137 2061 5208">
     <span class='ocr_line' id='line_1_106' title="bbox 501 5137 2061 5208; baseline -0.009 -5"><span class='ocrx_word' id='word_1_819' title='bbox 501 5149 670 5203; x_wconf 72' lang='lat' dir='ltr'><strong>etiam</strong></span> <span class='ocrx_word' id='word_1_820' title='bbox 722 5147 774 5198; x_wconf 91' lang='lat' dir='ltr'><strong>in</strong></span> <span class='ocrx_word' id='word_1_821' title='bbox 812 5145 914 5196; x_wconf 88' lang='lat' dir='ltr'><strong>hac</strong></span> <span class='ocrx_word' id='word_1_822' title='bbox 950 5141 1055 5193; x_wconf 87' lang='lat' dir='ltr'><strong>vita</strong></span> <span class='ocrx_word' id='word_1_823' title='bbox 1105 5153 1202 5208; x_wconf 88' lang='lat' dir='ltr'><strong>per</strong></span> <span class='ocrx_word' id='word_1_824' title='bbox 1241 5138 1524 5193; x_wconf 74' lang='lat' dir='ltr'><strong>dexteram</strong></span> <span class='ocrx_word' id='word_1_825' title='bbox 1566 5137 1831 5207; x_wconf 68' lang='lat' dir='ltr'><strong>praebens,</strong></span> <span class='ocrx_word' id='word_1_826' title='bbox 1880 5145 1936 5190; x_wconf 90' lang='lat' dir='ltr'><strong>et</strong></span> <span class='ocrx_word' id='word_1_827' title='bbox 1967 5151 2061 5204; x_wconf 87' lang='lat' dir='ltr'><strong>per</strong></span> 
     </span>
    </p>
   </div>
   <div class='ocr_carea' id='block_1_107' title="bbox 503 5220 2059 5285">
    <p class='ocr_par' dir='ltr' id='par_1_107' title="bbox 503 5220 2059 5285">
     <span class='ocr_line' id='line_1_107' title="bbox 503 5220 2059 5285; baseline -0.006 0"><span class='ocrx_word' id='word_1_828' title='bbox 503 5230 782 5285; x_wconf 81' lang='lat' dir='ltr'><strong>sinistram</strong></span> <span class='ocrx_word' id='word_1_829' title='bbox 830 5223 1052 5281; x_wconf 87' lang='lat' dir='ltr'><strong>divitias</strong></span> <span class='ocrx_word' id='word_1_830' title='bbox 1113 5225 1380 5278; x_wconf 79' lang='lat' dir='ltr'><strong>bonorum</strong></span> <span class='ocrx_word' id='word_1_831' title='bbox 1431 5237 1758 5278; x_wconf 67' lang='lat' dir='ltr'><strong>mlertlttl&#39;lllll</strong></span> <span class='ocrx_word' id='word_1_832' title='bbox 1839 5232 1892 5278; x_wconf 89' lang='lat' dir='ltr'><strong>et</strong></span> <span class='ocrx_word' id='word_1_833' title='bbox 1966 5220 2059 5276; x_wconf 88' lang='lat' dir='ltr'><strong>Dei</strong></span> 
     </span>
    </p>
   </div>
   <div class='ocr_carea' id='block_1_108' title="bbox 503 5317 2059 5392">
    <p class='ocr_par' dir='ltr' id='par_1_108' title="bbox 503 5317 2059 5392">
     <span class='ocr_line' id='line_1_108' title="bbox 503 5317 2059 5392; baseline -0.005 -16"><span class='ocrx_word' id='word_1_834' title='bbox 503 5323 752 5392; x_wconf 80' lang='lat' dir='ltr'><strong>gloriam,</strong></span> <span class='ocrx_word' id='word_1_835' title='bbox 801 5320 960 5388; x_wconf 79' lang='lat' dir='ltr'><strong>cujus</strong></span> <span class='ocrx_word' id='word_1_836' title='bbox 999 5325 1250 5387; x_wconf 72' lang='lat' dir='ltr'><strong>expet-tes</strong></span> <span class='ocrx_word' id='word_1_837' title='bbox 1287 5327 1414 5372; x_wconf 90' lang='lat' dir='ltr'><strong>sunt</strong></span> <span class='ocrx_word' id='word_1_838' title='bbox 1443 5319 1534 5388; x_wconf 88' lang='lat' dir='ltr'><strong>qui</strong></span> <span class='ocrx_word' id='word_1_839' title='bbox 1581 5318 1766 5372; x_wconf 77' lang='lat' dir='ltr'><strong>mutuli</strong></span> <span class='ocrx_word' id='word_1_840' title='bbox 1833 5317 2059 5382; x_wconf 72' lang='lat' dir='ltr'><strong>gloriam</strong></span> 
     </span>
    </p>
   </div>
   <div class='ocr_carea' id='block_1_109' title="bbox 483 5450 1619 5523">
    <p class='ocr_par' dir='ltr' id='par_1_109' title="bbox 483 5450 1619 5523">
     <span class='ocr_line' id='line_1_109' title="bbox 483 5450 1619 5523; baseline -0.004 -13"><span class='ocrx_word' id='word_1_841' title='bbox 483 5450 488 5484; x_wconf 77' lang='grc'>¹</span> <span class='ocrx_word' id='word_1_842' title='bbox 577 5459 624 5492; x_wconf 76' lang='grc'><strong>’⁸</strong></span> <span class='ocrx_word' id='word_1_843' title='bbox 648 5457 668 5513; x_wconf 87' lang='grc' dir='ltr'><strong>ι</strong></span> <span class='ocrx_word' id='word_1_844' title='bbox 694 5457 854 5513; x_wconf 84' lang='lat' dir='ltr'><strong>Joan.</strong></span> <span class='ocrx_word' id='word_1_845' title='bbox 879 5473 953 5523; x_wconf 80' lang='lat' dir='ltr'><strong>tv,</strong></span> <span class='ocrx_word' id='word_1_846' title='bbox 983 5456 1066 5510; x_wconf 89' lang='lat' dir='ltr'><strong>l6.</strong></span> <span class='ocrx_word' id='word_1_847' title='bbox 1143 5457 1186 5488; x_wconf 78' lang='grc' dir='ltr'><strong>³ο</strong></span> <span class='ocrx_word' id='word_1_848' title='bbox 1218 5455 1374 5510; x_wconf 80' lang='lat' dir='ltr'><strong>Juau.</strong></span> <span class='ocrx_word' id='word_1_849' title='bbox 1409 5455 1619 5515; x_wconf 54' lang='lat' dir='ltr'><strong>armis.</strong></span> 
     </span>
    </p>
   </div>
   <div class='ocr_carea' id='block_1_110' title="bbox 2166 5123 3735 5206">
    <p class='ocr_par' dir='ltr' id='par_1_110' title="bbox 2166 5123 3735 5206">
     <span class='ocr_line' id='line_1_110' title="bbox 2166 5123 3735 5206; baseline -0.01 -15"><span class='ocrx_word' id='word_1_850' title='bbox 2166 5137 2265 5206; x_wconf 80' lang='grc' dir='ltr'><strong>τῆς</strong></span> <span class='ocrx_word' id='word_1_851' title='bbox 2289 5136 2604 5204; x_wconf 84' lang='grc' dir='ltr'>ἀριστερᾶς,</span> <span class='ocrx_word' id='word_1_852' title='bbox 2629 5135 2720 5187; x_wconf 76' lang='grc' dir='ltr'>τὸν</span> <span class='ocrx_word' id='word_1_853' title='bbox 2744 5133 2852 5186; x_wconf 88' lang='grc' dir='ltr'><strong>τῶν</strong></span> <span class='ocrx_word' id='word_1_854' title='bbox 2881 5131 3113 5184; x_wconf 75' lang='grc' dir='ltr'>αἰωνίων</span> <span class='ocrx_word' id='word_1_855' title='bbox 3139 5127 3361 5196; x_wconf 86' lang='grc' dir='ltr'>ἀγαθῶν</span> <span class='ocrx_word' id='word_1_856' title='bbox 3392 5123 3621 5178; x_wconf 85' lang='grc' dir='ltr'>πλοῦτον</span> <span class='ocrx_word' id='word_1_857' title='bbox 3645 5125 3735 5176; x_wconf 77' lang='grc' dir='ltr'><strong>καὶ</strong></span> 
     </span>
    </p>
   </div>
   <div class='ocr_carea' id='block_1_111' title="bbox 2164 5213 3738 5298">
    <p class='ocr_par' dir='ltr' id='par_1_111' title="bbox 2164 5213 3738 5298">
     <span class='ocr_line' id='line_1_111' title="bbox 2164 5213 3738 5298; baseline -0.01 -16"><span class='ocrx_word' id='word_1_858' title='bbox 2164 5228 2264 5298; x_wconf 81' lang='grc' dir='ltr'><strong>τὴν</strong></span> <span class='ocrx_word' id='word_1_859' title='bbox 2286 5227 2378 5281; x_wconf 77' lang='grc' dir='ltr'>τοῦ</span> <span class='ocrx_word' id='word_1_860' title='bbox 2403 5226 2537 5280; x_wconf 83' lang='grc' dir='ltr'><strong>Θεοῦ</strong></span> <span class='ocrx_word' id='word_1_861' title='bbox 2563 5225 2722 5290; x_wconf 78' lang='grc' dir='ltr'>δόξαν</span> <span class='ocrx_word' id='word_1_862' title='bbox 2740 5267 2754 5290; x_wconf 94' lang='grc'><strong>,</strong></span> <span class='ocrx_word' id='word_1_863' title='bbox 2777 5221 2841 5296; x_wconf 75' lang='grc' dir='ltr'>ἧς</span> <span class='ocrx_word' id='word_1_864' title='bbox 2871 5225 2919 5276; x_wconf 87' lang='grc' dir='ltr'>οἰ</span> <span class='ocrx_word' id='word_1_865' title='bbox 2946 5223 3044 5292; x_wconf 85' lang='grc' dir='ltr'><strong>τὴν</strong></span> <span class='ocrx_word' id='word_1_866' title='bbox 3076 5220 3169 5274; x_wconf 88' lang='grc' dir='ltr'>τοῦ</span> <span class='ocrx_word' id='word_1_867' title='bbox 3211 5221 3416 5290; x_wconf 85' lang='grc' dir='ltr'>κόσμου</span> <span class='ocrx_word' id='word_1_868' title='bbox 3451 5213 3738 5286; x_wconf 79' lang='grc' dir='ltr'>ζητοῦντες</span> 
     </span>
    </p>
   </div>
   <div class='ocr_carea' id='block_1_112' title="bbox 2171 5308 3740 5388">
    <p class='ocr_par' dir='ltr' id='par_1_112' title="bbox 2171 5308 3740 5388">
     <span class='ocr_line' id='line_1_112' title="bbox 2171 5308 3740 5388; baseline -0.006 -16"><span class='ocrx_word' id='word_1_869' title='bbox 2171 5319 2326 5384; x_wconf 79' lang='grc' dir='ltr'>δόξαν</span> <span class='ocrx_word' id='word_1_870' title='bbox 2368 5319 2622 5388; x_wconf 76' lang='grc' dir='ltr'>ἁμέτοχοι</span> <span class='ocrx_word' id='word_1_871' title='bbox 2655 5315 2889 5384; x_wconf 82' lang='grc' dir='ltr'>γίνονται</span> <span class='ocrx_word' id='word_1_872' title='bbox 2915 5331 2926 5343; x_wconf 90' lang='grc'><strong>·</strong></span> <span class='ocrx_word' id='word_1_873' title='bbox 2957 5313 3047 5367; x_wconf 80' lang='grc' dir='ltr'>διὰ</span> <span class='ocrx_word' id='word_1_874' title='bbox 3075 5311 3232 5365; x_wconf 83' lang='grc' dir='ltr'>τοῦτό</span> <span class='ocrx_word' id='word_1_875' title='bbox 3261 5326 3429 5381; x_wconf 83' lang='grc' dir='ltr'>φησιν</span> <span class='ocrx_word' id='word_1_876' title='bbox 3453 5347 3466 5375; x_wconf 84' lang='grc'><strong>,</strong></span> <span class='ocrx_word' id='word_1_877' title='bbox 3496 5309 3600 5376; x_wconf 66' lang='grc' dir='ltr'>ὅτι,</span> <span class='ocrx_word' id='word_1_878' title='bbox 3629 5308 3740 5362; x_wconf 79' lang='grc' dir='ltr'><strong>Εὐ-</strong></span> 
     </span>
    </p>
   </div>
   <div class='ocr_carea' id='block_1_113' title="bbox 1696 5451 2814 5520">
    <p class='ocr_par' dir='ltr' id='par_1_113' title="bbox 1696 5451 2814 5520">
     <span class='ocr_line' id='line_1_113' title="bbox 1696 5451 2814 5520; baseline 0.004 -19"><span class='ocrx_word' id='word_1_879' title='bbox 1696 5454 1736 5485; x_wconf 76' lang='grc'><strong>⁸¹</strong></span> <span class='ocrx_word' id='word_1_880' title='bbox 1773 5451 1930 5506; x_wconf 82' lang='lat' dir='ltr'><strong>Prov.</strong></span> <span class='ocrx_word' id='word_1_881' title='bbox 1971 5469 2051 5520; x_wconf 87' lang='grc' dir='ltr'>ιιι,</span> <span class='ocrx_word' id='word_1_882' title='bbox 2087 5454 2176 5508; x_wconf 69' lang='grc'><strong>26.</strong></span> <span class='ocrx_word' id='word_1_883' title='bbox 2257 5455 2299 5486; x_wconf 78' lang='grc'>³³</span> <span class='ocrx_word' id='word_1_884' title='bbox 2335 5453 2524 5506; x_wconf 76' lang='lat' dir='ltr'><strong>Matth.</strong></span> <span class='ocrx_word' id='word_1_885' title='bbox 2559 5468 2682 5512; x_wconf 74' lang='lat' dir='ltr'><strong>xxv,</strong></span> <span class='ocrx_word' id='word_1_886' title='bbox 2726 5451 2814 5505; x_wconf 72' lang='grc' dir='ltr'>δι.</span> 
     </span>
    </p>
   </div>
   <div class='ocr_carea' id='block_1_114' title="bbox 1977 5542 2202 5598">
    <p class='ocr_par' dir='ltr' id='par_1_114' title="bbox 1977 5542 2202 5598">
     <span class='ocr_line' id='line_1_114' title="bbox 1977 5542 2202 5598; baseline 0.009 -3"><span class='ocrx_word' id='word_1_887' title='bbox 1977 5542 2202 5598; x_wconf 60' lang='grc' dir='ltr'><strong>ΝΟἸΎΕ.</strong></span> 
     </span>
    </p>
   </div>
   <div class='ocr_carea' id='block_1_115' title="bbox 584 5643 1477 5713">
    <p class='ocr_par' dir='ltr' id='par_1_115' title="bbox 584 5643 1477 5713">
     <span class='ocr_line' id='line_1_115' title="bbox 584 5643 1477 5713; baseline -0.008 -13"><span class='ocrx_word' id='word_1_888' title='bbox 584 5646 696 5713; x_wconf 72' lang='lat'><strong>(:52)</strong></span> <span class='ocrx_word' id='word_1_889' title='bbox 723 5643 930 5698; x_wconf 67' lang='lat' dir='ltr'><strong>Pauor.</strong></span> <span class='ocrx_word' id='word_1_890' title='bbox 965 5653 1002 5698; x_wconf 88' lang='grc' dir='ltr'><strong>ι.</strong></span> <span class='ocrx_word' id='word_1_891' title='bbox 1029 5643 1190 5708; x_wconf 79' lang='lat' dir='ltr'><strong>xvu,</strong></span> <span class='ocrx_word' id='word_1_892' title='bbox 1227 5645 1330 5699; x_wconf 81' lang='lat' dir='ltr'><strong>col.</strong></span> <span class='ocrx_word' id='word_1_893' title='bbox 1355 5643 1477 5697; x_wconf 72' lang='grc' dir='ltr'>εει.</span> 
     </span>
    </p>
   </div>
   <div class='ocr_carea' id='block_1_116' title="bbox 583 5702 3088 5786">
    <p class='ocr_par' dir='ltr' id='par_1_116' title="bbox 583 5702 3088 5786">
     <span class='ocr_line' id='line_1_116' title="bbox 583 5702 3088 5786; baseline -0.006 -18"><span class='ocrx_word' id='word_1_894' title='bbox 583 5702 698 5786; x_wconf 63' lang='lat'><strong>{55)</strong></span> <span class='ocrx_word' id='word_1_895' title='bbox 738 5717 790 5769; x_wconf 93' lang='lat' dir='ltr'><strong>In</strong></span> <span class='ocrx_word' id='word_1_896' title='bbox 821 5716 878 5770; x_wconf 73' lang='grc' dir='ltr'><strong>(ἰ.</strong></span> <span class='ocrx_word' id='word_1_897' title='bbox 911 5715 966 5770; x_wconf 83' lang='grc' dir='ltr'>Β.</span> <span class='ocrx_word' id='word_1_898' title='bbox 1013 5717 1123 5772; x_wconf 67' lang='lat' dir='ltr'><strong>haec</strong></span> <span class='ocrx_word' id='word_1_899' title='bbox 1159 5702 1283 5770; x_wconf 71' lang='lat' dir='ltr'><strong>sunt</strong></span> <span class='ocrx_word' id='word_1_900' title='bbox 1313 5712 1580 5782; x_wconf 71' lang='lat' dir='ltr'><strong>Gregorii,</strong></span> <span class='ocrx_word' id='word_1_901' title='bbox 1635 5709 1760 5765; x_wconf 89' lang='lat' dir='ltr'><strong>dum</strong></span> <span class='ocrx_word' id='word_1_902' title='bbox 1800 5710 1851 5764; x_wconf 89' lang='lat' dir='ltr'><strong>in</strong></span> <span class='ocrx_word' id='word_1_903' title='bbox 1884 5709 1944 5764; x_wconf 85' lang='lat' dir='ltr'><strong>C.</strong></span> <span class='ocrx_word' id='word_1_904' title='bbox 2003 5708 2063 5763; x_wconf 71' lang='grc' dir='ltr'><strong>ν.</strong></span> <span class='ocrx_word' id='word_1_905' title='bbox 2095 5711 2197 5766; x_wconf 84' lang='lat' dir='ltr'><strong>sub</strong></span> <span class='ocrx_word' id='word_1_906' title='bbox 2230 5707 2449 5764; x_wconf 88' lang='lat' dir='ltr'><strong>nomine</strong></span> <span class='ocrx_word' id='word_1_907' title='bbox 2478 5703 2664 5776; x_wconf 74' lang='lat' dir='ltr'><strong>Cyrilli</strong></span> <span class='ocrx_word' id='word_1_908' title='bbox 2687 5702 3088 5760; x_wconf 86' lang='lat' dir='ltr'><strong>inscribuntur.</strong></span> 
     </span>
    </p>
   </div>
  </div>
