3950 6294
462 247 594 312 1591

1789 231 2140 320 momen
2165 262 2408 325 eum

3525 349 3528 352 .
3564 257 3710 350 1,592

533 355 790 427 Gregorii.
819 387 891 398 ——
915 359 1109 414 Anima
1130 359 1186 434 in
1225 339 1458 417 sublime
1490 365 1863 432 ascendendo,
1895 383 2010 439 pro-

2197 375 2549 445 Γρηγοριου.
2572 372 2720 426 --Ἢ
2744 371 2880 444 πρὸς
2901 371 2962 425 τδ
2989 369 3124 441 ὕψος
3143 349 3530 441 ἀναδραμοῦσα
3553 345 3710 438 ᾇυχὴ

457 460 658 516 perans
715 447 1058 504 discentibus
1111 450 1402 509 animabus
1449 455 1798 526 progressum
1843 457 1912 512 ad
1974 459 2026 513 id

459 535 608 603 quod
649 535 954 606 perfectum
1005 535 1091 596 est
1121 555 1425 610 exponens.
1481 559 1576 612 per
1621 531 2024 615 adju‘rationem

460 641 556 678 cas
598 625 663 681 ad
701 627 836 680 iram
884 619 1119 685 virtutis.
1143 629 1482 698 manuducit,
1503 631 1691 688 dicens
1720 651 1734 690 :
1761 635 1915 700 Quod
1955 635 2022 700 si,

460 730 494 770 ο
525 716 812 786 discipulae
829 718 1048 785 animae,
1073 721 1344 791 prout-itis
1369 721 1662 778 virtutibus
1693 739 1866 794 usque
1893 726 2022 781 dum

459 808 736 864 suscitetis
773 818 831 864 et
875 811 1184 882 expergisci
1232 813 1446 868 faciatis
1483 815 1832 879 charitatem,
1876 817 2024 888 quod

457 897 668 967 estjam
705 899 932 954 elevatae
961 909 1017 955 ct
1051 915 1269 972 semper
1298 917 1395 972 per
1417 903 1722 972 profectum
1767 905 1822 960 in
1849 905 2024 976 majus

457 997 652 1052 auctae,
677 987 852 1046 donec
888 991 954 1046 ad
986 991 1146 1046 ﬁnem
1177 993 1360 1048 veniat
1387 995 1526 1049 bona
1549 996 1724 1065 ipsius
1746 997 2020 1062 voluntas,

459 1086 518 1130 ut
542 1078 594 1132 in
629 1093 796 1134 carne
821 1082 1011 1137 vivens
1030 1098 1136 1136 non
1173 1084 1410 1154 amplius
1441 1085 1748 1140 secundum
1799 1101 2020 1142 carnem

455 1169 624 1237 vivat,
655 1178 711 1226 et
754 1172 806 1226 in
839 1187 971 1243 agro
1008 1173 1172 1244 hujus
1213 1173 1400 1230 mundi
1423 1174 1650 1245 degens,
1681 1176 1913 1232 virtutes
1941 1176 2024 1229 in-

457 1270 676 1316 tueatur
710 1263 1012 1332 angelicas,
1049 1279 1146 1334 per
1168 1265 1488 1336 passionum
1520 1267 1874 1332 vacuitatem,
1924 1281 2024 1320 an-

457 1350 687 1420 gelicam
712 1352 1008 1422 puritatem
1041 1353 1336 1410 imitando.
1371 1351 1615 1409 Virtutes
1643 1355 1791 1410 enim
1807 1361 1862 1410 et
1877 1353 2024 1410 vires

457 1437 574 1506 agri
608 1441 724 1494 sive
763 1440 952 1494 mundi
993 1442 1138 1496 sicut
1181 1443 1443 1513 angelica:
1496 1443 1770 1511 virtutes;
1813 1441 2024 1500 aﬁirmo

455 1544 552 1584 vos
577 1531 887 1600 angelicum
925 1533 979 1587 in
1026 1535 1442 1604 regeneratione
1472 1543 1676 1590 statum
1713 1533 2018 1590 habituros.

460 1618 552 1677 Vis
585 1633 768 1678 autem
792 1634 878 1678 est
911 1625 1194 1694 potentia;
1233 1625 1278 1680 si
1303 1625 1524 1696 quidem
1553 1625 1907 1698 singulariter
1939 1626 2023 1681 di-

397 1751 418 1760 -
453 1712 688 1778 citur,ad
717 1715 960 1768 divinum
980 1731 1179 1772 numen
1206 1717 1442 1771 refertur
1459 1733 1654 1775 sensus
1681 1719 1842 1774 istius
1863 1717 2014 1773 modi
2045 1705 2091 1765 Β

453 1805 638 1871 vocis;
669 1805 754 1860 sin
803 1821 932 1859 vero
967 1807 1586 1878 plttralitcr,angelicam
1619 1817 1875 1863 naturam
1920 1823 2020 1863 ex-

453 1893 622 1950 ltibet.
668 1895 804 1948 Illud
847 1905 1029 1951 autem
1081 1895 1333 1965 adjuraoi
1365 1911 1466 1968 pro
1505 1896 2014 1968 adjuropositttm.

448 1979 828 2036 Juramentum
855 1997 1018 2052 porro
1047 1989 1131 2038 est
1149 1996 1334 2038 sermo
1360 1999 1456 2054 per
1477 1989 1534 2037 se
1565 1982 1851 2037 veritatem
1879 1997 2019 2037 con-

449 2069 697 2128 ﬁrmans.
726 2069 930 2124 dicitur
957 2079 1139 2126 autem
1160 2070 1559 2141 juramentum,
1583 2071 1698 2144 sive
1719 2070 1868 2140 juret
1893 2071 2017 2140 quis

449 2160 564 2215 sive
585 2159 892 2230 adjuretur.

525 2271 876 2327 Mlti—Illud
891 2275 1126 2328 excitare
1143 2273 1428 2328 manifeste
1445 2273 1666 2342 quidem
1692 2272 1907 2328 ﬁliabus
1925 2271 2016 2326 Je-

451 2362 687 2416 rusalem
711 2362 942 2428 dictum,
961 2362 1058 2419 sed
1079 2363 1135 2418 in
1158 2377 1270 2434 quo
1285 2364 1631 2426 cltaritatem,
1652 2379 1718 2416 an
1741 2362 1795 2416 in
1819 2361 2016 2432 seipsis

449 2466 518 2503 an
543 2449 595 2504 itt
626 2465 936 2518 sponso,an
959 2451 1012 2506 in
1035 2452 1151 2522 ipsa
1171 2453 1448 2522 loquente,
1477 2467 1584 2507 non
1607 2451 1806 2522 liquet:
1836 2450 2011 2522 siqui-

449 2539 572 2593 dem
617 2540 782 2610 igitur
834 2541 888 2596 in
928 2541 1039 2596 illis
1087 2541 1658 2597 cbaritatemexritari
1694 2542 1808 2595 vult
1837 2547 2014 2610 potest

451 2629 756 2686 istiusmodi
793 2632 922 2700 quid
947 2632 1132 2688 dicere
1155 2650 1170 2686 :
1193 2631 1239 2689 Ο
1261 2634 1426 2689 tat-dte
1449 2643 1500 2688 et
1522 2649 1642 2704 quae
1663 2633 1878 2704 prosint
1903 2647 2012 2686 non

451 2724 772 2788 sentientes,
812 2735 1076 2794 quantum
1103 2727 1242 2782 lucri
1275 2741 1371 2798 per
1393 2727 1664 2782 inscitiam
1710 2727 2010 2798 negligitis,

447 2816 591 2883 quod
615 2815 972 2888 diligentibus
1009 2817 1284 2888 Sponsum
1314 2834 1378 2874 ex
1405 2819 1702 2874 dilectione
1731 2818 1966 2889 obtingit
1993 2819 2008 2872 ι

451 2905 658 2973 Adjuro
689 2923 785 2962 vos
813 2923 909 2977 per
926 2909 1155 2964 virtutes
1181 2909 1298 2979 agri
1324 2925 1446 2980 qua:
1469 2925 1558 2966 res
1593 2909 1778 2964 mundi
1809 2909 2010 2980 guber-

448 3005 580 3048 nant
608 3005 662 3050 et
694 2997 836 3051 vires
859 2997 1318 3067 ipsarumquibus
1351 2983 1698 3054 adversarios
1721 3007 2006 3061 enervant,

445 3087 690 3143 excitare
724 3089 957 3158 scpitam
1012 3087 1064 3141 in
1118 3089 1274 3144 vobis
1311 3099 1365 3144 et
1407 3089 1821 3159 expergefacere
1878 3105 2006 3160 erga

447 3175 722 3246 Sponsum
744 3179 1067 3232 cbaritatem
1089 3184 1144 3232 et
1165 3191 1462 3246 agnoscere
1497 3179 1826 3248 voluptatem
1843 3195 2007 3249 quam

445 3281 511 3320 ex
538 3265 658 3334 ejus
681 3267 1018 3336 experientia
1061 3266 1238 3336 capio.
1277 3265 1614 3322 Adlmrtatur
1643 3279 1828 3324 autem
1860 3271 2008 3340 ipsas

448 3355 665 3410 illarum
698 3343 1193 3424 lucrutu‘spectans
1214 3363 1268 3410 et
1291 3357 1580 3413 utilitatem
1607 3373 1795 3418 earum
1833 3361 2011 3415 consi-

446 3448 646 3502 derans
676 3446 755 3514 :si
797 3457 979 3500 autem
1007 3445 1207 3518 Sponsi
1240 3448 1566 3501 charitatem
1602 3449 1833 3507 excitari
1865 3451 2004 3514 vult,

449 3536 572 3598 hoc,
591 3536 794 3607 inquit,
818 3535 1016 3605 adjuro
1042 3553 1159 3601 vos,
1187 3537 1308 3591 [ilic
1335 3535 1664 3606 Jerusalem,
1684 3548 1744 3593 ut
1778 3539 1844 3594 ad
1867 3539 2006 3595 dile-

443 3635 593 3678 ctum
625 3641 806 3681 meum
845 3625 1144 3688 accedatis,
1172 3642 1462 3694 meumque
1489 3625 1739 3682 aﬁ‘ectum
1777 3629 1876 3698 ipsi
1911 3645 2007 3683 an-

445 3715 730 3782 nuntietis,
789 3713 1064 3785 quomodo
1111 3715 1288 3786 ipsum
1331 3715 1565 3786 diligens
1600 3717 1746 3771 domi
1788 3731 2008 3773 manere

445 3819 555 3858 non
585 3805 743 3858 valeo
771 3804 1079 3876 expellente
1119 3821 1204 3860 me
1231 3805 1507 3862 desiderio
1557 3815 1612 3862 et
1659 3821 1856 3862 omnes
1893 3807 2005 3862 vias

440 3891 598 3948 obire
624 3900 876 3963 cogente,
912 3908 1041 3947 num
1069 3893 1210 3948 forte
1244 3891 1466 3950 fortuna
1501 3895 1666 3949 etiam
1703 3897 1886 3949 amat‘o
1915 3909 2007 3950 oc-

440 4003 686 4043 curram.
725 3986 1063 4044 Subdubitat
1104 3988 1247 4042 enim
1287 3989 1543 4045 lortassis
1591 4003 1660 4043 an
1696 4004 1886 4044 revera
1925 3988 2007 4045 di-

441 4083 668 4152 ligatur,
699 4079 916 4135 tametsi
959 4079 1072 4151 jatn
1108 4080 1317 4150 pridem
1348 4081 1466 4136 visa
1501 4081 1573 4136 sit
1599 4081 1916 4136 occurrisse
1941 4095 2006 4135 ac

441 4187 727 4229 sermones
755 4186 785 4225 a
813 4169 1032 4242 Sponso
1080 4171 1355 4226 inaudisse
1403 4171 1498 4241 qui
1531 4171 1882 4226 dilectionem
1917 4171 2008 4226 de-

440 4269 748 4318 monstrent
777 4279 792 4316 :
824 4261 1079 4316 subducit
1107 4275 1167 4317 se
1198 4275 1434 4332 namque
1461 4261 1708 4331 Sponsus
1741 4276 1851 4316 non
1879 4277 2004 4316 raro

2127 467 2247 528 ταῖς
2282 465 2752 538 μαθητευομέναις
2795 463 3020 534 ψυχαῖς,
3061 461 3161 533 τὴν
3212 459 3347 532 πρδς
3389 458 3453 514 τδ
3495 459 3708 513 τέλειον

2127 555 2355 626 πρόοδον
2385 554 2736 625 ὑφηγουμένη
2759 553 2849 608 διά
2868 551 2963 606 τοῦ
2993 549 3258 623 δρκισμοῦ
3289 549 3426 620 πρὸς
3451 549 3548 604 τδν
3567 567 3674 604 κατ
3689 551 3706 570 '

2126 647 2329 716 ἀρετὴν
2363 647 2692 718 χειραγωγεῖ
2727 645 2842 714 βίον
2873 643 3157 714 φάσκουσα
3179 657 3194 672 ο
3233 641 3316 694 ὅτι
3359 640 3458 695 ὲάν
3495 641 3550 694 αί
3594 658 3706 710 μοι-

2126 719 2480 808 θητευόμεναι
2505 737 2674 807 ψυχαὶ
2703 735 3048 808 προκόπτητε
3079 733 3200 795 ταῖς
3245 732 3472 802 ἀρεταῖς
3503 730 3700 802 μέχρις

2126 829 2190 882 ἀν
2217 829 2468 900 ἐγείρητε
2500 829 2594 882 καὶ
2625 827 2936 896 ὲξεγείρητε
2965 824 3064 894 τὴν
3093 822 3348 892 ἀγάπην,
3382 823 3520 892 ὅπερ
3549 821 3702 876 ἐστὶν

2124 919 2434 990 ὑψουμένης
2461 937 2521 973 τε
2560 919 2652 972 καὶ
2677 919 2764 973 ἀεὶ
2789 917 2880 972 διὰ
2911 914 3229 988 προσθήκης
3263 913 3400 983 πρὸς
3422 913 3482 966 τὸ
3510 910 3698 982 μεῖξον

2124 1009 2552 1079 ὲπαυξουμένης,
2591 1007 2687 1063 καὶ
2709 1009 2788 1073 είς
2816 1007 2990 1078 πέρας
3029 1005 3156 1076 ιλθῃ
3193 1005 3256 1058 τὸ
3297 1003 3499 1070 ἀγαθὸν
3523 1000 3698 1056 αὐτοῦ

2124 1099 2355 1171 θέλημα,
2385 1098 2525 1152 ὥστε
2567 1101 2628 1152 ἐν
2661 1097 2825 1170 σαρκὶ
2856 1095 3059 1162 ζῶσαν,
3093 1093 3290 1165 μηκέτι
3327 1095 3468 1147 κατά
3513 1091 3698 1163 σάρκα

2124 1190 2241 1260 ζῇν,
2261 1180 2442 1243 καὶέν
2463 1189 2540 1260 τῷ
2566 1187 2723 1260 ἀγρῷ
2750 1185 2842 1242 τοῦ
2875 1187 3082 1256 κόσμου
3105 1185 3418 1252 διάγουσαν,
3435 1181 3699 1252 πρδς⁴τάς

2121 1281 2382 1353 δυνάμεις
2435 1281 2652 1354 βλέπειν
2698 1279 2798 1344 τὰς
2849 1277 3146 1346 ἀγγελικάς
3171 1293 3186 1308 ο
3217 1275 3561 1347 μιμουμένας
3612 1273 3699 1327 δι’

2123 1371 2392 1437 ἀπαθείας
2411 1373 2513 1448 τὴν
2543 1369 2841 1444 ἀγγελικὴν
2869 1367 3220 1438 καθαρότητα
3237 1381 3252 1397 ·
3293 1365 3554 1432 δυνάμεις
3581 1361 3695 1432 γάρ

2122 1463 2218 1518 τοῦ
2260 1463 2432 1535 ἀγροῦ
2477 1465 2598 1536 ἦτοι
2643 1461 2740 1516 τοῦ
2797 1462 3026 1530 κόσμου,
3057 1456 3350 1526 ἀγγελικαὶ
3391 1453 3649 1524 δυνάμεις
3673 1469 3689 1484 ·

2125 1556 2317 1609 πιστοῦ
2325 1573 2480 1626 μεναι
2515 1555 2655 1625 ὑμᾶς
2681 1551 2978 1621 ἀγγελικὴν
2997 1549 3136 1615 ἕξειν
3150 1549 3207 1602 ὲν
3219 1551 3285 1620 τῇ
3299 1544 3693 1614 παλιγγενεσία

2126 1646 2464 1702 κατάστασιν
2483 1661 2496 1674 ·
2531 1647 2684 1714 ἰσχὺς
2711 1645 2768 1697 δὲ
2796 1642 2891 1697 καὶ
2913 1641 3141 1709 δύναμις
3167 1639 3216 1692 εἰ
3246 1638 3347 1708 μὲν
3378 1635 3571 1698 ἑνικῶς
3599 1633 3692 1687 λέ-

2119 1755 2299 1806 γεται,
2317 1737 2454 1808 πρὸς
2485 1737 2546 1790 τδ
2571 1735 2722 1789 Θεῖον
2749 1733 3126 1802 ἀναπέμπεται
3152 1733 3186 1802 ὴ
3217 1729 3425 1784 διάνοια
3459 1727 3557 1796 τῆς
3577 1743 3692 1779 τοι·

2121 1827 2292 1897 αὐτης
2343 1826 2556 1896 φωνῆς·
2594 1827 2644 1879 εἰ
2688 1825 2746 1878 δὲ
2786 1821 3216 1894 πληνθυντικῶς,
3244 1820 3344 1890 τὴν
3389 1817 3690 1886 ἀγγελικὴν

2121 1916 2281 1986 φύσιν
2313 1917 2612 1988 παρίστησι
2635 1933 2648 1946 ο
2684 1915 2744 1968 τὸ
2777 1915 2832 1969 δὲ
2861 1913 3108 1982 ὥρκισα,
3133 1909 3255 1965 ἀντὶ
3293 1908 3390 1963 τοῦ
3435 1908 3644 1974 ὁρκίζω
3669 1922 3684 1937 ·

2119 2009 2282 2076 ὅρκος
2305 2007 2362 2060 δέ
2389 2007 2507 2060 ἐστι
2532 2005 2690 2073 λόγος
2716 2001 3074 2074 πιστούμενος
3104 1999 3171 2054 δι’
3197 1996 3392 2053 ἑαυτοῦ
3422 1996 3520 2067 τὴν
3551 1996 3689 2067 ἀλήο

2121 2099 2302 2151 θειανο
2347 2097 2509 2168 ὅρκος
2548 2095 2605 2150 δὲ
2650 2095 2903 2163 λέγεται,
2939 2091 3045 2146 κᾶν
3076 2089 3276 2163 δμνυσί
3315 2105 3400 2154 τις
3443 2087 3544 2159 κᾶν
3587 2087 3686 2160 δρ-

2119 2181 2292 2258 κωθῇ.

2185 2277 2424 2332 Νείλου.
2454 2305 2518 2317 -
2551 2276 2626 2328 Τὸ
2657 2273 2756 2344 μὲν
2787 2271 3084 2341 duty-819m,
3115 2269 3304 2340 σαφῶς
3331 2269 3464 2330 ’ταῖς
3512 2265 3685 2333 θυγα-

2117 2371 2308 2438 τράσιν
2339 2366 2695 2438 Ἰερουσαλὴμ
2722 2364 2940 2435 εἴρηται
2959 2379 2974 2395 ⁸
3006 2361 3106 2432 τὴν
3134 2365 3191 2416 ὲν
3219 2361 3326 2415 τίνι
3356 2359 3414 2414 δι
3437 2358 3684 2428 ἀγάπην,

2115 2459 2214 2528 τὴν
2245 2461 2301 2512 ὲν
2339 2459 2550 2523 αὑταῖς,
2582 2456 2614 2527 ἢ
2647 2453 2747 2526 τὴν
2771 2457 2830 2508 ἑν
2863 2453 2943 2524 τῷ
2966 2453 3203 2524 νυμφίῳ,
3239 2451 3397 2522 ἢτὴν
3425 2451 3564 2520 αὐτῇ
3591 2447 3672 2502 λε-

2115 2549 2306 2622 γούσῃ,
2347 2549 2558 2620 ἄδηλον.
2595 2551 2655 2602 El
2689 2549 2787 2618 μὲν
2819 2545 2912 2600 οὖν
2940 2543 3041 2616 τὴν
3089 2544 3148 2596 ἑν
3197 2539 3432 2603 ἐκείναις
3459 2539 3686 2608 ἀγάπην

2113 2641 2454 2710 διεγερθῆναι
2482 2641 2744 2710 βούλεται,
2765 2636 2988 2692 δύναται
3016 2631 3259 2686 τοιοῦτόν
3285 2648 3338 2683 τι
3365 2629 3575 2698 λέγειν’
3597 2631 3702 2710 ὅτι.

2113 2726 2183 2785 Ὠ
2209 2730 2423 2800 βραδεῖς
2444 2729 2538 2784 καὶ
2553 2726 2936 2796 ἀσυναίσθητοι
2964 2723 3073 2776 τῶν
3095 2719 3498 2791 συμφερόντων.
3518 2717 3686 2771 πόσον

2113 2821 2301 2890 κέρδος
2333 2821 2611 2890 παρορᾶτε
2643 2818 2732 2872 διά
2761 2814 3050 2886 ἀπειρίανί
3085 2813 3259 2882 Ὅπερ
3284 2811 3396 2872 τοῖς
3424 2808 3683 2874 ἀγαπῶσι

2112 2911 2204 2964 τὸν
2245 2909 2518 2980 Νυμφίον,
2565 2910 2630 2960 ὲκ
2671 2906 2766 2976 τοῦ
2795 2903 3016 2974 ἀγαπᾷν
3063 2900 3442 2972 περιγίνεται·
3473 2895 3684 2968 ὁρκίζω

2114 3003 2256 3070 ὑμᾶς
2287 2999 2426 3052 κατά
2455 2997 2562 3051 τῶν
2587 2997 2866 3067 δυνάμεων
2894 2993 2988 3048 τοῦ
3015 2989 3212 3064 ἀγροῦ,
3240 2989 3349 3044 τῶν
3372 2989 3442 3042 τά
3462 2985 3557 3040 τοῦ
3587 2987 3683 3040 κδ-

2115 3107 2251 3158 σμου
2280 3087 2617 3150 διοικουσῶν,
2634 3087 2729 3141 καὶ
2753 3085 2850 3152 τῆς
2878 3082 3056 3154 ἰσχύος
3083 3071 3319 3150 αὐτῶνῇ
3347 3073 3682 3146 καταργοῦσι

2111 3181 2235 3243 τοὺς
2280 3177 2577 3240 ἐναντίους,
2611 3177 2820 3246 ἐγεῖραι
2867 3170 3232 3228 καθεύδουσαν
3277 3169 3336 3221 ὲν
3387 3168 3552 3238 ὑμῖν,
3585 3167 3681 3220 καὶ

2109 3269 2377 3339 ἐξεγεῖραι
2403 3269 2502 3340 τὴν
2536 3267 2671 3340 πρὸς
2699 3265 2788 3320 τὸν
2806 3263 3057 3334 Νυμφίον
3073 3260 3294 3328 ἀγάπην
3313 3275 3328 3292 ’
3353 3259 3447 3313 καὶ
3475 3259 3680 3326 γνῶναι

2107 3363 2208 3431 τὴν
2237 3360 2430 3432 ἡδονὴν
2453 3360 2552 3429 τὴν
2575 3359 2737 3430 ἐμὴν,
2765 3359 2830 3410 ἐκ
2855 3355 2950 3410 τοῦ
2996 3355 3054 3407 ὲν
3086 3353 3252 3423 πείρᾳ
3294 3349 3545 3420 γενέσθαι
3580 3349 3680 3402 αῦ-

2106 3453 2236 3522 τῆς·
2288 3451 2598 3522 παρακαλεῖ
2627 3449 2686 3504 δὲ
2719 3449 2890 3511 αὐτὰς
2932 3446 2994 3500 τὸ
3035 3447 3258 3501 ἐκείνων
3307 3443 3496 3513 κέρδος
3547 3458 3681 3495 σκοο

2108 3543 2306 3608 ποῦσα,
2335 3543 2428 3596 καὶ
2456 3541 2552 3614 τὴν
2579 3542 2843 3610 ὠφέλειαν
2877 3539 3056 3592 αὐτῶν
3095 3527 3578 3606 λογιζομένηοέάν
3619 3533 3680 3587 δὲ

2105 3635 2204 3704 τὴν
2247 3633 2340 3688 τοῦ
2367 3634 2618 3704 Νυμφίου
2661 3632 2882 3700 ἀγάπην
2931 3628 3274 3700 διεγερθῆναι
3325 3627 3492 3699 θέλῃ,
3519 3625 3680 3680 τοῦτό

2106 3740 2302 3795 φησιν·
2341 3723 2572 3796 Ὁρκίζω
2603 3725 2766 3794 ὑμᾶς,
2791 3721 3085 3792 θυγατέρες
3120 3717 3490 3790 Ἰερουσαλὴμ,
3513 3733 3680 3787 προσ·

2107 3815 2283 3869 ελθείν
2312 3815 2391 3884 τῷ
2435 3815 2526 3866 ὑπ’
2549 3813 2684 3882 ἐμοῦ
2733 3810 3098 3882 ἠγαπημένῳ,
3129 3809 3224 3862 καὶ
3254 3807 3314 3860 τὸ
3346 3807 3476 3877 ὲμὺν
3505 3805 3681 3870 πάθος

2107 3903 2426 3972 ἀναγγεῖλαι
2451 3901 2600 3973 αὐτῷ
2620 3919 2632 3932 ·
2660 3901 2809 3964 ὅπως
2837 3899 2998 3954 αὐτὸν
3025 3897 3294 3966 ἀγαπῶσα
3323 3897 3458 3948 οίκοι
3493 3895 3679 3962 μένειν

2106 3995 2165 4046 οὐ
2191 3993 2446 4062 δύναμαι,
2479 3991 2858 4058 ὲξελαύνοντός
2885 4007 2984 4060 μου
3015 3987 3110 4042 τοῦ
3139 3987 3304 4040 πόθου
3324 4025 3340 4052 ,
3374 3986 3467 4040 καὶ
3493 3985 3678 4048 πάσας

2107 4083 2316 4136 ἐπιέναι
2342 4083 2439 4148 τὰς
2464 4083 2616 4145 ὀδοὺς
2641 4079 3063 4149 ἀναγκάζοντος,
3099 4079 3263 4147 μήπω
3295 4076 3391 4131 καὶ
3417 4077 3482 4126 ὲκ
3505 4075 3680 4146 τύχης

2107 4177 2339 4245 συναντῇ
2391 4174 2466 4244 τῷ
2515 4172 2868 4242 ποθουμένῳο
2917 4171 3200 4241 ἀμφιϐάλῃ
3245 4168 3354 4240 γὰρ
3403 4167 3564 4238 τάχα,
3599 4169 3676 4239 μή

2109 4281 2237 4316 ποτε
2281 4264 2382 4316 οὐκ
2427 4261 2645 4331 ἀληθῶς
2689 4261 2968 4328 ἀγαπᾶται
2991 4276 3004 4289 ·
3041 4259 3135 4312 καὶ
3163 4258 3262 4328 ἤδη
3295 4256 3546 4326 φαίνεται
3581 4258 3678 4310 καὶ

438 4364 501 4409 ιιι
529 4353 792 4422 majorem
822 4351 1022 4408 excitet
1051 4367 1294 4408 amorem
1321 4364 1375 4408 et
1422 4354 1796 4410 tabescentem
1851 4367 2004 4407 resu-

2114 4355 2440 4425 συντυχοῦσα
2485 4354 2577 4408 καὶ
2620 4353 2776 4421 λόγον
2805 4350 3086 4406 ἀκούσασα
3119 4347 3270 4420 παρὰ
3298 4347 3390 4402 τοῦ
3422 4347 3675 4417 Νυμφίου

435 4449 598 4504 scitet
623 4445 1008 4516 cupiditatem.
1042 4443 1100 4498 In
1122 4445 1448 4515 quibusdam
1482 4453 1662 4500 autem
1683 4444 2006 4514 exemplari-

441 4539 543 4589 bus
578 4533 815 4588 habetur
849 4553 862 4588 :
892 4532 1261 4608 Neﬂsuscr’tetis
1291 4550 1456 4603 neque
1479 4533 1730 4604 evigilare
1762 4532 2000 4601 faciatis.

433 4627 578 4692 Quia
621 4639 731 4680 non
769 4599 1130 4694 opus‘l'iabeo
1176 4625 1512 4688 mediatorc;
1571 4625 1686 4680 scio
1725 4626 1869 4680 enim
1917 4639 2003 4679 tuo

435 4717 654 4786 dignam
684 4716 804 4786 ipso
831 4713 1120 4776 redditam,
1155 4715 1298 4770 unde
1319 4717 1652 4770 voluntatem
1672 4715 1794 4792 ejus
1825 4714 1894 4770 ad
1916 4714 2001 4770 di-

2105 4444 2201 4514 τὴν
2257 4443 2478 4510 ἀγάπην
2523 4440 2844 4511 δηλοῦντοςο
2898 4441 3172 4509 ὑποχωρεί
3214 4437 3322 4508 γάρ
3367 4440 3394 4490 ό
3423 4437 3675 4505 Νυμφίος

2105 4534 2394 4598 πολλάκις,
2425 4533 2607 4586 πλεῖον
2637 4533 2808 4600 αὐτῆς
2837 4533 2928 4584 τὸν
2960 4531 3136 4604 ἔρωτα
3161 4529 3463 4598 διεγείρων,
3489 4529 3582 4582 καὶ
3614 4529 3675 4582 τὸ

2109 4625 2506 4698 μαραινόμενον
2529 4624 2626 4692 τῆς
2643 4622 2940 4692 ἐπιθυμίας
2955 4620 3330 4692 ἀναρριπίζων
3347 4637 3363 4652 ·
3399 4621 3458 4672 ἐν
3483 4637 3590 4674 τισι
3615 4619 3674 4672 δὲ
3701 4615 3708 4622 ’

2103 4715 2212 4769 τῶν
2246 4713 2602 4785 ’ἀντιγράφων
2635 4713 2770 4782 ἔχει,
2797 4711 2894 4778 Μὴ
2927 4711 3208 4780 ἐγείρητε.
3264 4709 3413 4776 μηδέ
3447 4711 3671 4777 ἐξετεί-

434 4809 724 4862 lectionem
772 4821 950 4862 meam
1009 4807 1236 4862 excito:
1284 4819 1392 4860 non
1453 4807 1598 4862 enim
1657 4806 2000 4862 lenocinatur

2114 4823 2264 4873 ρητε,
2297 4807 2391 4859 ὲάν
2421 4805 2520 4874 μὲν
2542 4803 2642 4875 τὴν
2673 4805 2810 4874 πρὸς
2839 4803 3038 4871 ἑαυτὴν
3067 4801 3160 4854 τοῦ
3188 4801 3460 4871 Νυμφίου,
3493 4803 3574 4854 ὅτι
3608 4803 3670 4855 οὐ

432 4896 680 4952 ctelestis
703 4910 880 4957 amor,
902 4895 1006 4960 sed
1039 4895 1157 4966 ipse
1184 4895 1398 4950 accedit
1431 4895 1850 4965 pulchritudine
1876 4897 1999 4950 ani-

433 5001 538 5042 mae
572 4997 782 5042 tractus
824 4994 880 5040 et
921 4986 1180 5054 operibus
1219 4985 1487 5040 virtutum
1538 4987 1742 5042 certior
1779 4986 1959 5042 factus
1982 5027 1997 5052 ,

435 5093 543 5132 non
588 5077 904 5132 rumoribus
958 5083 1239 5145 gestorum
1299 5091 1650 5146 persuasus:
1715 5082 1762 5136 si
1817 5089 1998 5134 autem

429 5168 647 5220 itlorttm
697 5182 764 5220 ne
792 5163 1076 5220 suscitetis
1104 5180 1234 5236 erga
1270 5167 1448 5236 ipsum
1477 5167 1848 5224 dilectionem.
1889 5170 1998 5222 Ad-

429 5255 536 5307 huc
559 5255 705 5307 enim
751 5253 907 5306 vobis
937 5251 1168 5308 necdum
1205 5255 1456 5310 stabilem
1496 5257 1842 5327 diligentium
1878 5265 1994 5311 sta-

427 5355 544 5400 tum
599 5347 871 5402 assecutis
901 5361 1040 5414 opus
1073 5357 1176 5410 est.
1213 5357 1273 5402 ut
1304 5348 1408 5404 hoc
1439 5357 1681 5420 tempore
1711 5349 1816 5419 ipsi
1845 5350 1898 5402 in
1930 5350 1996 5402 ti-

424 5454 578 5492 more
609 5438 886 5502 scrviatis,
908 5455 974 5493 ne
1006 5439 1237 5494 forsitan
1265 5441 1645 5510 intempestive
1673 5441 1993 5496 dilationem

418 5528 731 5581 excitantes
774 5527 1096 5594 lasciviatis,
1132 5539 1319 5601 utpote
1362 5530 1596 5587 necdum
1643 5531 1851 5585 edoctae
1903 5531 1988 5602 ip-

418 5619 540 5674 sius
565 5615 834 5672 cbaritate
870 5619 948 5674 uti
972 5630 1140 5676 recte.

2103 4897 2291 4967 χρείαν
2322 4895 2430 4966 ἔχω
2458 4897 2678 4966 μεσίτου
2698 4913 2712 4926 ο
2743 4889 2861 4948 οἶδα
2893 4895 3002 4963 γάρ
3027 4894 3110 4946 ὅτι
3138 4891 3262 4956 ἀξία
3284 4894 3548 4960 γενομένη
3569 4893 3670 4946 αὐ-

2105 4985 2222 5044 τοῦ.
2251 4987 2312 5040 τὸ
2338 4985 2548 5057 θέλημα
2577 4984 2740 5039 αὑτοῦ
2766 4985 2898 5055 πρὸς
2931 4984 3028 5053 τὴν
3069 4984 3206 5053 ἐμὴν
3232 4983 3454 5054 ἀγάπην
3479 4985 3667 5049 διεγείο

2111 5095 2187 5146 ρω
2209 5093 2220 5106 ’
2256 5077 2316 5128 οὐ
2344 5076 2454 5145 γὰρ
2485 5076 2920 5144 μαστροπεύεται
2949 5077 2977 5129 ὁ
3003 5076 3252 5144 οὐράνιος
3293 5073 3433 5144 ἔρως
3453 5091 3465 5101 ·
3508 5076 3670 5136 αὐτὸς

2102 5165 2158 5218 δὲ
2183 5167 2436 5236 ἐπιφοιτᾷ
2461 5164 2537 5235 τῷ
2562 5165 2747 5218 κάλλει
2777 5163 2875 5232 τῆς
2901 5164 3080 5233 ψυχῆς
3109 5163 3418 5233 ἑλκόμενος,
3445 5163 3536 5215 καὶ
3557 5165 3668 5226 τοῖς

2103 5258 2284 5328 ἔργοις
2311 5257 2420 5308 τῶν
2445 5257 2654 5326 ἀρετῶν
2679 5255 3205 5326 πληροφορούμενος,
3231 5256 3347 5322 οὐχὶ
3373 5255 3427 5306 δὲ
3461 5256 3670 5323 φήμαις

2103 5349 2210 5401 τῶν
2243 5347 2540 5416 γινομένων
2581 5348 2905 5417 πειθόμενος
2929 5363 2943 5376 ο
2992 5348 3087 5398 ἐὰν
3122 5346 3176 5397 δὲ
3209 5347 3306 5417 τὴν
3341 5347 3558 5397 ἐκείνων
3594 5345 3668 5412 μὴ

2101 5439 2348 5509 ὲγείρητε
2371 5440 2470 5509 τὴν
2493 5440 2627 5509 πρδς
2653 5439 2818 5492 αὑτὸν
2841 5439 3059 5508 ἀγάπην
3076 5455 3089 5469 ·
3119 5437 3199 5490 ἔτι
3226 5439 3330 5506 γὰρ
3357 5439 3488 5506 ἡμῖν
3511 5454 3669 5506 χρεια

2102 5527 2292 5596 καιροῦ
2341 5528 2435 5578 τοῦ
2481 5529 2538 5578 ἐν
2574 5525 2722 5596 φόϐῳ
2770 5526 3038 5579 δουλεύειν
3070 5525 3236 5594 αὐτῷ,
3271 5527 3368 5578 οὐκ
3416 5524 3666 5593 ἐχούσαις

2097 5620 2229 5681 τέως
2278 5618 2574 5688 ,βεϐηκυῖαν
2615 5620 2713 5690 τὴν
2763 5619 2870 5672 τῶν
2919 5618 3254 5684 ἀγαπώντων
3312 5615 3662 5682 κατάστασιν,
