3950 6294
238 364 352 430 ιδεη

1191 365 1719 427 COMMENTARII
1762 366 1840 426 IN
1870 370 2183 432 CANTlCA
2212 372 2500 434 CANTIC.

3315 366 3452 433 1533

236 479 452 548 ἔμφασις
481 475 729 530 δείκνυσι
778 474 869 525 τὸν
912 471 1114 541 ὑψηλὸν
1150 470 1245 524 καὶ
1286 472 1536 541 οὐράνιον
1568 470 1681 541 βίον
1702 489 1716 502 ·
1747 473 1782 540 ή

1895 474 2035 530 illius
2062 475 2307 530 declarat
2335 490 2527 545 nempe
2551 474 2826 529 cmlestcm
2853 487 2916 528 ac
2941 471 3223 529 sublimem
3256 474 3445 529 vitam.
3472 547 3482 555 ἡ

246 570 344 639 γάρ
366 566 511 632 λέξις
546 561 696 619 οἶκον
721 563 975 633 σημαίνει
1000 561 1159 617 Θεοῦ.

299 661 534 715 Νείλου.
559 687 630 699 --
659 656 859 726 Βαιθήλ
899 657 1037 714 ἐστι,
1080 658 1175 708 καὶ
1221 654 1582 723 ἑρμηνεύεται
1624 650 1788 719 οἶκος

237 751 395 807 Θεοῦ·
431 749 536 820 δρη
579 749 636 801 δὲ
689 746 892 815 ταύτης
939 747 990 799 oi
1033 745 1122 798 διὰ
1169 744 1397 814 μέγεθος
1448 745 1648 814 ἀρετῆς
1685 744 1786 813 δρη

234 837 688 912 χρηματίσαντες·
737 836 814 898 ὡς
856 834 965 905 γὰρ
1013 834 1454 905 ὑπερανέστηκεν
1513 835 1636 905 ὕψει
1693 837 1787 888 καὶ

233 932 463 1002 διαφέρει
492 930 845 999 κραταιότητι
876 928 976 998 τῆς
1010 928 1204 996 λοιπῆς
1237 928 1339 996 γῆς
1367 926 1434 979 τὰ
1462 926 1585 996 ὅρη,
1618 925 1787 988 οὕτως

234 1026 286 1074 ἐν
309 1025 413 1085 τοίς
442 1018 760 1089 ἀνθρώποις
782 1020 1139 1088 ὑπερέχουσιν
1186 1017 1330 1084 ἆγιοι
1353 1014 1430 1077 τῶ
1472 1015 1659 1086 ὑψηλῷ
1691 1017 1786 1086 τῆς

234 1114 492 1175 πολιτείας
520 1110 938 1180 διεγηγερμένοι
954 1127 968 1141 ·
992 1109 1205 1171 τούτοις
1229 1108 1324 1162 οὖν
1350 1107 1788 1179 ἐπιδιατρίσοντα

232 1208 312 1260 τὸν
340 1204 613 1272 ἀδελφιδδν
643 1204 842 1271 ἑαυτῆς
867 1203 900 1271 ή
931 1201 1137 1270 Νύμφη
1184 1200 1393 1270 βλέπει,
1433 1199 1787 1270 ὁμοιούμενον

229 1297 308 1349 διὰ
336 1296 431 1365 μὶν
461 1293 563 1364 τὴν
613 1293 958 1363 θεωρητικὴν
1008 1289 1261 1360 δύναμιν,
1294 1290 1389 1343 καὶ
1436 1289 1498 1341 τὸ
1541 1289 1787 1359 κριτικὸν

230 1384 356 1439 εἶναι
402 1385 756 1455 ἐνθυμήσεων
787 1385 906 1436 ’καὶ
956 1380 1179 1435 ἐννοιῶν
1208 1380 1609 1451 -ἀνθρωπίνων,
1659 1380 1785 1449 δορ-

229 1477 342 1530 κάδι
363 1491 377 1506 ⁴
405 1476 496 1529 διὰ
518 1474 576 1527 δέ
599 1474 700 1544 τὴν
735 1471 1046 1544 πρακτικὴν
1073 1472 1169 1524 καὶ
1196 1469 1294 1538 τὴν
1333 1473 1469 1541 πρὸς
1504 1472 1604 1534 τὰς
1631 1472 1786 1524 ἐναν-

227 1568 337 1628 τὲας
366 1564 626 1631 δυνάμεις
653 1561 1034 1624 άντιπάθειαν,
1075 1558 1255 1631 νεϐρῷ
1296 1559 1537 1626 ἐλάφων·
1564 1560 1788 1631 ἀναιρε-

227 1658 343 1725 τικὴ
369 1655 480 1727 γὰρ
518 1656 632 1707 τῶν
670 1653 890 1707 ίοόὀλων
919 1650 1167 1721 ἑρπετῶν
1195 1652 1229 1723 ή
1260 1651 1458 1720 ἐλαφος
1477 1667 1491 1681 ο
1523 1650 1611 1707 διὰ
1640 1653 1693 1705 τί
1730 1651 1787 1705 δέ

226 1748 337 1802 εἷπε
357 1746 541 1818 νεϐρῷ
568 1745 785 1813 ἐλάφων
815 1743 913 1797 κα)⁵
931 1745 1030 1795 οὐκ
1049 1741 1281 1811 ἐλαφονς
1302 1742 1383 1794 ὅτι
1404 1742 1454 1793 οί
1482 1741 1580 1811 μὲν
1603 1741 1787 1795 πολλοὶ

226 1840 325 1892 τῶν
381 1806 779 1909 ἀνθρώπων,ἥ
840 1835 1044 1896 πάντες
1108 1806 1290 1902 σχεδὸν
1349 1834 1406 1886 ἐν
1461 1806 1525 1904 τῇ
1562 1833 1783 1905 παιδικῇ
1819 1806 1859 1860 Β

227 1928 419 1998 ἡλικίᾳ,
454 1931 506 1981 εί
538 1928 633 1983 καὶ
669 1925 743 1995 μὴ
782 1924 890 1977 τῶν
924 1922 1188 1992 αἰσχρῶν,
1218 1921 1333 1974 ἀλλ’
1368 1916 1462 1974 οὖν
1491 1939 1653 1975 τινων
1683 1939 1787 1974 πα-

228 2016 327 2069 θῶν
354 2014 669 2085 ἡττήθησαν
689 2032 701 2045 ·
737 2011 832 2080 ὀψὲ
863 2011 958 2064 καὶ
989 2010 1143 2080 μόλις
1180 2009 1542 2079 πρεσϐυτικὸν
1584 2011 1785 2063 ἀναλα-

227 2108 400 2170 ϐόντες
426 2108 525 2159 καὶ
580 2105 836 2174 σώφρονα
866 2100 1164 2171 λογισμόν
1215 2103 1243 2153 δ
1283 2099 1340 2152 δέ
1382 2101 1659 2171 Κυριακὸς
1694 2100 1786 2153 ἄν-

228 2197 433 2267 θρωπος
479 2196 616 2265 πρὶν
671 2195 705 2265 ἢ
765 2193 966 2262 γνῶναι
1000 2191 1184 2245 καλεῖν
1238 2192 1451 2261 πατέρα
1484 2192 1516 2262 ἦ
1554 2192 1786 2262 μητέρα,

231 2287 481 2357 ήπείθησε
512 2284 801 2356 πονηρίαν,
838 2285 938 2348 τὰς
968 2281 1301 2351 νεωτερικὰς
1328 2282 1625 2350 ἐπιθυμίας
1658 2300 1788 2352 πρε-

228 2378 445 2448 σϐυτικῇ
475 2375 880 2446 καταπατήσας
920 2372 1137 2445 γνώμῃ,
1166 2374 1308 2444 τάχα
1348 2373 1549 2442 δορκάς
1580 2369 1669 2441 ἦν,
1700 2374 1788 2427 ὅτε

225 2468 331 2534 ὀξεῖ
366 2468 444 2538 τῷ
479 2466 756 2538 βλέμματι
801 2466 898 2527 τὰς
932 2464 1262 2535 ἐνθυμήσεις
1286 2464 1473 2532 ἔλεγεν
1500 2464 1639 2534 ὁρῶν
1681 2464 1789 2517 τῶν

228 2557 554 2629 ἀνθρώπων·
596 2576 615 2608 t
644 2556 761 2609 Ἰνα
790 2556 843 2609 τί
875 2556 1031 2624 ὑμεῖς
1063 2555 1381 2625 ἐνθυμεῖσθε
1416 2558 1473 2608 ἐν
1508 2558 1627 2617 ταῖς
1657 2573 1791 2625 καρ-

226 2650 354 2712 δίαις
378 2650 537 2719 ὑμῶν
565 2649 816 2719 πονηρά;
854 2666 873 2698 ι
916 2646 1128 2716 Νεδρὸς
1155 2646 1212 2700 δὲ
1236 2646 1451 2716 ἐλάφων
1480 2649 1564 2700 ὅτε
1592 2647 1667 2716 τῷ
1698 2648 1788 2702 λε-

227 2740 380 2808 γεῶνι
407 2740 522 2793 τῶν
540 2738 814 2809 δαιμόνων
839 2737 1025 2810 ἔλεγεν
1042 2754 1056 2767 ο
1098 2736 1354 2803 (Ἔξελθε
1380 2738 1442 2789 ἐκ
1466 2737 1559 2789 τοῦ
1584 2738 1679 2790 ἀνθ
1690 2742 1792 2809 ρῶ-

226 2851 322 2888 που
349 2834 409 2887 τὸ
449 2833 676 2903 πνεῦμα
699 2832 760 2885 τὸ
790 2831 1104 2900 ἀκάθαρτον
1138 2830 1276 2891 uti);
1300 2830 1367 2881 ἐκ
1392 2830 1657 2899 χηραμῶν
1684 2830 1791 2882 τῶν

226 2922 577 2992 ἀνθρωπίνων
641 2921 908 2990 σωμάτων
962 2918 1385 2990 ἐνδομηχοῦντα,
1435 2920 1678 2974 ἀνέλκων
1724 2922 1791 2975 τά

224 3013 324 3067 τῶν
348 3013 623 3081 δαιμόνων
651 3010 1130 3081 συνεσπειραμένα
1161 3010 1511 3078 συστήματα.

1889 563 2001 619 Vox
2035 567 2179 620 enim
2221 567 2444 620 Domum
2479 565 2574 620 Dei
2607 572 2783 622 sonat.

1959 655 2098 710 Nili.
2126 688 2196 699 ——
2226 659 2414 713 Betliel
2440 666 2545 721 est,
2583 666 2636 713 et
2666 660 3062 727 interpretatur
3089 640 3275 711 donius
3307 656 3404 711 Dei
3431 672 3450 710 :

1888 754 2102 803 montes
2136 764 2263 803 vero
2299 750 2461 819 hujus
2501 749 2593 817 qui
2638 750 2713 804 ob
2756 749 3186 819 magnitudinem
3232 748 3453 802 virtutis

1889 846 2104 895 montes
2138 842 2480 909 appellantur
2512 858 2527 894 :
2562 842 2709 895 sicut
2736 841 2880 895 enim
2913 848 3126 895 montes
3164 838 3452 893 altitudine

1888 938 2152 998 superant
2200 938 2253 984 et
2308 929 2628 985 fortitudine
2663 930 2985 984 antecellunt
3034 930 3301 997 reliquam
3338 938 3451 982 ter-

1889 1035 2002 1073 ram
2052 1038 2065 1074 :
2109 1021 2191 1075 sic
2243 1022 2405 1074 etiam
2463 1022 2606 1075 inter
2655 1022 2903 1074 homines
2951 1021 3223 1074 excellunt
3274 1019 3449 1074 sancti

1888 1110 2108 1185 sublimi
2163 1113 2283 1165 vita:
2330 1114 2542 1167 ratione
2587 1112 2854 1167 excitati:
2889 1111 2943 1164 in
2978 1111 3064 1165 his
3109 1112 3273 1181 igitur
3317 1126 3450 1164 con-

1889 1213 2194 1257 versantem
2243 1200 2554 1259 iratruelem
2588 1220 2749 1259 suum
2793 1204 3005 1275 Sponsa
3041 1204 3192 1265 vidit,
3228 1212 3451 1273 propter

1888 1294 2292 1363 contemplandi
2345 1295 2571 1363 quidem.
2615 1305 2670 1350 et
2715 1297 2984 1351 humanas
3031 1297 3195 1350 etiam
3242 1296 3449 1365 cogita-

1888 1382 2067 1436 tiones
2141 1383 2490 1438 discernendi
2552 1386 2660 1439 vim
2732 1401 2942 1455 capreae
3010 1386 3372 1441 assimilatum
3432 1402 3446 1439 :

1889 1485 2109 1544 propter
2143 1476 2334 1544 agendi
2377 1492 2504 1530 vero
2532 1476 2903 1532 eliieacitatem
2949 1487 3003 1531 et
3041 1486 3233 1531 contra
3278 1479 3451 1531 virtu-

1889 1573 1970 1619 tes
2027 1565 2366 1622 adversarias
2422 1567 2778 1637 antipathiarn
2836 1568 3068 1622 hinnulo
3122 1581 3449 1629 cervorum;

1888 1670 2085 1711 cervus
2124 1657 2270 1713 enim
2314 1668 2608 1715 venenatos
2642 1659 2881 1715 absumit
2919 1668 3223 1728 serpentes.
3250 1658 3318 1713 At
3353 1673 3453 1711 cur

1888 1746 1965 1800 ait
1993 1748 2224 1801 hinnulo
2254 1763 2542 1804 cervorum
2573 1758 2628 1803 et
2658 1764 2765 1802 non
2811 1750 3013 1804 cervo?
3042 1748 3181 1815 Quia
3228 1748 3450 1818 plurimi

1890 1836 2109 1904 quidem
2149 1838 2393 1893 homines
2424 1839 2507 1892 vel
2554 1838 2668 1892 fere
2705 1854 2895 1892 omnes
2935 1841 2989 1892 in
3031 1840 3224 1907 puerili
3268 1847 3446 1901 aetate,

1891 1927 1936 1980 si
1997 1943 2104 1980 non
2168 1929 2438 1996 turpibus,
2482 1935 2716 1981 attamen
2777 1927 3053 1996 aliquibus
3110 1927 3450 1982 succubuere

1889 2018 2258 2089 passionihus,
2295 2033 2359 2073 ac
2390 2033 2523 2072 sero.
2553 2027 2608 2073 et
2639 2018 2729 2070 vix
2764 2019 2989 2071 senilem
3034 2032 3098 2071 ac
3136 2025 3452 2085 temperan-

1890 2120 1996 2164 tem
2050 2116 2342 2165 assumunt
2389 2108 2796 2178 cogitationem.
2832 2106 3006 2160 llomo
3050 2115 3230 2161 autem
3266 2105 3449 2160 Domi-

1891 2200 2048 2254 nicus
2078 2200 2396 2268 priusquam
2432 2205 2615 2251 nosset
2645 2210 2840 2250 vocare
2872 2204 3079 2264 patrem
3113 2195 3195 2250 vel
3225 2203 3451 2248 matrem
3542 2253 3546 2258 ,

1892 2304 2001 2342 ηοη
2035 2291 2215 2356 paruit
2252 2287 2493 2349 malitiae,
2537 2285 2806 2351 iuveniles
2854 2287 3333 2353 concupiscentias
3370 2298 3457 2340 se-

1893 2381 1987 2435 nili
2039 2380 2238 2434 mentis
2286 2378 2559 2435 sententia
2608 2376 2962 2431 conculcans.
3013 2374 3288 2431 Fortassis
3336 2380 3456 2430 erat

1890 2488 2087 2543 caprea
2129 2472 2351 2543 quando
2392 2470 2543 2525 visus
2588 2468 2842 2522 acumine
2886 2468 3243 2536 cogitationes
3281 2466 3457 2520 homi-

1893 2580 2021 2619 num
2055 2578 2274 2619 cervnm
2306 2561 2526 2616 dicebat
2560 2577 2573 2613 :
2611 2578 2630 2610 ι
2672 2557 2869 2627 thuid
2920 2556 3170 2625 cogitatis
3217 2555 3356 2608 mala
3397 2553 3455 2608 in

1892 2653 2153 2709 cordibus
2201 2652 2401 2708 vestris
2452 2652 2531 2703 '7?
2588 2668 2606 2699 ι
2669 2642 2949 2702 ιιιυυυιυς
2988 2660 3117 2700 vero
3167 2656 3454 2700 cervorum

1892 2744 2112 2815 quando
2158 2743 2354 2811 legioni
2406 2741 2714 2795 daemonum
2760 2738 3018 2792 dicebat:
3055 2755 3073 2787 ι
3109 2735 3205 2789 Exi
3249 2736 3317 2790 ab
3357 2737 3457 2789 ho-

1894 2838 2060 2899 mine,
2101 2833 2330 2903 spiritus
2374 2829 2654 2884 immunde
2682 2828 2748 2891 ³⁸,
2788 2847 2808 2879 ›
2868 2835 3127 2894 tanquam
3160 2840 3190 2878 e
3221 2824 3461 2893 porcinis

1895 2926 2176 2981 hominum
2224 2921 2544 2991 corporibus
2590 2918 2905 2974 nidulantes
2953 2917 3248 2971 extrahens
3294 2915 3456 2971 simul

1897 3016 2128 3071 insertas
2162 3014 2297 3082 ipsis
2335 3011 2645 3066 daemonum
2681 3009 2941 3079 legiones.

290 3106 558 3170 Φίλωνος
607 3102 707 3156 καὶ
767 3091 1117 3171 Ὠριγένουῤ.
1152 3131 1222 3140 -
1263 3100 1335 3151 Ἦ
1384 3102 1478 3154 καὶ
1521 3100 1619 3170 δρη
1664 3102 1788 3163 τοὺς

1967 3106 2234 3161 Philonis.
2261 3135 2331 3146 —
2359 3103 2456 3160 Vel
2490 3104 2653 3158 etiam
2701 3110 2914 3155 montes
2961 3106 3122 3154 vocat
3166 3097 3458 3168 prophetas

228 3198 507 3267 προφήτας
530 3196 696 3263 φησὶν
731 3193 950 3264 ἀρτίους
983 3192 1062 3262 τῷ
1092 3194 1425 3264 φρονήματι,
1461 3193 1569 3246 τῶν
1596 3193 1789 3263 ἀληθι-

223 3287 323 3338 νῶν
343 3286 652 3355 θεωρητὰς,
691 3280 845 3353 οἶμαι
870 3283 925 3336 δὲ
958 3284 1054 3336 καὶ
1099 3283 1228 3347 τοὺς
1256 3283 1623 3347 ἀποστόλουςο
1665 3284 1792 3337 ἐπεὶ

223 3376 355 3429 κιτά
374 3377 572 3444 γενεάν
610 3377 644 3445 ή
681 3374 861 3443 σοφία,
903 3377 979 3437 είς
1008 3373 1185 3443 ψυχάς
1220 3374 1536 3443 μεταῦαίνει
1558 3391 1571 3405 ο
1605 3373 1707 3445 δρη
1736 3375 1791 3428 δέ

223 3468 404 3537 ἐπειδὴ
452 3466 778 3535 ἀνίσχοντος
828 3464 1003 3534 ήλίου,
1060 3465 1255 3535 πρῶτα
1308 3465 1788 3535 καταλάμπονται·

226 3557 439 3620 βουνοὺς
479 3557 536 3609 δὲ
568 3557 696 3618 τοὺς
726 3554 947 3607 ἔλαττον
974 3555 1338 3625 χωρήσαντας
1364 3556 1462 3626 τὴν
1504 3555 1600 3608 τοῦ
1633 3555 1793 3608 πνεύ-

228 3667 386 3717 ματος
417 3648 748 3717 ἐπιφάνειαν
766 3663 780 3677 ο
811 3646 989 3714 λέγοις
1016 3646 1060 3697 δ’
1086 3646 1153 3697 ἂν
1185 3638 1280 3698 καὶ
1301 3645 1425 3716 ὅρη,
1460 3646 1527 3699 τά
1552 3648 1611 3699 ἐν
1644 3647 1793 3717 νόμῳ

225 3741 499 3807 νοήματαο
546 3738 770 3807 βουνοὺς
794 3737 852 3791 δέ
898 3736 967 3789 τά
1004 3736 1111 3789 τῶν
1155 3735 1361 3790 λοιπῶν
1404 3737 1723 3808 προφητῶν·
1757 3737 1789 3809 ῆ

226 3833 312 3884 καὶ
340 3831 633 3900 θεωρήσας
662 3829 754 3882 τὸν
781 3830 839 3881 ἐν
874 3829 1049 3898 Καινῇ
1097 3827 1341 3899 Διαθήκῃ
1382 3827 1562 3895 λόγον,
1605 3828 1793 3899 βλέπει

226 3922 289 3976 τὰ
308 3924 409 3994 δρη
447 3922 733 3993 πηδῶντα,
785 3920 878 3972 ἐπὶ
910 3920 967 3973 δὲ
997 3921 1123 3982 τοὺς
1156 3918 1377 3990 βουνοὺς
1420 3920 1789 3990 διαλλόμενον,

225 4015 310 4067 τὸν
342 4017 399 4066 ἐν
437 4014 520 4083 τῷ
566 4010 786 4080 παλαιῷ
822 4011 1144 4080 γράμματι’
1192 4010 1370 4081 νεϐρῷ
1414 4010 1470 4063 δέ
1518 4010 1732 4080 ἐλάφων
1766 4013 1793 4065 ὁ

227 4107 447 4174 νυμφίος
498 4104 859 4163 ἀπείκασται,
891 4101 952 4154 οὐ
986 4100 1145 4170 μόνον
1183 4100 1258 4164 ὡς
1303 4100 1608 4155 ἀναλίσκων
1663 4102 1791 4165 τοὺς

226 4199 389 4264 δφεις,
419 4196 539 4250 ἀλλ’
582 4196 666 4248 ὅτι
720 4194 815 4247 καὶ
845 4192 1058 4245 παιδίον
1092 4191 1352 4260 ἐγεννήθη
1380 4193 1513 4262 ἡμῖν
1544 4192 1658 4254 υίὸς
1699 4194 1792 4244 καὶ

226 4287 371 4358 ἐδόθη
401 4290 573 4355 ήμτνο
615 4285 711 4338 καὶ
738 4285 821 4337 eu
848 4282 1216 4337 ἐταπείνωσεν
1258 4282 1449 4336 ἑαυτόν
1470 4300 1483 4314 ·
1515 4280 1551 4354 ἦ
1591 4284 1700 4353 γὰρ
1727 4282 1793 4337 ἂν

162 4413 167 4418 ι
226 4374 411 4444 ἔλαφος
438 4378 662 4446 ὑπῆρχε
692 4373 897 4427 τελεία.
1320 4360 1323 4363 ’

1894 3214 2058 3255 sensu
2083 3198 2345 3255 sublimes
2370 3196 2662 3250 veritatum
2688 3191 3148 3260 contemplatores
3170 3207 3183 3242 :
3202 3189 3459 3243 existimo

1889 3306 2023 3346 vero
2078 3291 2242 3345 etiam
2301 3286 2611 3356 apostolos,
2652 3281 3100 3353 quandoquidem
3156 3278 3457 3335 secundum

1892 3379 2299 3450 generationem
2342 3375 2609 3446 sapientia
2646 3376 2697 3428 in
2741 3375 2953 3427 animas
2984 3370 3211 3436 transit,
3244 3378 3461 3425 montes

1894 3479 2076 3525 autem
2113 3470 2242 3540 quia
2270 3469 2481 3524 oriente
2504 3467 2622 3522 sole
2649 3465 2808 3535 primi
2842 3463 3248 3523 illuminantur,
3290 3461 3461 3514 colles

1893 3574 2022 3613 vero
2084 3559 2178 3628 qui
2239 3558 2420 3612 minus
2478 3554 2703 3624 capiunt
2758 3555 2985 3623 spiritus
3040 3551 3457 3620 apparitionem.

1892 3650 2034 3717 Quin
2063 3661 2118 3705 et
2156 3658 2369 3705 montes
2417 3657 2579 3703 vocat
2625 3661 2822 3702 sensus
2869 3645 3092 3715 legales,
3122 3644 3290 3698 colles
3333 3657 3463 3697 vero

1891 3750 2209 3794 caeterorum
2236 3739 2644 3809 prOphctarnm,
2669 3736 2753 3790 vel
2783 3736 2944 3789 etiam
2969 3733 3102 3788 Novi
3125 3732 3459 3788 Testamenti

1894 3845 2205 3885 sermonem
2244 3828 2647 3898 contemplans,
2690 3824 2840 3877 videt
2890 3837 3054 3890 super
3112 3832 3323 3876 montes
3374 3835 3462 3876 sas

1894 3924 2141 3988 lientem,
2184 3937 2282 3991 per
2319 3921 2492 3989 colles
2543 3932 2676 3973 vero
2727 3915 3127 3969 transilientem
3181 3913 3234 3966 in
3287 3913 3460 3967 veteri

1892 4013 2097 4068 littera.
2140 4010 2381 4064 Hinnulo
2421 4020 2585 4077 porro
2619 4019 2908 4060 cervorum
2958 4016 3195 4069 sponsus
3241 4002 3463 4057 assimi-

1893 4106 2038 4159 latur
2086 4117 2192 4156 non
2230 4100 2408 4157 solum
2441 4109 2497 4151 ut
2527 4103 2808 4166 serpentes
2848 4094 3163 4153 absumens,
3207 4092 3301 4146 sed
3330 4092 3461 4161 quia

1892 4195 2053 4250 etiam
2113 4207 2249 4263 puer
2310 4198 2471 4243 natus
2548 4195 2634 4242 est
2687 4186 2849 4241 nobis
2885 4192 2940 4239 et
2976 4182 3122 4238 ﬁlius
3169 4182 3330 4236 datus
3377 4189 3465 4235 est

1894 4285 2076 4345 nobis,
2127 4290 2182 4337 et
2229 4268 2358 4351 quia
2411 4279 2719 4333 bumiliavit
2778 4277 3160 4346 semetipsum,
3193 4272 3462 4343 siquidem

1894 4390 2094 4429 cervus
2127 4381 2245 4427 erat
2277 4371 2576 4442 perfectus.

299 4421 443 4521 {ego
471 4421 658 4531 οὗιξές
683 4464 944 4530 ἕστηκεν
990 4463 1182 4517 ὀπίσω
1220 4462 1328 4516 τοῦ
1370 4465 1573 4533 τοίχου
1623 4462 1791 4531 ἡμῶν

1897 4421 2092 4429 πη--
2132 4421 2242 4427 --η
2279 4421 2575 4442 τμηηη-
3107 4421 3120 4432 ,
3273 4421 3279 4422 ,

1971 4466 2102 4520 Ecce
2142 4466 2226 4519 hic
2258 4474 2367 4519 stat
2406 4474 2525 4534 post
2568 4463 2822 4533 parietem
2867 4474 3108 4516 nostrum
3144 4460 3465 4529 prospiciens

226 4558 627 4625 παρακύπτων
652 4555 751 4609 διὰ
777 4553 899 4609 τῶν
927 4551 1182 4624 θυρίδων
1207 4554 1521 4607 ἐκκύπτων
1548 4553 1644 4608 διὰ
1676 4554 1795 4608 τῶν

225 4647 494 4703 δικτύων.

288 4740 857 4808 Ruﬁllam—Were;
876 4738 932 4791 δὲ
954 4739 1188 4799 καὶτοὺς
1210 4736 1540 4799 ἀποστόλους
1561 4737 1794 4807 ἐδήλωσε

225 4826 306 4880 διά
333 4832 430 4899 τῆς
472 4827 794 4895 ἁλιευτικῆς
818 4826 1014 4898 τέχνης
1035 4844 1048 4858 ο
1084 4825 1252 4879 ταῦτα
1277 4827 1453 4878 τοίνυν
1486 4825 1672 4878 ἀκούει
1704 4825 1795 4877 τοῦ

226 4917 376 4986 λόγου
408 4920 443 4989 ή
483 4919 786 4988 Ἐκκλησία
813 4917 900 4970 διὰ
928 4916 1036 4970 τῶν
1065 4917 1421 4988 προφητικῶν
1439 4916 1668 4984 θυρίδων
1697 4917 1790 4968 καὶ

224 5010 324 5062 τῶν
356 5011 605 5081 νομικῶν
659 5010 895 5063 δικτύων
943 5009 1205 5078 δεχομένη
1240 5008 1338 5077 τὴν
1388 5008 1488 5075 τῆς
1535 5008 1790 5078 ἀληθείας

226 5099 422 5171 αὐγήν
460 5101 546 5154 ἐτι
572 5100 906 5164 συνεστῶτος
935 5099 1029 5152 τοῦ
1059 5099 1287 5151 τυπικοῦ
1320 5099 1413 5168 τῆς
1446 5100 1793 5161 διδασκαλίας

224 5190 419 5259 τοίχου,
454 5189 555 5244 τοῦ
600 5191 770 5260 νόμου
823 5188 987 5257 λέγω,
1020 5188 1111 5241 τοῦ
1171 5188 1267 5255 τὴν
1306 5190 1462 5239 σκιὲν
1514 5187 1789 5253 ποιοῦντος

226 5281 325 5331 τῶν
355 5281 670 5351 μελλόντων
698 5280 941 5348 ἀγαθῶν,
985 5281 1084 5333 οὐκ
1129 5280 1299 5344 αὐτὴν
1335 5277 1430 5346 τὴν
1478 5277 1657 5330 εἰκόνα
1688 5279 1795 5331 τῶν

229 5374 571 5443 πραγμάτων
596 5371 937 5434 δεικνύντοςο
972 5366 1033 5424 οὗ
1079 5370 1255 5422 ὀπίσω
1291 5371 1461 5421 στᾶσα
1507 5372 1537 5438 ἡ
1569 5369 1795 5435 ἀλήθεια

226 5462 453 5534 ἐχομένη
481 5462 583 5517 τοῦ
602 5464 773 5517 τόπου
803 5462 1027 5532 ὕστερον
1052 5461 1370 5528 ἐπιλάμπει.

290 5554 651 5624 Γρηγορίου.
694 5580 752 5595 -
783 5554 939 5608 Κατά
965 5554 1025 5606 τὸ
1075 5552 1236 5622 ῥητὸν
1282 5550 1427 5603 ἔνδον
1470 5550 1792 5621 οἱκουρούπῃ

297 5727 338 5762 ³⁷
366 5727 566 5784 Hatth.
603 5744 677 5790 Is,
707 5727 760 5784 4.
841 5728 883 5757 ³⁸
922 5726 1083 5780 Marc.
1121 5742 1169 5786 v,
1208 5724 1262 5780 8.
1340 5725 1381 5754 ³⁸
1412 5722 1609 5780 Jcrem.
1649 5738 1724 5787 Ix,
1754 5721 1851 5777 2|.

1892 4575 1983 4628 per
2012 4559 2293 4628 fenestras,
2324 4572 2584 4628 apparens
2617 4572 2708 4625 per
2743 4556 2900 4610 retia.

1969 4732 2182 4805 Cyrilli.
2218 4762 2286 4775 —-
2313 4729 2588 4787 Fortassis
2618 4743 2752 4784 vero
2782 4729 2949 4783 etiam
2980 4725 3260 4796 apostolos
3283 4725 3469 4780 decla-

1897 4826 2037 4879 ravit
2067 4832 2286 4893 propter
2318 4819 2571 4892 piscandi
2604 4826 2799 4873 artem.
2841 4818 2953 4873 Hos
2987 4818 3155 4887 igitur
3185 4830 3468 4873 sermones

1898 4916 2051 4969 audit
2108 4915 2351 4969 Ecclesia
2405 4929 2501 4983 per
2557 4911 2903 4981 propheticas
2924 4909 3193 4964 fenestras
3233 4918 3286 4961 et
3331 4908 3467 4961 retia

1897 5008 2089 5076 legalia
2152 5007 2397 5061 veritatis
2463 5004 2819 5079 splendorem
2873 5002 3222 5072 percipiens,
3287 4997 3466 5052 adhuc

1897 5103 2186 5151 constante
2244 5095 2475 5163 ﬁgurato
2547 5093 2812 5147 doctrina:
2874 5092 3010 5160 legis
3073 5088 3319 5157 pariete,
3371 5088 3465 5156 qni

1898 5187 2149 5240 umbram
2200 5184 2420 5239 exhibet
2465 5184 2775 5238 futurorum
2814 5185 3101 5239 bonorum.
3136 5194 3241 5232 non
3288 5178 3464 5247 ipsam

1903 5279 2195 5348 imaginem
2259 5280 2536 5341 ostendit,
2597 5286 2747 5331 retro
2798 5290 2960 5344 quem
3018 5273 3219 5327 veritas
3276 5271 3466 5341 ﬁgurae

1900 5372 2079 5424 vicina
2112 5371 2449 5432 consistens,
2484 5369 2760 5438 posterius
2792 5366 3081 5420 illucescit.

1976 5545 2231 5616 Gregorii.
2263 5577 2332 5589 --
2360 5545 2673 5601 Secundum
2722 5545 2956 5599 litteram
3010 5562 3023 5596 :
3062 5542 3197 5598 Cum
3245 5540 3456 5617 Sponsa
