3950 6294
415 271 547 335 1590

1703 274 2056 334 PHOCOPII
2093 275 2334 334 GAZEI

3514 267 3658 332 ιθθθ

411 391 564 444 intus
623 388 842 441 domum
896 387 1240 442 custodiente
1298 402 1396 458 per
1437 387 1705 442 fenestras
1761 397 2003 443 amator.

2107 388 2138 454 ᾗ
2182 385 2390 458 Νύμφῃ
2437 382 2529 436 διὰ
2554 383 2662 435 τῶν
2711 381 2938 452 θυρίδων
2964 381 2993 432 6
3035 381 3266 452 ἐραστὴς
3305 380 3655 448 διαλέγεται·

410 477 654 545 disserit.
691 487 744 530 et
788 479 993 546 pariete
1043 477 1368 532 intermedio
1419 487 1712 544 utrumque
1763 484 1982 529 arcente

413 569 551 622 citra
592 568 763 621 ullum
809 569 1256 637 impedimentum
1291 567 1347 621 fit
1377 567 1649 623 sermonis
1680 567 1982 620 communi-

410 658 576 722 catio,
608 673 704 728 per
755 657 1024 712 fenestras
1059 661 1278 728 quidem
1318 674 1376 712 se
1414 658 1736 712 demittente
1783 657 1979 726 capite,

409 763 506 814 per
538 748 674 802 retia
707 763 834 802 vero
861 764 983 816 qu-e
1025 759 1158 802 sunt
1187 750 1240 801 in
1267 747 1525 801 feni-stris
1563 747 1794 801 interius
1823 747 1982 800 oculo

411 831 793 908 despiciente:
825 841 912 892 via
948 851 1130 893 autem
1177 849 1231 894 et
1277 841 1672 909 consequentia
1726 853 1982 908 auagogm

415 929 707 983 humanam
737 939 990 984 naturam
1025 930 1134 983 Deo
1165 931 1517 995 coniunctam
1552 929 1729 984 reddit
1759 930 1938 984 oratio
1964 947 1979 982 :

417 1019 650 1087 primtuu
701 1019 918 1086 quidem
973 1022 1144 1087 ipsam
1196 1036 1291 1088 per
1343 1019 1638 1086 pmphelas
1683 1019 1840 1088 quasi
1889 1033 1984 1086 per

413 1107 682 1162 fenestras
726 1118 782 1162 et
815 1124 906 1178 per
943 1109 1190 1178 legalium
1246 1120 1642 1178 pra‘ceptorum
1689 1109 1986 1160 connexio-

413 1214 540 1252 nem
578 1200 734 1268 quasi
772 1215 866 1268 per
898 1203 1030 1253 retia
1072 1201 1356 1252 illustrans
1385 1217 1398 1253 :
1430 1199 1512 1253 sic
1543 1199 1686 1252 enim
1727 1197 1985 1268 intelligi-

419 1305 538 1345 mus
567 1289 836 1344 fenestras
863 1289 1081 1357 quidem
1118 1289 1412 1358 prophetas
1443 1289 1535 1356 qui
1586 1289 1767 1341 lumen
1809 1287 1987 1341 intro-

416 1383 648 1442 ducunt,
680 1379 814 1432 retia
846 1392 974 1430 vero
1023 1377 1281 1445 legalium
1331 1375 1713 1429 mandaturum
1761 1391 1984 1439 nexum,

420 1481 516 1531 per
543 1479 665 1535 qua:
695 1473 924 1534 utraque
958 1465 1215 1533 splendor
1237 1465 1348 1518 veri
1379 1464 1600 1517 luminis
1632 1465 1780 1517 intro
1813 1463 1984 1517 subit.

2086 477 2180 528 uati.
2211 473 2514 546 τοῦτοίχου
2556 473 2899 542 ἀμφοτέρους
2931 469 3072 524 κατὰ
3099 471 3159 523 τδ
3200 471 3362 541 μέσον
3391 469 3662 541 διείργον-

2085 580 2201 624 τος,
2227 561 2618 632 ἀνεμπόδιστος
2639 559 2846 626 γίνεται
2875 558 2969 612 τοῦ
2994 558 3152 626 λόγου
3181 560 3214 628 ή
3249 558 3502 612 κοινωνία
3520 574 3534 587 ⁸
3567 558 3662 612 διὰ,

2091 655 2190 724 μὲν
2221 654 2328 707 τῶν
2357 651 2589 722 θυρίδων
2627 651 2728 719 τῆς
2775 650 3016 718 κεφαλῆς
3048 649 3536 720 παρακοπτούσης,
3569 650 3665 704 διὰ

2083 744 2140 798 δὲ
2170 743 2280 796 τῶν
2334 744 2392 794 ὲν
2439 743 2560 803 ταῖς
2591 739 2772 810 θυρίσι
2821 737 3056 792 δικτύων
3096 737 3230 808 πρὸς
3270 739 3339 791 τὰ
3369 739 3519 802 ὲντδς
3562 737 3666 791 τοῦ

2085 831 2366 902 ὀφθαλμοῦ
2408 830 2828 892 διακύπτοντος·
2863 827 2970 896 ὀδῷ
3007 829 3064 881 δὲ
3100 829 3193 881 καὶ
3219 827 3512 898 ἀκολουθίᾳ
3557 829 3672 896 τῆς

2085 924 2306 992 ἀγωγῆς
2345 923 2678 992 προσοικειοί
2741 919 2821 987 τῷ
2859 919 2978 990 Θεῷ
3021 919 3122 989 τὴν
3167 919 3516 989 ἀνθρωπίνην
3553 917 3671 987 φύ-

2089 1031 2172 1064 σιν
2205 1015 2233 1066 ὁ
2272 1013 2461 1079 λόγος’
2509 1010 2725 1080 πρῶτον
2772 1011 2870 1080 μὲν
2902 1009 3070 1078 αὐτὴν
3106 1009 3193 1062 διὰ
3219 1009 3325 1062 τῶν
3365 1008 3674 1080 προφητῶν

2084 1104 2157 1166 ὡς
2177 1104 2262 1156 διὰ
2291 1102 2520 1172 θυρίδων
2547 1102 2924 1167 καταυγὰζων·
2949 1103 3041 1153 καί¹
3060 1101 3147 1155 διὰ
3173 1101 3270 1168 τῆς
3293 1101 3404 1154 τῶν
3420 1101 3675 1170 νομικῶν

2083 1191 2560 1262 παραγγελμάτων
2600 1191 2802 1258 πλοκῆς
2851 1191 2925 1253 ὡς
2951 1189 3038 1244 διὰ
3091 1191 3320 1244 δικτύων
3340 1207 3354 1221 ·
3385 1191 3528 1245 οὕτω
3555 1191 3677 1263 γὰρ

2083 1281 2329 1352 νοοῦμεν,
2349 1281 2566 1350 θυρίδας
2599 1281 2833 1349 μὲντοὺς
2866 1281 3168 1350 προφήτας,
3189 1281 3391 1344 τοὺςτδ
3415 1281 3530 1348 φῶς
3555 1283 3678 1335 εισ-

2087 1374 2340 1441 άγοντας,
2361 1371 2550 1424 δίκτυα
2575 1371 2653 1434 δὲ,
2674 1371 2772 1438 τὴν
2798 1368 2906 1420 τῶν
2933 1355 3170 1438 νομικῶν
3190 1371 3680 1439 παραγγελμάτων

2087 1463 2330 1532 πλοκήνο
2385 1461 2452 1514 δι’
2511 1454 2586 1514 ὧν
2632 1461 2954 1530 ἀμφοτέρων
3008 1463 3042 1530 ἡ
3078 1461 3220 1529 αὐγὴ
3279 1461 3375 1514 τοῦ
3411 1463 3679 1534 ἀληθινοῦ

421 1748 546 1786 nem
581 1747 706 1785 cum
745 1740 929 1786 nostra
968 1739 1185 1786 natura.

419 1553 551 1610 Post
602 1556 716 1609 hac
769 1564 952 1608 autem
1015 1561 1100 1608 est
1164 1553 1404 1623 perfecta
1463 1554 1604 1608 lueis
1657 1553 1988 1607 illuminatio

2105 1553 2268 1622 ρωτὺς
2327 1554 2421 1605 ἐπὶ
2477 1551 2548 1603 τὰ
2590 1551 2740 1613 ἐντὸς
2775 1549 3112 1621 παραδύεται
3133 1566 3146 1580 °
3183 1551 3322 1616 μετὰ
3347 1551 3522 1606 ταῦτα
3553 1553 3615 1608 δὲ
3639 1555 3680 1618 ἡ

419 1639 642 1708 quando
671 1642 924 1709 apparuit
957 1643 1071 1710 ipsa
1103 1641 1190 1694 lux
1223 1656 1347 1696 vera
1387 1656 1485 1712 per
1527 1643 1989 1712 cmuemperatio-

2105 1641 2274 1694 τελεία
2318 1641 2413 1693 τοῦ
2465 1640 2652 1706 φωτὺςο
2684 1637 2950 1708 ἕλλαμψις
2990 1638 3234 1706 γίνεται·
3269 1639 3396 1692 ὅταν
3429 1641 3682 1710 ἐπιφανῇ

2095 1733 2258 1793 αὐτὸς
2293 1729 2357 1784 τὸ
2409 1729 2524 1798 φῶς
2559 1727 2619 1782 τὸ
2651 1727 2903 1799 ἀληθινὸν
2952 1727 3040 1782 διὰ
3070 1729 3170 1798 τῆς
3199 1728 3336 1798 πρὸς
3383 1729 3482 1800 τὴν
3509 1729 3684 1800 φύσιν
3711 1735 3716 1738 ’

2105 1824 2140 1892 ἡ
2148 1822 2262 1892 μῶν
2291 1818 2669 1888 ἀνακράσεως.
3412 1879 3417 1882 _

493 1908 630 1963 Nili.
662 1939 732 1950 ——
766 1909 1034 1963 Parietem
1076 1925 1272 1979 corpus
1323 1919 1479 1966 vocnt
1524 1909 1767 1965 hominis
1803 1908 1988 1961 Domi-

2163 1913 2401 1968 Νείλου.
2427 1939 2498 1952 -·
2547 1910 2760 1980 Τοῖχον,
2794 1909 2854 1961 τὸ
2887 1907 3050 1976 σῶμα
3087 1908 3181 1960 τοῦ
3215 1909 3495 1976 κυριακοῦ
3525 1909 3684 1978 λέγει

427 1998 564 2066 uici,
597 2001 1029 2053 incarnationem
1070 1998 1162 2053 Dei
1195 1997 1355 2056 Verbi
1391 1999 1803 2054 abscondentis.
1840 1999 1996 2052 Videt

2105 2001 2408 2072 ανθρώπου,
2463 1999 2804 2073 κρύπτοντος
2834 1998 2932 2050 τοῦ
2978 1998 3112 2051 Θεοῦ
3159 1999 3333 2067 Λόγου
3382 2000 3482 2070 τὴν
3516 2002 3684 2054 ἐναν-

424 2097 608 2142 autem
657 2089 834 2156 ipsum
881 2091 1046 2142 etiam
1105 2090 1530 2158 prospicientem
1584 2104 1678 2158 per
1725 2086 1998 2142 fenestras

2105 2091 2416 2161 θρώπησιν·
2474 2090 2665 2160 βλέπει
2711 2089 2768 2142 δὲ
2800 2090 2960 2143 αὐτὸν
2993 2090 3087 2142 καὶ
3137 2091 3563 2161 παρακύπτοντα
3587 2091 3687 2145 διὰ

426 2193 744 2233 sermonum
777 2180 1328 2248 propheticorum.‘et
1357 2187 1710 2248 apparentem
1739 2194 1834 2248 per
1860 2179 1998 2236 retia

2105 2183 2208 2236 τῶν
2227 2183 2484 2254 θυρίδων,
2509 2180 2618 2235 τῶν
2647 2180 2819 2247 λόγων
2841 2180 2949 2233 τῶν
2975 2182 3329 2251 προφητικῶν
3345 2199 3359 2211 ’
3386 2177 3482 2237 καὶ
3506 2183 3684 2251 ἐγκύ-

427 2269 838 2338 pratdicationis
869 2271 1202 2338 apostolicae.
1247 2269 1318 2324 Ex
1360 2279 1510 2340 parte
1542 2285 1778 2341 namque
1819 2271 1996 2340 ipsum

428 2360 586 2428 quasi
615 2375 647 2414 e
672 2359 914 2414 fenestra
945 2361 1372 2430 prospicientem
1405 2361 1710 2430 prophetici
1741 2362 2002 2416 exhibent

430 2465 735 2518 sermones,
778 2460 952 2505 totum
1001 2467 1134 2507 vero
1174 2452 1410 2507 dilucide
1455 2455 1700 2509 ostendit
1749 2455 1998 2510 doctrina

431 2542 752 2610 apostolica.
791 2541 918 2596 Sola
955 2543 1122 2612 igitur
1153 2543 1270 2600 haec
1299 2553 1521 2600 ostensa
1557 2551 1642 2600 est
1674 2559 1738 2598 ex
1786 2545 1851 2600 iis
1881 2560 2000 2613 quae

433 2633 502 2688 de
539 2633 658 2701 ipso
702 2631 1022 2701 prophetata
1047 2642 1166 2688 erat
1201 2645 1256 2690 et
1289 2651 1353 2690 ex
1399 2637 1780 2707 praenuntiatis
1823 2637 2000 2708 signis

435 2722 597 2776 oculo
617 2721 814 2776 anima:
845 2738 944 2792 per
975 2725 1398 2780 crassitudinem
1447 2725 1672 2796 parietis
1715 2736 2003 2796 penetrare

432 2824 484 2864 et
519 2814 573 2866 in
603 2827 835 2882 corpore
876 2813 1258 2870 absconditum
1306 2816 1513 2872 videre.
1557 2817 1772 2872 Rursus
1820 2823 2000 2870 autem

437 2903 617 2970 paries
645 2911 728 2956 est
763 2902 870 2965 lex,
901 2911 1049 2958 retro
1081 2919 1244 2972 quem
1292 2900 1402 2960 stat
1438 2919 1675 2974 sponsus
1715 2905 1998 2960 abscondi-

438 2999 525 3044 tus
555 2992 722 3058 legem
759 2994 1038 3056 sanciens,
1066 2999 1120 3046 et
1161 3009 1268 3047 non
1311 2991 1566 3064 cognitus
1597 2995 1666 3048 ab
1693 2995 1761 3050 iis
1797 2995 1996 3064 quibus

438 3081 526 3136 lex
571 3081 866 3137 ferebatur.
921 3081 1081 3137 Videt
1121 3091 1300 3138 autem
1360 3086 1538 3152 ipsum
1590 3083 1802 3154 Sponsa
1851 3092 2000 3140 retro

437 3169 610 3240 legem
664 3179 920 3236 stantem,
976 3173 1228 3240 plurimis
1283 3174 1820 3245 incomprebeusum,
1873 3178 2002 3246 quia

439 3261 495 3316 in
525 3261 648 3326 hac,
682 3275 746 3314 ea
775 3275 896 3328 quae
926 3261 994 3316 de
1033 3263 1153 3331 ipso
1191 3272 1322 3320 sunt
1346 3264 1581 3322 obscure
1616 3273 1671 3321 et
1698 3266 2006 3320 inumbrate

439 3352 584 3406 dicta
619 3361 767 3406 sunt.
809 3351 902 3408 Sic
947 3361 1102 3424 petra
1133 3355 1439 3422 Christum,
1471 3363 1523 3411 et
1557 3371 1708 3412 mare
1739 3357 2006 3426 baptisma

441 3443 805 3512 significabat.
871 3443 1052 3502 Possit
1111 3461 1241 3500 vero
1301 3461 1494 3502 rursus
1552 3447 1824 3504 fenestras
1883 3447 2008 3518 quis

447 3533 624 3586 d‘cere
654 3545 868 3600 sensus
917 3533 1146 3602 Sponsae
1195 3549 1336 3602 quos
1388 3549 1514 3589 cum
1565 3534 1792 3590 haberet
1843 3549 2010 3604 puros

447 3638 542 3692 per
573 3637 670 3676 eos
707 3624 876 3678 solem
911 3639 975 3678 ac
1008 3627 1177 3678 vitam
1221 3625 1466 3694 suscepit
1502 3628 1885 3696 peccatoribus
1916 3643 2012 3697 per

441 3711 660 3767 eosdem
721 3721 950 3768 mortem
1016 3714 1544 3782 intromittentibus,
1602 3715 1758 3785 juxta
1813 3710 1943 3770 illud
1995 3733 2010 3772 :

449 3821 468 3854 ι
505 3801 762 3858 Ascendit
790 3818 938 3860 mors
987 3820 1082 3874 per
1125 3804 1393 3861 fenestras
1439 3815 1654 3862 vestras
1684 3808 1754 3861 ”.
1792 3825 1811 3859 ι
1860 3807 2012 3862 Retia

445 3907 578 3948 vero
605 3896 940 3951 tentationes
970 3895 1072 3965 ipsi
1109 3911 1137 3950 a
1173 3896 1376 3952 Satana
1411 3898 1464 3952 in
1493 3897 1713 3954 deserto
1747 3897 2014 3965 obiectas,

445 3985 666 4054 quando
695 3993 932 4041 tentator
966 3987 1145 4056 ipsum
1180 3989 1335 4058 quasi
1373 3990 1526 4044 retiis
1567 4004 1762 4060 capere
1791 3989 2018 4060 putabat

445 4075 1095 4146 tentationibusfquihus
1124 4079 1416 4132 sublimior
1449 4093 1721 4150 apparens
1751 4079 2018 4133 Dominus

441 4175 493 4221 et
520 4165 746 4236 laqueos
773 4169 1018 4238 retiaque
1043 4177 1358 4234 conterens,
1380 4179 1530 4224 recte
1549 4171 1774 4226 directis
1797 4186 2018 4240 respon-

2100 2291 2304 2328 πτοντα
2340 2273 2430 2326 διὰ
2457 2272 2567 2324 τῶν
2595 2271 2830 2326 δικτύων
2861 2273 2957 2326 τοῦ
2987 2273 3348 2328 ἀποστολικοῦ
3381 2276 3682 2346 κηρύγμα-
3707 2288 3716 2293 ”

2101 2381 2226 2430 τος⁸
2271 2365 2514 2436 μερικῶς
2543 2364 2654 2433 γὰρ
2679 2363 2844 2416 αὑτὸν
2886 2363 3077 2435 ὥσπερ
3115 2366 3224 2419 ἀπὸ
3254 2366 3470 2438 θυρίδος
3495 2385 3690 2438 παρα-

2100 2453 2373 2516 κύπτοντα
2400 2455 2447 2506 oi
2471 2453 2799 2524 προφητικοὶ
2839 2454 3242 2524 παραφαίνουσι
3267 2455 3414 2524 λόγοι
3434 2472 3452 2486 ⁸
3482 2456 3602 2511 ὅλον
3624 2456 3689 2510 δὲ

2097 2543 2382 2614 τηλαυγῶς
2401 2547 2434 2615 ἡ
2465 2544 2794 2613 ἁποστολικὴ
2815 2543 3051 2598 δείκνυσι
3069 2545 3407 2600 διδασκαλία·
3431 2547 3565 2616 μόνη
3584 2541 3692 2600 οὖν

2103 2633 2241 2704 αὕτη
2271 2634 2556 2706 δεδύνηται
2585 2635 2648 2688 ὲκ
2677 2635 2786 2688 τῶν
2817 2637 2946 2704 περὶ
2973 2635 3140 2689 αὑτοῦ
3173 2635 3685 2707 προφητευθέντων,

2104 2723 2200 2776 καὶ
2238 2725 2320 2793 ἐκ,
2343 2721 2454 2776 τῶν
2505 2723 2967 2793 προηγγελμένων
3012 2722 3256 2792 σημείων
3301 2721 3380 2790 τῷ
3415 2719 3692 2792 ὀφθαλμῷ

2102 2815 2204 2882 τῆς
2231 2813 2433 2884 ψυχῆς,
2460 2811 2550 2866 διὰ
2593 2813 2692 2883 τῆς
2731 2811 3038 2882 παχύτητος
3082 2810 3175 2866 τοῦ
3205 2811 3386 2881 τοίχου
3433 2811 3692 2866 διελάσαι

2024 2931 2070 2993 c
2103 2905 2201 2958 καὶ
2244 2905 2372 2958 ἰδεῖν
2399 2904 2459 2957 τὸ
2515 2904 2893 2993 κρυπτόμενον
2944 2905 3004 2956 ὲν
3054 2902 3134 2993 τῷ
3183 2905 3432 2973 σώματι·
3475 2901 3691 2993 ἔστιδὲ

2101 2995 2261 3048 πάλιν
2287 2997 2462 3065 τοῖχος
2495 2995 2525 3048 6
2571 2993 2754 3066 νόμος,
2783 2986 2846 3045 οὗ
2891 2993 3064 3046 ὀπίσω
3093 2991 3330 3064 ἔστηκεν
3369 2993 3398 3044 6
3419 2992 3690 3062 Νυμφίος

2102 3086 2505 3157 κρυπτόμενος,
2547 3084 2811 3146 θεσπίσας
2843 3083 2958 3136 -τδν
3001 3083 3164 3152 νόμον
3202 3085 3296 3138 καὶ
3323 3084 3387 3136 οὐ
3415 3084 3688 3154 γνωριζό-

2107 3194 2266 3248 μενος
2327 3178 2458 3240 τοῖς.
2493 3174 2971 3246 νομοθετουμένοις
3008 3189 3021 3203 °
3063 3172 3252 3243 βλέπει
3303 3173 3363 3227 δὲ
3437 3173 3598 3226 αὐτὸν
3650 3175 3691 3243 ἠ

2104 3267 2312 3339 Νύμφη
2362 3265 2541 3320 ὀπίσω
2593 3265 2804 3318 ἑστῶτα
2851 3263 2946 3318 τοῦ
2989 3265 3156 3334 νόμου
3193 3267 3306 3329 τοῖς
3351 3264 3564 3326 πολλοῖς
3585 3263 3696 3336 οὐχ

2106 3357 2410 3430 ὁρώμενον,
2442 3355 2530 3408 διὰ
2577 3355 2638 3408 τὸ
2680 3354 2867 3423 σαφῶς
2910 3355 2969 3408 ὲν
3003 3354 3179 3423 τούτῳ
3205 3353 3274 3408 τὰ
3317 3357 3443 3426 περὶ
3494 3352 3694 3418 αὐτοῦ,

2107 3453 2201 3504 καὶ
2247 3447 2718 3517 συνεσκιασμένης
2759 3446 3044 3516 είρῆσθαυ
3094 3446 3180 3509 ὡς
3209 3447 3448 3516 ήιπέτρα
3493 3445 3696 3516 ἐδήλου

2109 3536 2365 3607 Χριστὸν,
2421 3536 2516 3588 καὶ
2571 3534 2819 3588 θάλασσα
2877 3535 2938 3587 τὸ
2993 3533 3308 3604 βάπτισμα·
3362 3533 3584 3586 δύναται
3631 3534 3698 3587 δὲ

2111 3627 2272 3681 πάλιν
2296 3625 2518 3696 θυρίδας
2538 3641 2622 3686 τις
2651 3623 2849 3691 λέγειν,
2872 3623 2967 3676 καὶ
2987 3624 3087 3693 τῆς
3131 3623 3367 3692 Νύμφης
3395 3622 3461 3675 τὰ
3495 3622 3694 3690 αίσθη·

2111 3720 2310 3791 τήριαο
2351 3718 2494 3788 ἆπερ
2551 3717 2751 3787 ἔχουσα
2798 3715 3007 3787 καθορᾷ
3052 3717 3206 3786 ἣλιον
3259 3715 3324 3768 δι’
3360 3713 3562 3776 αὐτῶν,
3594 3720 3696 3767 καὶ

2115 3810 2262 3880 ζωὴν
2307 3809 2540 3878 ἐδέχετο,
2588 3807 2696 3860 τῶν
2733 3806 3074 3879 ἁμαρτωλῶν
3124 3807 3350 3861 θάνατον
3391 3804 3458 3858 δι’
3507 3805 3698 3858 αὐτῶν

2115 3900 2538 3971 εἰσδεχομένων⁸
2573 3899 2718 3952 κατὰ
2763 3899 2859 3951 τό·
2893 3916 2912 3948 ι
2938 3897 3180 3965 Θάνατος
3231 3895 3401 3966 ἀνέϐη
3448 3893 3540 3946 διὰ
3580 3893 3700 3948 τῶν

2117 3988 2350 4060 θυρίδων
2376 3988 2559 4059 ὑμῶν·
2599 4006 2616 4038 ι
2637 3987 2828 4041 δίκτυα
2859 3988 2939 4050 δὲ,
2967 3987 3094 4050 τοὺς
3122 3989 3180 4040 ὲν
3210 3988 3278 4056 τῇ
3308 3986 3501 4056 ἐρήμῳ
3531 4001 3701 4054 προο-

2118 4079 2380 4148 αχθέντας
2424 4078 2574 4149 αὐτῷ
2607 4078 2759 4148 παρὰ
2790 4077 2883 4131 τοῦ
2934 4077 3150 4130 Σατανᾶ
3195 4075 3568 4147 πειρασμούςο
3599 4075 3697 4128 ὅτε

2121 4171 2397 4240 πειράζων
2424 4170 2586 4224 αὑτὸν
2617 4169 2870 4238 καθάπερ
2899 4167 3134 4230 δικτύοις
3164 4167 3444 4236 περιέχειν
3473 4165 3698 4236 ἐνόμιζε

444 4255 694 4310 siouibus
731 4257 1151 4324 supereminens
1189 4257 1445 4326 apparuit
1485 4273 1581 4327 per
1629 4259 1769 4312 retia
1817 4260 2003 4313 divini-

2115 4266 2224 4327 τοῖς
2251 4263 2576 4332 πειρασμοῖς
2597 4279 2610 4293 ·
2634 4254 2709 4314 ὧν
2742 4263 3015 4330 ἁνώτερος
3049 4259 3238 4328 φανεὶς
3265 4260 3294 4312 6
3325 4257 3528 4326 Κύριος
3545 4297 3563 4322 ,
3597 4257 3700 4310 καὶ

444 4347 572 4400 tatis
609 4348 714 4400 vim
753 4347 1057 4417 perspicaci
1089 4349 1285 4403 animas
1327 4348 1638 4405 insinuans.
1674 4349 1830 4406 Unde
1861 4349 2015 4407 dein-

445 4450 575 4504 ceps
599 4436 764 4491 etiam
799 4436 1014 4506 Sponsa
1043 4437 1302 4493 edisserit
1341 4439 1556 4496 filiabus
1597 4437 1926 4507 Jerusalem,
1956 4451 2016 4497 ut

447 4526 810 4586 nrmsentibue
848 4528 1068 4594 quidem
1100 4529 1212 4583 illis
1242 4530 1462 4586 locutus
1507 4531 1582 4586 sit
1622 4530 1890 4602 Sponsus,
1921 4534 2015 4589 sed

491 4625 649 4671 mter
675 4617 852 4686 ipsum
876 4633 1036 4672 nemo
1065 4619 1337 4674 audiverit
1359 4635 1482 4691 qua:
1507 4623 1842 4678 subduntur.
1874 4623 2016 4690 Quin

480 4719 508 4760 ι
545 4721 744 4762 sensus
770 4706 878 4762 dici
905 4709 1117 4778 possint
1145 4709 1416 4779 fenestrae,
1448 4728 1546 4782 per
1573 4729 1710 4784 quas
1736 4715 1802 4769 ad
1833 4731 2020 4786 pecca-

470 4811 604 4852 ιιι-οε
645 4796 864 4866 quidem
897 4813 1044 4854 mors
1089 4801 1303 4855 transit.
1338 4798 1444 4856 Sed
1475 4804 1542 4858 ad
1568 4805 1804 4858 animam
1835 4819 2020 4859 amore

467 4886 618 4942 Verbi
653 4887 932 4958 praeditam
973 4891 1239 4960 prospicit
1271 4893 1519 4957 verbum,
1553 4909 1676 4949 cum
1712 4892 1778 4947 ad
1811 4911 1872 4949 ea
1901 4909 2022 4963 qua:

471 4975 645 5032 leeem
706 4977 964 5032 sensibus
1015 4987 1224 5044 utatur,
1273 4989 1326 5035 et
1380 4982 1434 5036 in
1495 4984 1766 5052 superiori
1825 4984 2020 5038 aedium

468 5077 614 5134 parte
649 5068 980 5124 caneellatas
1022 5070 1223 5125 habeat
1263 5072 1552 5136 fenestras,
1587 5074 1652 5128 ad
1684 5091 1822 5144 quas
1854 5073 2027 5144 Spon-

471 5171 560 5212 sus
605 5159 922 5223 adveniens,
951 5175 1054 5230 per
1092 5161 1214 5216 illas
1263 5165 1528 5234 prospicit
1569 5163 1834 5234 Sponsam
1868 5165 1934 5219 ad
1969 5181 2028 5219 se

469 5263 666 5304 vocans
713 5251 782 5306 ab
812 5253 1073 5308 extremis
1113 5253 1368 5310 sensibus
1406 5255 1472 5308 acl
1527 5255 1940 5310 inasocctabilia
1975 5263 2030 5308 et

538 5426 581 5460 ³³
611 5425 810 5483 Jerem.
850 5443 922 5490 ιιι,
952 5429 1040 5481 21.

2123 4353 2416 4423 συντρίψας
2446 4353 2544 4414 τὰς
2591 4351 2823 4420 παγίδας
2848 4353 2943 4404 καὶ
2978 4351 3046 4404 τὰ
3068 4350 3280 4414 δίκτυα,
3321 4349 3416 4404 καὶ
3455 4351 3576 4412 ταῖς
3605 4347 3701 4402 εὐ·
3789 4379 3794 4382 -

2122 4443 2366 4507 θυὸόλοις
2401 4441 2778 4512 ἀποκρύψεσιν
2811 4441 3149 4510 ὑπερκύψας,
3179 4438 3442 4504 ἐξέκυπτε
3465 4437 3552 4492 διὰ
3583 4437 3701 4491 τῶν

2122 4537 2376 4598 δικτύων,
2427 4535 2524 4605 τὴν
2553 4536 2654 4604 τῆς
2706 4533 2961 4604 θεότητος
2987 4532 3219 4602 δύναμιν
3265 4529 3576 4599 ὑποφαίνων
3626 4531 3698 4601 τῇ

2123 4623 2404 4693 διορατικῇ
2453 4620 2635 4692 ψυχῇο
2677 4620 2800 4674 ὅθεν
2833 4620 3019 4674 λοιπὸν
3063 4619 3329 4688 διηγεῖται
3358 4617 3478 4681 ταῖς
3525 4616 3701 4684 θυγα-

2123 4715 2318 4785 τράσιν
2357 4711 2714 4782 Ἰερουσαλὴμ
2743 4713 2776 4780 ἡ
2807 4710 3038 4780 Νύμφη·
3077 4710 3106 4764 ὃ
3138 4709 3420 4780 παρουσίᾳ¹
3445 4702 3542 4778 μὲν
3579 4707 3702 4761 ἔλε-

2126 4821 2221 4873 γεν
2249 4804 2474 4856 ἐκείνων
2496 4804 2524 4856 ὁ
2547 4802 2820 4870 Νυμφίος,
2846 4801 3010 4871 ἧκουε
3029 4800 3086 4853 δὲ
3120 4799 3258 4871 πλὴν
3281 4797 3496 4868 ἐκείνης
3521 4797 3700 4860 οὐδεὶς

2126 4895 2196 4948 τὰ
2225 4893 2701 4964 ὲπαγόμενα,(57).
2749 4893 3010 4960 Λέγοιντο
3055 4891 3102 4946 δ’
3131 4890 3195 4945 ἂν
3227 4889 3440 4961 θυρίδες
3489 4889 3586 4942 καὶ
3628 4887 3702 4942 τὰ

2127 4983 2481 5056 αἰσθητήρια,
2513 4983 2580 5036 δι’
2609 4977 2684 5038 ὧν
2715 4983 2806 5036 ἐπὶ
2825 4982 2936 5054 ,μὲν
2969 4981 3076 5035 τῶν
3101 4980 3444 5052 ἁμαρτωλῶν
3469 4979 3700 5040 θάνατος

2127 5073 2393 5126 διαϐαίνει
2414 5089 2426 5103 ·
2463 5071 2557 5124 ἐπὶ
2579 5071 2634 5124 δὲ
2668 5073 2767 5140 τῆς
2816 5069 3096 5141 ἐρωτικῶς
3125 5068 3477 5138 διακειμένης
3518 5067 3702 5138 ψυχῆς

2130 5163 2264 5234 πρὸς
2299 5162 2390 5215 τὸν
2419 5162 2606 5230 Λόγον,
2645 5160 2995 5231 παρακύπτει
3020 5161 3048 5213 6
3076 5159 3232 5228 λόγος
3285 5161 3364 5222 είς
3405 5157 3474 5212 τὰ
3513 5157 3708 5210 δέοντα

2128 5257 2248 5318 ταῖς
2275 5254 2554 5325 αἰσθήσεσι
2589 5252 2955 5322 κεχρημένης,
2989 5251 3081 5306 καὶ
3110 5248 3310 5322 δικτύῳ
3356 5247 3703 5304 κατασκευά-

1970 5495 2198 5553 NOTAE.

471 5632 480 5640 '
543 5608 654 5682 (57)
688 5611 1088 5679 Λέγοιντο-ὲλθέ
1119 5610 1169 5664 in
1195 5611 1253 5664 (Β.
1289 5611 1346 5664 Β.
1378 5610 1596 5681 Origeni
1631 5610 1853 5664 dantur.
