3970 6296
453 242 584 306 ι6ῡ3

1779 244 2137 307 PROCOPII
2185 245 2423 306 GAZiEl

3543 215 3692 309 teut.

443 365 594 413 ctum
641 355 964 426 prteht-bunt
1009 371 1109 410 suo
1160 368 1426 426 tempore.
1476 355 1705 426 Oportet
1751 359 1921 430 igitur
1964 361 2018 414 in

2137 359 2214 414 cui.
2247 360 2360 423 τοῖς
2396 359 2545 422 ἰδίοις
2569 359 2786 413 ἄνθεσιν
2821 361 2853 430 ἡ
2883 359 3042 430 φύσις
3074 359 3426 432 ὡραῖζεσθαι,
3458 361 3560 420 sic?
3589 361 3693 416 οῦν

444 449 656 502 varium
705 449 808 502 hoc
864 458 1079 516 pratmn
1141 451 1422 520 ingressos
1475 463 1540 502 ex
1591 448 1826 505 ﬂoribus‘
1865 451 2016 506 hisce

443 538 774 606 decerpere,
829 539 1316 606 sibique-coronas
1355 554 1574 608 parare.
1616 539 1752 594 Nam
1801 551 2018 610 tempus

445 629 623 698 ipsius
652 630 948 698 putationis
979 629 1218 684 advenit.
1257 628 1373 683 Hoc
1409 629 1735 684 testiﬁcatur
1766 646 1869 684 vox
1903 640 2018 684 tur-

449 719 608 781 turis,
641 720 742 772 hoc
784 727 868 772 est
913 734 1014 772 vox
1063 719 1354 773 clamantis
1399 720 1454 774 in
1499 721 1738 775 deserto.
1777 719 2018 775 Joannes

447 810 593 862 enim
627 818 712 863 est
744 817 948 874 turtur,
999 809 1046 864 is
1077 818 1162 864 est
1199 810 1449 878 praeclari
1483 813 1648 880 hujus
1693 798 1834 866 veris
1865 812 2017 868 Prte-

447 915 662 960 cursor,
692 901 782 968 qui
816 899 1004 954 ﬂorem
1037 901 1104 954 de
1133 901 1318 955 radice
1337 899 1500 956 .Jesse
1528 901 2018 972 ostendit,Agnum

453 989 542 1042 Dei
584 990 674 1058 qui
723 992 860 1044 tollit
908 999 1186 1058 peccatum
1229 993 1441 1054 mundi,
1475 1001 1528 1045 et
1557 993 1716 1048 docet
1753 994 1820 1046 de
1863 996 2020 1050 malis

449 1078 708 1148 agendam
741 1079 1116 1144 paenitentiam
1138 1079 1368 1132 etvitam
1390 1079 1690 1149 degendam
1713 1097 1778 1135 cx
1801 1084 2017 1136 virtute.

451 1168 650 1221 Audita
701 1179 802 1232 est,
852 1168 1050 1238 inquit,
1098 1185 1196 1222 vox
1248 1171 1470 1224 turturis
1519 1173 1574 1224 in
1625 1179 1766 1224 terra
1815 1183 2018 1236 nostra,

453 1269 652 1312 terram
705 1259 844 1312 forte
903 1261 1194 1315 nominans
1241 1275 1337 1316 eos
1379 1263 1470 1330 qui
1527 1271 1657 1316 sunt
1699 1263 1832 1317 vitio
1865 1263 2008 1318 dam-

454 1349 592 1412 nati,
627 1364 768 1417 quos
804 1352 1120 1404 meretrices
1154 1360 1209 1404 et
1247 1351 1571 1419 publicanos
1602 1352 1734 1406 dicit
1779 1353 2021 1424 Evange-

454 1439 610 1504 lium,
654 1454 684 1491 a
733 1440 934 1508 quibus
985 1441 1207 1496 auditus
1244 1452 1326 1497 est
1379 1456 1562 1497 sermo
1607 1441 1856 1513 Joannis,
1899 1460 2020 1498 cum

455 1529 652 1600 reliqui
697 1530 922 1584 minime
964 1531 1320 1600 admisissent
1360 1533 1824 1601 praadicationem.
1865 1535 2022 1600 Quod

2115 455 2236 516 ταῖς
2271 452 2526 523 ἀρεταῖς·
2558 450 2614 504 αἳ
2662 450 2756 504 νῦν
2797 452 2894 522 μέν
2951 451 3224 517 ἀνθοῦσιν,
3265 451 3378 522 ἰδίῳ
3427 451 3484 505 δέ
3511 452 3696 525 καιρῷ

2116 540 2412 610 παρέξουσι
2441 537 2533 592 τὸν
2557 540 2771 610 καρπόν
2789 555 2804 570 ⁸
2843 540 2926 593 δεῖ
2952 535 3045 593 οὖν
3073 543 3131 594 ἐν
3151 539 3230 610 τῷ
3265 539 3492 611 ποικίλῳ
3511 540 3696 612 τούτῳ

2115 631 2345 700 χειμῶνι
2394 631 2736 694 εἰσελθόντας
2767 633 2832 684 ἐκ
2858 631 2968 683 τῶν
3007 631 3210 684 ἀνθέων
3241 633 3444 685 τούτων
3483 632 3696 704 δρέψα-

2118 721 2264 786 σθαι,
2297 722 2392 774 καὶ
2442 722 2741 787 στεφάνους
2779 724 2994 786 ἑαυτοῖς
3039 724 3476 778 κατασκευάσαι·
3517 727 3546 778 6
3579 725 3696 796 γὰρ

2118 812 2308 881 καιρδις
2330 813 2426 882 τῆς
2449 812 2626 881 τομῆς
2647 813 2825 866 αὑτῶν
2847 813 3072 881 ἐφθακε⁸
3098 815 3256 866 τοῦτό
3280 831 3360 867 σοι
3383 815 3698 885 διαμαρτύ-

2122 919 2271 972 ρεται
2296 905 2330 972 ἡ
2353 901 2447 955 τοῦ
2483 904 2746 972 τρυγόνος
2779 905 2928 975 φωνή
2950 921 2966 934 ⁸
3001 905 3281 958 τουτέστιν
3319 907 3352 974 ἡ
3401 906 3552 976 φωνὴ
3595 905 3697 958 τοῦ

2121 991 2350 1063 βοῶντος
2372 996 2429 1046 ἐν
2447 997 2514 1063 τῇ
2537 995 2748 1064 ἐρήμῳ·
2776 995 3028 1065 Ἰωάννης
3051 995 3158 1064 γάρ
3184 998 3330 1048 ἐστιν
3351 996 3380 1047 6
3402 994 3644 1064 τρυγὼν,
3663 998 3697 1049 6

2117 1082 2212 1135 τοῦ
2242 1083 2465 1154 φαιδροῦ
2513 1083 2672 1154 ἔαρος
2695 1084 3028 1155 Πρόδρομος,
3058 1085 3086 1137 6
3117 1085 3178 1136 τὸ
3211 1087 3274 1136 ἐκ
3300 1085 3454 1156 ῥίζης
3495 1085 3702 1138 Ἰεσσαὶ

2119 1175 2275 1238 ἄνθος
2315 1165 2677 1228 ὑποδεικνύων
2705 1175 2796 1228 τὸν
2834 1175 3026 1244 ’Δμνὸν
3061 1173 3154 1227 τοῦ
3186 1174 3321 1228 Θεοῦ
3354 1175 3445 1227 τὸν
3473 1176 3700 1246 αἴροντα
3778 1225 3786 1231 .

2119 1267 2220 1336 τὴν
2270 1266 2550 1336 ἁμαρτίαν
2577 1265 2671 1318 τοῦ
2722 1266 2950 1336 κόσμου,
2997 1265 3092 1319 καὶ
3119 1264 3216 1336 τὴν
3265 1269 3330 1320 ἐκ
3371 1267 3479 1320 τῶν
3509 1269 3702 1320 κακῶν

2120 1357 2386 1409 διδάσκων
2420 1358 2729 1426 μετάνοιαν,
2757 1356 2852 1410 καὶ
2880 1355 2978 1426 τὴν
3001 1357 3123 1410 κατ’
3146 1357 3351 1426 ἀρετὴν
3373 1357 3654 1411 πολιτείαν
3679 1375 3698 1388 ⁸

2135 1449 2434 1514 Ἠκούσθη
2473 1446 2600 1516 γὰρ,
2622 1446 2806 1518 φησιν,
2840 1443 3008 1514 φωνὴ
3047 1445 3156 1500 τοῦ
3197 1448 3485 1515 τρυγόνος
3521 1448 3593 1500 ἐν
3623 1447 3704 1516 τῇ

2122 1534 2202 1606 γῆ
2229 1535 2426 1606 ’ἡμῶν
2457 1537 2594 1606 τάχα
2621 1537 2750 1606 γῆν,
2775 1537 2901 1599 τοὺς
2931 1535 3410 1606 κατεγνωσμένους
3439 1539 3497 1589 ἐν
3527 1537 3702 1608 κακίᾳ

456 1629 636 1674 autem
665 1621 871 1675 dictum
903 1631 986 1677 est
1015 1621 1084 1678 de
1115 1623 1240 1690 lien,
1271 1625 1530 1693 quoniam
1563 1626 1782 1693 protulit
1810 1643 2022 1695 grossos

2137 1627 2530 1698 κατονομάζων,
2561 1625 2654 1688 οὓς
2690 1627 2920 1696 πόρνους
2949 1626 3042 1680 καὶ
3071 1625 3308 1688 τελώνας
3349 1625 3409 1703 τὸ
3449 1626 3705 1694 Εὐαγγέ-

455 1723 610 1774 suos,
659 1712 872 1766 ratione
915 1713 995 1767 sic
1043 1712 1430 1782 intelligamus.
1472 1712 1635 1768 Ficus
1679 1718 1748 1767 ob
1787 1717 2024 1768 calorem

2137 1718 2265 1780 λιον,
2301 1718 2361 1769 ἐν
2385 1709 2466 1778 οἷς
2503 1713 2744 1785 ἠκούσθη
2775 1714 2869 1766 τοῦ
2899 1715 3148 1767 Ἰωάννου
3173 1717 3202 1767 6
3229 1714 3410 1782 λόγος,
3448 1715 3556 1769 τῶν
3584 1715 3695 1767 λοι-

456 1803 684 1872 praedita
742 1813 824 1856 est
882 1803 1082 1871 insigni
1160 1803 1212 1857 vi
1273 1803 1583 1857 attrahendi
1657 1804 1900 1860 humoris
1959 1821 2024 1860 ex

456 1889 729 1962 profundo
763 1909 776 1945 :
809 1907 934 1946 cum
967 1900 1148 1948 autem
1190 1893 1397 1948 multus
1433 1894 1629 1948 lmmor
1667 1895 1930 1948 consistat
1969 1894 2024 1948 in

455 1981 728 2046 medulla,
792 1983 1106 2038 necessario
1165 1991 1361 2038 natura
1416 2000 1512 2054 per
1561 1985 1852 2039 humorum
1893 2000 2028 2039 cono

457 2074 761 2127 coctionem
809 2073 864 2127 in
905 2073 1112 2142 planta,
1156 2075 1382 2143 expellit
1415 2090 1446 2129 e
1485 2076 1650 2129 ramis
1691 2075 1935 2129 inutilem
1974 2084 2030 2130 et

458 2173 774 2220 terrestrem
825 2167 1136 2220 humorem.
1167 2165 1336 2234 quue
1369 2180 1514 2234 saepe
1547 2165 1679 2219 iacit
1716 2166 1888 2220 donec
1917 2167 2030 2220 sin—

459 2271 645 2309 cerum
674 2264 728 2309 et
754 2255 820 2310 ad
847 2255 1196 2310 nutriendum
1222 2267 1406 2324 aptum
1438 2257 1722 2310 humorem
1751 2266 1877 2325 apto
1905 2272 2029 2326 pro-

464 2347 602 2401 lerat
647 2358 930 2416 tempore,
979 2346 1050 2400 ab
1104 2347 1290 2401 inutili
1337 2356 1696 2415 expurgatum
1745 2348 2028 2416 qualitate.

460 2439 614 2504 Quod
645 2453 778 2508 ergo
807 2447 933 2492 ante
955 2437 1164 2492 dulcem
1195 2449 1248 2492 et
1275 2436 1570 2508 perlectum
1597 2437 1854 2501 h-uctum,
1881 2457 1910 2490 a
1931 2438 2029 2492 licu

462 2530 636 2584 instar
659 2527 869 2584 fructus
890 2527 1226 2598 producitur,
1243 2543 1468 2599 grossus
1484 2529 1900 2594 dicitur,estque
1916 2527 2030 2582 fru-

463 2628 586 2673 ctus
612 2620 956 2686 prooemium,
983 2633 1090 2673 non
1115 2620 1230 2688 ipse
1252 2619 1481 2673 fructus.
1505 2618 1608 2684 Qui
1641 2634 1770 2687 ergo
1811 2635 1872 2673 ea
1897 2619 2034 2674 vidit

465 2710 700 2766 fructum
732 2725 948 2780 quoque
977 2725 1103 2765 mox
1144 2709 1385 2764 futurum
1421 2719 1738 2778 exspectat,
1773 2725 1896 2764 cum
1929 2712 2032 2778 igi-

465 2811 556 2855 tur
599 2801 846 2871 Spit‘ilalc
878 2816 971 2856 ver
1008 2800 1232 2871 Sponsas
1267 2801 1548 2856 describat
1579 2803 1762 2854 oratio
1793 2817 1806 2853 :
1839 2801 1908 2853 sit
1939 2818 2034 2854 au-

467 2901 574 2946 tem
617 2891 721 2946 hoc
765 2903 978 2961 tempus
1021 2893 1076 2945 in
1119 2891 1357 2946 conﬁnio
1407 2891 1647 2945 tristitiae
1691 2891 1942 2946 hiemalis
1982 2899 2036 2946 et

469 2983 745 3036 lructuum
795 2984 888 3052 qui
937 2983 1273 3052 colliguntur
1325 2991 1514 3037 aestate
1547 2982 2030 3052 'participationis.

469 3073 762 3148 Propterea
814 3076 954 3128 mala
1003 3075 1224 3144 quidem
1283 3073 1619 3142 praeteriisse
1666 3074 1906 3130 dilucide
1945 3089 2036 3128 an-

471 3165 707 3230 nuntiat,
746 3165 1020 3235 perl'ectos
1060 3174 1242 3219 autem
1286 3163 1502 3222 fructus
1539 3165 1758 3220 virtutis
1793 3165 2033 3221 nondum

472 3264 660 3325 aperte
691 3255 952 3321 ostendit,
989 3253 1085 3309 sed
1113 3255 1212 3310 hos
1243 3254 1462 3324 quidem
1509 3257 1756 3310 recondit
1801 3257 1856 3310 in
1896 3263 2034 3310 tem-

472 3359 576 3414 pus
605 3351 1004 3414 Opportunum,
1039 3345 1258 3414 quando
1291 3354 1453 3400 aestas
1489 3345 1767 3412 institerit,
1805 3361 1927 3414 qum
1953 3356 2038 3404 cst

473 3435 662 3490 sicculi
691 3435 1094 3488 consummatio
1122 3451 1137 3488 :
1172 3449 1320 3490 nunc
1351 3442 1530 3489 autem
1561 3436 1804 3492 ostendit
1837 3437 2036 3492 ﬂoren-

475 3533 560 3580 tes
609 3539 733 3594 spes
791 3525 1090 3590 virtutum,
1141 3539 1376 3594 quarum
1441 3525 1650 3582 fructus
1707 3535 1932 3596 apparet
1981 3529 2035 3582 in

477 3627 720 3686 tempore
775 3629 901 3671 suo.
951 3615 1087 3670 Cum
1145 3617 1311 3685 igitur
1369 3617 1604 3672 humana
1659 3628 1855 3673 natura
1900 3635 2037 3674 con-

477 3717 735 3777 gruenter
783 3706 932 3770 lieni,
981 3706 1048 3760 de
1090 3721 1196 3776 qua
1243 3708 1331 3762 hic
1377 3707 1437 3761 Iit
1482 3711 1708 3775 mentio,
1747 3725 1846 3779 per
1880 3710 2039 3764 intel-

479 3798 672 3854 lectam
719 3813 749 3852 a
791 3797 949 3853 nobis
984 3798 1236 3862 hiemem,
1271 3799 1474 3852 malum
1517 3799 1798 3868 collegerit
1842 3799 2040 3854 immo-

479 3902 616 3952 rem,
647 3893 793 3941 recte
839 3887 930 3956 qui
981 3886 1226 3956 spiritale
1268 3901 1361 3941 ver
1407 3887 1461 3940 in
1514 3887 1673 3942 nobis
1707 3886 1890 3953 cﬂicit,
1926 3889 2042 3958 pri-

479 3991 626 4029 mum
659 3975 874 4044 quidem
915 3990 944 4028 a
979 3983 1176 4029 natura
1211 3975 1437 4045 expellit
1462 3974 1726 4044 quidquid
1755 3983 1838 4029 est
1867 3984 2040 4031 terre-

479 4079 608 4118 num
652 4075 708 4118 et
752 4065 966 4130 inutile,
997 4079 1278 4117 ramorum
1329 4063 1448 4117 loco
1501 4079 1598 4133 per
1641 4063 2041 4120 confessionem

476 4156 752 4224 expellens
797 4165 1164 4209 excrementa.
1223 4153 1428 4209 Deinde
1476 4162 1708 4223 Sperate:
1752 4155 2046 4210 beatitudi-

482 4241 568 4297 nis
619 4242 906 4312 quemdam
961 4243 1332 4296 characterem
1391 4241 1471 4296 sic
1525 4257 1622 4312 per
1674 4243 2042 4301 honestiorem

479 4333 693 4387 vivendi
726 4332 992 4386 rationem
1023 4331 1298 4402 iujiciens,
1326 4333 1495 4387 veluti
1529 4332 1852 4402 quibusdam
1883 4350 2031 4403 gros-

2146 4345 2236 4392 νος
2285 4332 2386 4401 τὴν
2431 4333 2610 4402 κακὴν
2671 4332 2874 4402 ίκμάδα
2926 4332 3355 4402 συλλεξαμένης*

481 4424 594 4490 sis,
647 4424 845 4478 licuum
887 4422 1192 4478 futurarum
1237 4423 1582 4478 dulcedinem
1609 4426 1916 4478 annuntiat.
1951 4426 2041 4482 Sic

483 4516 648 4568 etiam
733 4515 971 4586 intelligo
1034 4513 1316 4571 ﬂorentem
1367 4515 1564 4579 vitem,
1615 4514 1773 4583 cujus
1820 4515 2038 4584 quidem

486 4606 671 4658 vinum
710 4619 806 4659 cor
842 4605 1126 4660 ltetilieans
1159 4605 1407 4674 implebit
1437 4605 1730 4674 aliquando
1771 4615 2039 4665 craterem

487 4695 768 4766 sapientiae
822 4705 875 4751 et
929 4697 996 4750 ad
1055 4697 1340 4751 fruendum
1374 4695 1620 4750 convivis
1675 4698 2040 4768 proponitur:

489 4788 648 4842 modo
697 4803 890 4858 nempe
932 4787 1058 4842 vitis
1100 4802 1194 4857 per
1225 4786 1386 4843 ﬂores
1421 4795 1630 4842 vernat.
1665 4787 1788 4842 Haec
1821 4789 2046 4859 Sponsae

485 4877 663 4932 oratio
709 4879 862 4946 prius
909 4875 1148 4931 ostendit
1201 4875 1398 4930 indicia
1445 4886 1498 4930 et
1537 4883 1694 4932 notas
1737 4877 1861 4932 boni
1905 4883 2046 4934 veris

405 5017 414 5026 .
487 4969 814 5031 animarmn,
846 4979 1076 5035 eamque
1124 4964 1316 5018 incitat
1367 4965 1434 5018 ad
1475 4979 1664 5019 eorum
1699 4981 1820 5034 qua:
1854 4983 2043 5036 propo-

486 5059 590 5114 sita
611 5067 746 5112 sunt
775 5055 1088 5111 fruitionem
1117 5061 1166 5108 et
1199 5053 1382 5109 verbis
1407 5069 1526 5109 eam
1557 5054 1826 5110 excitans.

2128 1805 2248 1860 πῶν
2274 1806 2334 1858 οὑ
2370 1803 2833 1875 παραδεξαμένων
2857 1803 2926 1857 τδ
2945 1805 3012 1874 κή
3023 1821 3206 1875 ρυγμα
3228 1821 3241 1834 .
3262 1803 3324 1856 τὸ
3352 1803 3409 1857 δὲ
3442 1820 3505 1856 πε
3517 1805 3570 1871 ρὶ
3599 1804 3706 1874 τῆς

2130 1895 2302 1966 συκῆς
2353 1894 2642 1966 είρημένον
2690 1896 2774 1948 ὅτι
2832 1894 3126 1972 ἐξήνεγκεν
3187 1893 3444 1958 ὀλύνθους
3488 1895 3701 1960 αὑτῆς,

2127 1985 2329 2038 οὑτωσὶ
2365 1986 2444 2056 τῷ
2493 1985 2638 2055 λόγῳ
2685 1987 3149 2055 κατανοήσωμεν
3194 1983 3457 2055 ἐλκητικὴ
3497 1984 3596 2055 τῆς
3641 1975 3704 2038 ιν

2127 2076 2207 2146 τῷ
2236 2075 2390 2145 βάθει
2419 2075 2622 2138 νοτίδος
2653 2075 3019 2146 διαφερόντως
3041 2075 3144 2127 ὑπὸ
3181 2075 3520 2145 θερμότητός
3550 2078 3704 2128 ἐστιν

2129 2167 2164 2234 ἡ
2195 2165 2334 2235 συκῆ
2357 2181 2371 2197 ⁸
2423 2164 2624 2233 πολλῆς
2646 2165 2866 2218 δὲκατά
2907 2165 3007 2228 τὰς
3035 2166 3358 2234 ἐντεριώνας
3396 2167 3497 2236 τῆς
3532 2166 3704 2236 ίκμάσ-

2127 2255 2216 2317 δος
2238 2256 2657 2325 συνισταμένης,
2712 2257 3022 2324 ἀναγκαίως
3050 2258 3083 2326 ἡ
3135 2256 3312 2326 ῥύσις,
3345 2257 3435 2310 διὰ
3467 2257 3562 2324 τῆς
3590 2257 3706 2309 τῶν

2131 2343 2314 2412 ὑγρῶν
2339 2343 2554 2412 πέψεως
2579 2344 2678 2414 τῆς
2706 2345 2764 2396 ἐν
2786 2343 2866 2413 τῷ
2895 2343 3044 2414 φυτῷ
3063 2345 3376 2415 γινομένης,
3397 2345 3458 2398 τὺ
3484 2345 3706 2416 ἀχρείόν

2129 2449 2188 2485 τε
2207 2432 2302 2485 καὶ
2327 2432 2528 2500 γεῶδες
2553 2436 2650 2502 τῆς
2681 2434 2923 2504 ἰκμάδος,
2947 2435 3010 2488 ἐκ
3036 2435 3144 2487 τῶν
3199 2437 3523 2506 ἀχρημόνων
3569 2438 3708 2490 ἀπο-

2133 2524 2492 2588 σκευάζεται·
2530 2525 2788 2588 πολλάκις
2842 2525 2998 2578 τοῦτο
3031 2528 3208 2591 ποιεῖ,
3251 2528 3355 2588 ἓως
3397 2527 3462 2580 ἂν
3507 2529 3568 2580 τὸ
3622 2530 3702 2580 εί-

2139 2612 2382 2683 λικρινές
2431 2631 2491 2667 τε
2545 2615 2640 2668 καὶ
2669 2617 2936 2686 τρόφιμον
2969 2617 3026 2668 ἐν
3057 2616 3135 2686 τῷ
3188 2617 3484 2687 καθήκοντι
3529 2618 3708 2688 καιρῷ

2135 2704 2428 2775 προϐάλλει
2467 2706 2878 2778 κεκαθαρμένον
2927 2709 3022 2778 τῆς
3075 2709 3347 2778 ἀχρήστου
3387 2709 3704 2778 ποιότητος

2133 2795 2196 2846 τὸ
2219 2795 2398 2848 τοίνυν
2436 2795 2540 2866 πρὸ
2568 2797 2660 2848 τοῦ
2691 2797 2920 2864 γλυκέος
2963 2815 3024 2851 τε
3056 2800 3148 2851 καὶ
3175 2799 3444 2869 τροφίμου
3487 2801 3584 2854 καὶ
3613 2817 3708 2852 τε-

2135 2884 2276 2938 λείου
2306 2886 2410 2939 ὑπὸ
2443 2887 2544 2954 τῆς
2572 2889 2741 2958 συκῆς
2771 2891 2828 2940 ἐν
2855 2889 3084 2960 καρπῶν
3107 2890 3236 2961 εἶδε-ι
3265 2891 3709 2961 προϐαλλόμενον

2141 2973 2360 3036 ὅλυνθος
2393 2973 2634 3041 λέγεται,
2667 2955 2802 3046 ὅπερ
2834 2955 2944 3030 τοῦ·
2985 2955 3517 3050 καρποῦ’προοίμιον
3545 2955 3705 3048 ’γίνεο

2134 3080 2244 3128 ται,
2271 3063 2371 3116 οὐκ
2417 3064 2548 3117 αὐτὸ
2596 3065 2812 3136 καρπός
2831 3084 2844 3098 ⁸
2903 3068 2931 3119 6
2959 3068 3133 3120 ταῦτα
3158 3070 3336 3121 τοίνυν
3369 3068 3710 3137 θεασάμενος

2137 3155 2233 3208 καὶ
2260 3155 2350 3208 τὸν
2383 3155 2595 3226 καρπὸν
2633 3157 2755 3209 ὅσον
2794 3156 2944 3210 οῦπω
2971 3157 3252 3230 ἐκδέχεται
3271 3175 3285 3190 ⁸
3315 3159 3502 3230 ἐπειδὴ
3528 3158 3712 3212 τοίνυν

2135 3246 2198 3298 τὸ
2228 3247 2598 3315 πνευματικὸν
2622 3247 2723 3318 ἔαρ
2755 3248 3062 3320 ὑπογράφει
3082 3253 3146 3320 τῇ
3177 3247 3380 3320 Νύμφῃ
3408 3251 3434 3304 6
3461 3249 3616 3318 λόγος
3635 3266 3650 3280 ⁸
3681 3252 3712 3302 6

2136 3335 2192 3389 δέ
2236 3338 2427 3406 καιρὸς
2465 3331 2618 3402 οὗτος
2670 3337 2920 3408 μεθόριός
2957 3341 3096 3405 ἐστι,
3129 3340 3226 3410 τῆς
3281 3356 3342 3392 τε
3385 3339 3713 3411 χειμερινῆς

2139 3427 2464 3498 κατηφείας,
2507 3427 2600 3480 καὶ⁸
2629 3429 2730 3498 τῆς
2764 3430 2822 3481 ἐν
2849 3429 2930 3500 τῷ
2975 3429 3124 3501 θέρει
3174 3429 3284 3483 τῶν
3313 3432 3541 3500 καρπῶν
3577 3447 3710 3499 μετ-

2138 3521 2356 3582 ουσίας·
2385 3519 2473 3572 διὰ
2527 3519 2688 3572 τοῦτο
2736 3519 2798 3572 τὸ
2835 3520 2934 3589 μὲν
2979 3519 3369 3590 παρῳχηκέναι
3417 3519 3486 3572 τά
3534 3521 3712 3586 κακὰ,

2139 3608 2434 3680 διαρρήδην
2464 3608 2897 3676 εὐαγγελίζεται,
2934 3609 3062 3674 τοὺς
3087 3609 3143 3662 δέ
3180 3609 3426 3680 καρποὺς
3450 3610 3548 3677 τῆς
3580 3609 3714 3680 ἀρε-

2141 3698 2258 3766 τῆς,
2287 3695 2443 3750 οΰπω
2475 3697 2699 3760 τελείως
2728 3697 3108 3767 προδείκνυσιν
3128 3709 3144 3726 ⁸
3181 3696 3315 3749 ἀλλά
3357 3695 3579 3756 τούτους
3611 3695 3716 3765 μὲν

2142 3792 2200 3843 ἐν
2223 3787 2302 3856 τῷ
2342 3786 2637 3856 καθήκοντι
2687 3785 2868 3858 καιρῷ
2913 3786 3262 3858 ταμιεύεται,
3297 3787 3426 3840 ὅταν
3465 3788 3624 3855 ἐνστῇ
3651 3786 3716 3838 τ⁸δ

2143 3873 2301 3941 θέρος
2327 3875 2464 3945 ὅπερ
2505 3874 2625 3928 ἐστὶ
2677 3876 2959 3928 συντέλεια
2990 3875 3086 3928 τοῦ
3138 3875 3331 3938 αἰῶνος
3353 3889 3366 3906 ⁸
3403 3874 3496 3927 νῦν
3519 3874 3575 3927 δὲ
3618 3873 3717 3935 τὰς

2142 3967 2364 4032 ἐλπίδας
2415 3969 2656 4024 δείκνυσι
2699 3970 2786 4024 διὰ
2828 3969 2938 4024 τῶν
2984 3971 3200 4042 ἀρετῶν
3231 3969 3518 4033 ἀνθούσας,
3564 3963 3641 4022 ὧν
3689 3971 3718 4021 6

2145 4059 2358 4129 καρπὸς
2401 4061 2462 4112 ἐν
2506 4060 2583 4130 τῷ
2612 4062 2727 4132 ἰδίῳ
2773 4060 2952 4133 καιρῷ
2981 4061 3372 4130 προφαίνεται·
3413 4060 3512 4129 τῆς
3540 4060 3720 4114 τοίνυν

2144 4151 2494 4222 ἀνθρωπίνης
2525 4153 2744 4220 φύσεως
2793 4154 2931 4208 κατά
2975 4152 3072 4220 τὴν
3123 4149 3591 4222 μνημονευθεῖσαν
3628 4153 3717 4203 ἐν-

2145 4240 2318 4294 ταῦθα
2355 4243 2548 4310 συκῆν,
2573 4242 2774 4312 πολλὴν
2799 4242 2886 4295 διά
2910 4231 3008 4294 θεοῦ
3042 4241 3324 4310 νοηθέντος
3351 4242 3484 4312 ἡμῖν
3509 4239 3719 4310 χειμῶ-

3404 4331 3499 4383 καὶ
3543 4329 3619 4392 ὡς
3656 4329 3721 4382 τὸ

2148 4420 2377 4490 ψυχικὸν
2414 4421 2514 4490 ἔαρ
2540 4424 2934 4493 ἐργασάμενοέ,
2964 4422 3180 4494 πρῶτον
3207 4423 3308 4492 μὲν
3340 4420 3590 4474 ἐκϐάλλει
3620 4421 3720 4488 τῆς

2151 4512 2364 4582 φύσεως
2402 4515 2508 4566 πᾶν
2527 4515 2647 4566 ὅσον
2677 4514 2878 4582 γεῶδες
2913 4517 3005 4568 καὶ
3046 4515 3338 4584 ἄχρηστον,
3370 4513 3490 4566 ἀντὶ
3545 4511 3720 4580 ἀχρη-

2155 4603 2330 4674 μόνων
2376 4603 2442 4658 δι’
2504 4605 2943 4676 ἐξομολογήσεως
3000 4605 3392 4669 ἀποτκευάζων
3449 4601 3520 4656 τὰ
3559 4618 3720 4672 περι-

2156 4694 2449 4764 πτώματα,
2483 4691 2582 4748 εἴθ’
2620 4695 2762 4750 οῦτω
2794 4695 3117 4768 χαρακτῆρά
3143 4713 3266 4749 τινα
3290 4694 3391 4762 τῆς
3427 4692 3722 4762 ’ἐλπιζομέφ

2160 4804 2255 4858 νης
2287 4788 2688 4858 μακαριότητος
2741 4787 2828 4840 διὰ
2856 4788 2956 4856 τῆς
3011 4785 3358 4857 ἀστειοτέρας
3407 4785 3550 4855 ζωῆς
3599 4786 3722 4836 ἐπι-

2158 4878 2370 4932 ϐάλλων
2392 4879 2470 4949 τῷ
2506 4879 2626 4948 βίῳ,
2678 4874 2788 4932 οἷόν
2821 4895 2962 4931 τισιν
3001 4877 3264 4941 ὀλύνθοις,
3294 4876 3392 4946 τὴν
3425 4876 3722 4946 μέλλουσαν

2152 4968 2470 5039 γλυκύτητα
2503 4969 2612 5022 τῶν
2649 4969 2830 5022 συκῶν
2875 4967 3287 5036 εὐαγγελίζεται
3309 4983 3321 4996 ⁸
3353 4964 3499 5018 οὑτω
3533 4965 3722 5034 νόησον

2151 5059 2246 5112 καὶ
2283 5059 2381 5132 τὴν
2409 5059 2778 5130 κυπρίζουσαν
2805 5060 3049 5130 ἄμπελον
3070 5075 3084 5088 ·
3117 5053 3184 5130 ἦς
3211 5061 3239 5112 6
3271 5058 3369 5128 μὲν
3397 5051 3536 5119 οἶνος
3565 5056 3594 5108 6
3624 5056 3723 5124 τὴν

487 5153 710 5224 καρδίαν
735 5150 1062 5220 εὐφραίνων,
1090 5147 1368 5220 πληρώσει
1386 5149 1514 5202 ποτε
1548 5149 1640 5204 τὸν
1660 5152 1758 5220 τῆς
1780 5151 1969 5219 σοφίας
2002 5155 2276 5226 κρατῆρα,
2305 5154 2399 5208 καὶ
2425 5155 2774 5225 προκείσεται
2802 5157 2914 5216 τοῖς
2944 5156 3250 5223 συμπόταις
3282 5155 3361 5214 είς
3387 5149 3688 5204 ἀπόλαυσιν
3706 5163 3718 5176 ⁸

485 5245 580 5298 νῦν
605 5244 706 5316 μέν
735 5259 814 5295 τοι
841 5239 1096 5310 κυπρίζει
1119 5239 1206 5293 διὰ
1234 5241 1324 5294 τοῦ
1350 5241 1544 5304 ἄνθους
1569 5243 1602 5312 ή
1625 5241 1866 5310 ἄμπελος
1892 5259 1906 5273 ⁸
1943 5242 2115 5297 ταῦτα
2149 5245 2497 5316 προδείκνυσι
2517 5247 2584 5316 τῇ
2607 5245 2814 5316 Νύμφῃ
2835 5246 2862 5297 6
2889 5243 3042 5311 λόγος
3064 5241 3158 5296 τοῦ
3201 5239 3368 5295 καλοῦ
3403 5239 3512 5292 τῶν
3536 5236 3723 5308 ψυχῶν

487 5344 646 5414 ἔαρος
663 5339 731 5394 τὰ
749 5335 1122 5408 γνωρίσματα·
1137 5337 1231 5390 καὶ
1250 5337 1562 5390 ἐπισπεύδει
1575 5337 1711 5407 πρὸς
1729 5337 1826 5408 τὴν
1845 5337 1952 5391 τῶν
1971 5341 2348 5410 προκειμένων
2365 5339 2684 5403 ἀπόλαυσιν,
2696 5339 2978 5408 διεγείρων
2995 5338 3164 5408 αὐτὴν
3179 5337 3412 5408 τῷλόγῳ
3429 5336 3522 5389 καί
3539 5351 3724 5404 φησιν.

560 5435 698 5489 Nili.
729 5461 794 5474 —-
825 5430 970 5486 lstud
999 5448 1177 5503 surge,
1209 5434 1458 5488 vocantis
1490 5442 1574 5488 est
1606 5440 1662 5487 et
1699 5433 1994 5488 excitantis
2028 5451 2044 5488 :

487 5526 555 5580 ab
596 5521 894 5578 humilibus
943 5537 1176 5592 namque
1219 5523 1502 5594 praeceptis
1541 5523 1807 5594 legalibus
1845 5523 1910 5576 ad
1959 5539 2051 5578 su-

487 5613 768 5670 blimiores
815 5614 1249 5684 cvangelicorum
1295 5616 1685 5668 miraculorum
1728 5614 2048 5684 disciplinas

487 5708 661 5778 ipsam
725 5706 971 5763 excitans
1025 5717 1197 5762 vocat.
1254 5706 1555 5776 Relinque,
1613 5705 1820 5776 inquit,
1878 5706 2047 5774 legem

2223 5435 2467 5488 Νείλου.
2493 5465 2562 5476 —
2587 5433 2658 5486 T6
2691 5434 2924 5495 ἀνάστα,
2958 5432 3250 5495 καλοῦντός
3275 5435 3390 5484 ἐστι
3421 5431 3516 5484 καὶ
3533 5430 3728 5498 διεγεί-

2157 5542 2341 5591 ροντος
2369 5541 2382 5554 ⁸
2407 5525 2515 5576 ἀπὸ
2544 5527 2652 5595 γάρ
2673 5511 2780 5576 τῶν
2818 5526 2959 5577 κατά
2984 5523 3076 5577 τον
3103 5523 3264 5594 νόμον
3291 5519 3560 5574 ταπεινῶν
3590 5535 3728 5590 παρ·

2154 5611 2553 5679 ἀγγελμάτων,
2610 5613 2702 5662 ἐπὶ
2757 5610 2824 5664 τά
2880 5610 3186 5681 ὑψηλότερα
3265 5609 3564 5681 μαθήματα
3617 5607 3727 5660 τῶν

2155 5701 2526 5770 εύαγγελικῶν
2579 5702 2928 5773 παραδόσεων
2992 5703 3159 5774 αὑτὴν
3205 5701 3484 5774 διεγείρων
3536 5699 3722 5757 καλιῖο
