3970 6296
140 300 256 362 1ῦθ5

1059 289 1598 354 COMMENTARII
1625 292 1703 351 IN
1745 265 2065 352 CANTICA
2102 290 2396 353 CANTIC.

3207 290 3342 360 1606

127 407 405 471 Κατάλιπε,
437 402 622 473 φησιν,
652 401 745 455 τὸν
776 397 1019 471 νηπιὼδη
1050 401 1246 471 νόμον,
1276 402 1367 453 τὸν
1404 402 1500 469 τὴν
1522 398 1673 470 ἐνέρ-

1785 399 2048 468 puerilem
2094 414 2216 467 qua:
2245 405 2593 467 peccatorum
2641 390 3015 469 operationem
3062 402 3367 471 prohibet,

138 518 273 570 γειαν
291 497 393 550 τῶν
420 495 835 567 ἁμαρτημάτων
863 494 1161 558 κωλύοντα,
1188 496 1282 548 καὶ
1313 495 1432 547 ἐλθὲ
1460 497 1553 548 ἐπὶ
1573 494 1672 564 τὴν

136 593 280 665 χάριν
318 588 412 659 τὴν
452 588 828 641 ὲκκὸπτουσαν
870 586 968 639 καὶ
1020 586 1082 639 τὸ
1133 585 1334 654 φαῦλον
1384 586 1668 656 ἐνθύμιον·

136 682 324 735 ἀνάστα
367 675 473 732 ἀπὸ
504 676 615 729 τῶν
645 676 869 746 γηΐνων,
902 675 1176 746 πρόκοψον
1210 675 1303 729 ἐπὶ
1323 677 1389 727 τὰ
1416 677 1669 746 οὐράνια·

137 772 323 826 ἀνάστα
351 768 457 824 ἀπὸ
497 767 605 820 τῶν
645 765 872 832 τύπων,
928 766 1226 836 πορεύθητι
1263 767 1355 819 ἐπὶ
1397 767 1493 836 τὴν
1542 767 1674 836 ἀλή-

138 865 268 915 θειαν
286 877 299 890 ·
330 858 591 928 ἀνάστηθι
611 857 720 911 ἀπὸ
746 856 840 910 τοῦ
868 857 1237 927 στοιχειώδους
1256 857 1444 927 νόμου,
1473 856 1677 924 φθάσον

136 951 217 1002 ἐπὶ
247 947 335 1017 τὴν
380 947 722 1015 τελειότητα’
751 946 997 1017 χειμῶνα
1037 946 1183 1013 λέγει
1211 947 1303 999 τὸν
1349 945 1443 999 τοῦ
1470 945 1673 1008 πάθους

137 1041 327 1108 καιρὸν,
354 1040 410 1091 ὲν
435 1034 480 1106 ᾧ
508 1039 709 1101 πάντες
742 1037 1148 1107 ὲχειμάσθησαν
1184 1035 1261 1106 τῷ
1282 1037 1380 1105 τῆς
1417 1037 1673 1100 ἀπιστίας

137 1131 415 1200 πνεύματι*
446 1132 538 1183 καὶ
568 1130 676 1200 γὰρ
703 1132 797 1183 καὶ
827 1130 1083 1199 αἰσθητὸς
1112 1127 1319 1199 χειμὼν
1340 1124 1407 1200 ἦν
1425 1129 1562 1183 κατά
1585 1129 1675 1183 τὸν

138 1223 303 1293 καιρὸν
333 1225 532 1274 ἐκεῖνον
558 1238 571 1250 ·
603 1214 666 1273 οὗ
699 1221 1061 1293 παρελθόντος
1092 1223 1118 1274 6
1164 1222 1315 1284 ὑετὸς
1347 1223 1373 1274 6
1409 1239 1676 1295 προφητι-

135 1313 232 1374 κὸς,
266 1312 348 1364 καὶ
373 1313 400 1364 6
428 1312 651 1381 νομικὸς
688 1312 847 1377 λόγος
870 1310 1146 1383 ἐπαύσατο
1165 1326 1178 1339 ⁸
1209 1312 1306 1379 τῆς
1349 1312 1456 1382 γὰρ
1492 1312 1675 1382 φωνῆς

133 1403 214 1455 τοῦ
253 1403 501 1472 τρυγόνος
553 1401 911 1471 ἀκουσθείσης
966 1402 1064 1470 τῆς
1130 1401 1425 1471 λεγούσης’
1466 1420 1484 1452 ι
1512 1402 1673 1454 Δεῦτε

134 1492 309 1553 πάντες
340 1492 385 1542 oi
413 1491 714 1554 κοπιῶντες
743 1492 834 1543 καὶ
870 1490 1316 1560 πεφορτισμένοι,
1349 1489 1504 1556 κάγὼ
1540 1492 1673 1544 ἁνα-

134 1580 309 1632 παύσω
336 1581 495 1648 ὑμᾶς,
545 1600 565 1631 ι
598 1582 698 1632 οὐκ
734 1579 824 1644 ἔτι,
844 1576 911 1651 ἦν
942 1581 1098 1651 χρεία
1127 1580 1218 1633 τοῦ
1259 1580 1676 1644 καταϐαίνοντος

132 1672 195 1732 ὡς
239 1668 383 1722 ὑετοῦ
424 1669 847 1738 ἀποφθέγματος
893 1669 1119 1737 νομικοῦ
1175 1669 1365 1737 λόγου·
1420 1670 1512 1722 καὶ
1571 1668 1677 1721 τῶν

1772 500 1827 545 et
1855 494 1975 545 veni
2006 492 2069 544 ad
2098 493 2349 562 gratiam,
2377 506 2499 561 qua:
2527 505 2748 562 pravam
2785 493 2947 547 etiam
2978 494 3163 550 evellit
3189 497 3346 566 cogi-

1775 582 2073 650 tationem;
2110 597 2345 650 exsurge
2375 598 2402 634 a
2437 582 2695 649 terrenis,
2721 582 2924 653 proﬁce
2960 585 3024 638 ad
3055 585 3336 640 cmlestia:

1773 687 2008 740 exsurge
2055 687 2082 724 a
2139 673 2332 741 primis
2378 672 2590 742 ﬁguris,
2637 676 2838 729 accede
2886 675 2951 728 ad
2999 677 3280 731 veritatem
3323 693 3338 730 :

1773 777 2007 831 exsurge
2040 762 2109 815 ab
2147 762 2464 817 elementari
2501 764 2635 833 lege,
2672 779 2923 834 grassare
2952 767 3018 820 ad
3050 769 3345 836 perfectio-

1776 866 1919 904 nem.
1972 848 2215 904 lliemem
2263 860 2444 905 autem
2497 852 2633 906 dicit
2689 861 2904 924 tempus
2954 855 3252 923 passionis,
3287 857 3341 909 in

1775 957 1883 1005 quo
1932 955 2126 995 omnes
2182 940 2524 998 inﬁdelitatis
2562 944 2755 1011 spiritu
2804 946 2951 998 velut
2992 945 3163 1014 glacie
3210 961 3341 1000 con-

1776 1031 1953 1083 stricti
1989 1041 2184 1085 erant:
2214 1033 2415 1086 etenim
2453 1026 2731 1089 sensibilis
2772 1050 2991 1105 quoque
3026 1035 3199 1089 hiems
3229 1046 3344 1089 erat

1776 1120 1881 1173 isto
1928 1130 2190 1190 tempore.
2228 1124 2295 1177 Et
2349 1122 2526 1191 pluvia
2578 1124 2897 1194 prophetica
2941 1140 3231 1193 sermoque
3268 1126 3344 1178 lc-

1774 1211 1912 1280 galis
1943 1210 2249 1267 stillarerat
2279 1231 2293 1267 :
2327 1230 2449 1266 nam
2486 1230 2617 1268 voce
2646 1217 2889 1271 turturis
2931 1216 3115 1269 audita
3148 1216 3342 1269 dicen-

1778 1305 1845 1357 tis
1877 1320 1891 1358 :
1932 1302 2177 1371 iVenite,
2208 1321 2396 1361 omnes
2424 1307 2516 1376 qui
2558 1308 2814 1362 laboratis
2847 1316 2900 1362 et
2936 1310 3145 1363 onerati
3184 1308 3344 1372 eStis,

1773 1403 1828 1447 ct
1879 1409 1980 1463 ego
2032 1396 2272 1447 rcliciam
2328 1409 2424 1450 vos
2463 1395 2564 1459 “,t
2605 1410 2712 1449 non
2759 1396 2997 1464 amplius
3047 1406 3164 1450 erat
3207 1411 3345 1465 opus

1777 1484 1932 1553 legali
1978 1500 2231 1540 sermone
2276 1485 2451 1539 instar
2500 1487 2696 1553 pluviae
2740 1489 3078 1541 sententiose
3115 1486 3346 1540 descen-

1775 1575 1986 1630 dente:
2022 1585 2078 1630 et
2124 1574 2367 1640 ﬁoribus,
2405 1577 2458 1630 id
2506 1586 2591 1630 est
2639 1577 2770 1631 viris
2820 1577 3050 1641 sanctis,
3102 1577 3153 1630 in
3199 1587 3345 1631 terra

1776 1666 2182 1721 Christianismi
2221 1669 2632 1736 apparentibus,
2672 1678 2885 1736 tempus
2922 1668 3219 1737 putationis
3249 1666 3346 1720 ad-

69 1816 73 1820 .
133 1759 310 1812 ἀνθέων
332 1759 604 1828 ὀφθέντων
633 1762 694 1812 ὲν
725 1762 789 1831 τῇ
818 1763 887 1830 γῇ
918 1761 1024 1812 τῶν
1056 1762 1114 1812 ὲν
1152 1760 1228 1829 τῷ
1269 1760 1673 1830 Χριστιανισμῷ

1785 1758 1946 1820 venit,
1980 1758 2295 1834 refectionis
2336 1757 2645 1813 Judaeorum
2674 1776 2688 1812 :
2718 1771 2773 1813 et
2804 1759 2940 1815 ﬁcus
2970 1774 3131 1828 quam
3164 1770 3349 1828 pater-

131 1850 279 1917 ἁγίων
317 1849 541 1921 ἀνδρῶν,
584 1850 774 1921 καιρὸς
820 1851 917 1920 τῆς
957 1850 1128 1920 τομῆς
1167 1849 1370 1917 ἔφθακε
1398 1850 1496 1918 τῆς
1531 1850 1667 1902 ἀπο-

133 1939 272 2006 ϐολῆς
303 1939 406 1992 τῶν
447 1940 758 2010 Ἰουδαίων·
803 1941 958 2010 καὶὴ
999 1940 1137 2009 συκῆ
1185 1941 1249 2011 ἢν
1280 1939 1441 2007 κόψαι
1492 1939 1581 1991 διά
1607 1939 1667 1990 τὸ

136 2029 200 2096 μὴ
225 2028 395 2098 φέρειν
449 2030 718 2101 καρπδνὸ
766 2031 1148 2098 οἰκοδεσπότης
1190 2029 1496 2095 ἐκέλευσεν,
1543 2019 1686 2090 τοὺς

130 2119 213 2184 τῆς
236 2119 509 2186 μετανοίας
560 2119 857 2190 ἐξήνθησεν
909 2118 1186 2182 ὀλύνθους,
1234 2120 1374 2189 μετὰ
1402 2121 1502 2190 τὴν
1553 2122 1671 2172 ἐπι-

131 2208 303 2278 δημίαν
336 2209 594 2279 Χριστοῦ,
646 2209 716 2263 τὰ
744 2210 844 2278 τῆς
893 2211 1167 2278 ἰδιωτικῆς
1203 2209 1548 2271 διδασκαλίας
1582 2210 1668 2262 δε-

134 2300 310 2369 ξαμένη
335 2300 564 2371 κόπρια·
610 2304 704 2355 καὶ
734 2305 767 2371 ἡ
805 2300 1047 2370 ἄμπελος
1075 2279 1129 2354 si
1164 2303 1229 2353 ὲκ
1266 2303 1363 2371 τῆς
1408 2301 1667 2371 ἀληθινῆς

132 2389 347 2456 ἀμπέλου
383 2390 859 2459 μεταφυτευθεῖσα
887 2391 952 2443 ὲκ
990 2390 1082 2442 τοῦ
1120 2391 1430 2460 κυπρισμοῦ
1468 2391 1669 2444 ἔδωκεν

135 2477 301 2547 ὁσμὴν,
323 2482 368 2532 οἱ
392 2479 648 2548 λέγοντες
677 2494 692 2508 ⁸
730 2480 842 2535 Τοῦ
875 2480 1131 2550 Χριστοῦ
1157 2480 1567 2549 εὐωδιαέσμὲν
1595 2478 1675 2547 τῷ

135 2569 307 2634 Θεῷὲν
325 2571 444 2637 τοῖς
460 2571 823 2640 σωζομένοις
856 2572 950 2625 καὶ
980 2571 1049 2623 ἐν
1067 2572 1190 2637 τοῖς
1215 2571 1675 2640 ἀπολλυμένοις

1776 1848 2040 1913 familias,
2076 1847 2222 1916 quod
2264 1848 2475 1902 fructus
2521 1865 2628 1903 non
2679 1849 2867 1912 ferret,
2910 1850 3118 1915 succidi
3164 1851 3347 1916 jusseo

1776 1946 1881 2002 rat,
1924 1939 2260 2007 pmnitcntiac
2310 1955 2533 2008 grossos
2590 1940 2821 2009 protulit
2873 1951 2998 2009 post
3050 1940 3344 1995 adventum

1775 2030 2018 2097 Christi,
2085 2033 2309 2100 priVatae
2376 2032 2640 2087 doctrina:
2714 2043 2957 2087 stercora
3011 2036 3341 2102 suscipiens.

1779 2120 1920 2186 Quin
1957 2128 2011 2175 et
2036 2122 2210 2176 vincte
2243 2138 2308 2176 ex
2345 2138 2469 2175 vera
2511 2123 2622 2176 vite
2643 2124 3057 2191 trausplantatze
3086 2122 3345 2178 ﬂorentes

1776 2211 2047 2264 dederunt
2083 2212 2328 2278 odorem,
2359 2214 2607 2267 dicentes
2639 2229 2652 2266 :
2679 2212 2879 2267 Christi
2902 2215 3065 2267 bonus
3091 2212 3224 2267 odor
3253 2230 3346 2266 su-

1773 2315 1889 2353 mus
1916 2299 2020 2353 Deo
2051 2303 2102 2354 in
2126 2302 2189 2356 iis
2223 2303 2312 2372 qui
2344 2303 2632 2372 salvi/iant
2661 2313 2709 2357 et
2750 2306 2803 2357 in
2834 2305 2898 2357 iis
2919 2304 3007 2373 qui
3038 2302 3341 2371 pereunt“.

1778 2390 1912 2445 Nam
1938 2401 1989 2445 et
2023 2393 2123 2461 ipsi
2156 2396 2246 2462 qui
2285 2410 2389 2447 non
2421 2394 2655 2448 credunt
2682 2394 2996 2463 Evangelio,
3030 2408 3341 2449 sermonem

1781 2499 2002 2553 quoque
2055 2485 2460 2552 praedicationis
2527 2486 2864 2539 mirabantur
2913 2494 2968 2540 et
3045 2486 3113 2539 ad
3185 2485 3342 2554 signa

1786 2574 2269 2639 ohstnpescebant.

131 2662 210 2713 καὶ
238 2663 379 2716 αὐτοὶ
408 2665 516 2735 γὰρ
546 2666 599 2718 οἱ
627 2665 982 2728 ἀπιστοῦντες
1010 2664 1085 2734 τῷ
1109 2664 1439 2734 Εὑαγγελίῳ,
1470 2666 1564 2719 καὶ
1593 2666 1689 2718 τὸν
1723 2666 1879 2734 λόγον
1918 2667 2228 2736 ἐθαύμαζον
2258 2666 2350 2719 τοῦ
2392 2666 2767 2737 κηρύγματος,
2807 2668 2900 2720 καὶ
2928 2666 3037 2721 τῶν
3101 2666 3344 2737 σημείων

132 2751 496 2822 ἐξεπλήσσοντο
517 2756 620 2824 τὴν
647 2754 898 2823 δύναμιν.

190 2844 491 2908 Κυρίλλου.
518 2877 591 2887 -
624 2847 694 2898 Ἥ
733 2848 825 2899 καὶ
854 2846 914 2898 τὸ
951 2848 1048 2915 τῆς
1090 2846 1263 2915 τομῆς
1291 2845 1393 2914 ἔφη
1424 2845 1516 2898 τοῦ
1548 2864 1671 2917 νοη-

131 2928 205 2980 τοῦ
230 2931 499 3002 Θερισμοῦ·
536 2936 669 3003 περί
698 2930 758 2989 οὗ
788 2938 815 2988 ὁ
843 2937 1033 3005 Σωτήρ
1060 2953 1224 3004 φησιν
1250 2953 1263 2967 ·
1298 2956 1316 2988 ι
1360 2937 1418 2990 '0
1445 2937 1543 3007 μὲν
1583 2938 1670 2990 θε-

132 3020 297 3089 ρισμὸς
327 3023 506 3087 πολύς.
540 3042 560 3075 ι

197 3110 537 3179 Ὠριγένονς.
565 3142 636 3153 -
672 3114 950 3179 Ἀνάστα,
1000 3117 1182 3185 φησὶν,
1219 3134 1273 3169 κ.
1298 3133 1347 3171 τ.
1379 3116 1427 3169 λ.
1459 3115 1591 3185 (58).

190 3200 427 3268 Ἄλλως.
460 3233 529 3244 -—-
562 3205 685 3259 ,Καὶ
738 3205 992 3274 τρυγόνος
1022 3205 1168 3273 λέγει
1223 3206 1322 3275 τῆς
1364 3207 1673 3276 ἀπορρήτου

129 3290 207 3341 καὶ
232 3293 498 3358 ἀγνώστου
533 3294 729 3362 σοφίας
755 3311 768 3324 ο
808 3296 1107 3365 φιλέρημον
1152 3294 1261 3366 γὰρ
1302 3295 1366 3349 τὸ
1416 3295 1574 3361 ζῶον,
1607 3291 1676 3366 ἧς

133 3380 157 3449 ἡ
191 3370 624 3453 φωνηὰκούεται
671 3388 781 3447 τοῖς
823 3386 902 3438 ἔτι
930 3389 1115 3456 γήϊνον
1150 3386 1309 3456 σῶμα
1356 3387 1674 3456 περικειμέ-

129 3487 221 3533 νοις
243 3489 257 3503 ο
286 3466 453 3544 τομῆς
475 3476 693 3547 καιρὸς,
716 3479 744 3530 ὁ
777 3477 875 3546 τῆς
905 3477 1014 3529 τῶν
1041 3476 1313 3546 περιττῶν
1341 3476 1673 3540 ἀποθέσεως,

131 3553 208 3613 ob:
238 3584 262 3595 ί-
653 3567 678 3578 "
805 3567 859 3596 ‘-
895 3567 920 3576 ”
1188 3567 1200 3583 ’
1437 3556 1464 3583 ’
1567 3570 1585 3582 '

210 3578 260 3626 ο,
303 3565 356 3616 δέ
386 3569 535 3620 ἐστιν
557 3568 589 3619 ὁ
619 3583 715 3635 της
758 3583 923 3619 αυυου
965 3583 1289 3638 παρουσιας,
1326 3569 1382 3619 ὲν
1430 3584 1473 3632 ῳ
1505 3567 1676 3619 δειτά

130 3656 387 3722 σωματικά
425 3657 525 3710 τοῦ
563 3656 730 3726 νόμου
755 3695 769 3717 .
825 3658 917 3711 καὶ
956 3656 1054 3721 τὰς
1087 3660 1147 3710 ἐν
1195 3661 1308 3720 τοῖς
1362 3660 1668 3727 προφήταις

132 3741 380 3812 ἱστορίας,
431 3749 852 3818 περιπεφυκιὴα
904 3752 1015 3812 τοῖς
1070 3752 1461 3819 πνευματικοῖς
1517 3767 1673 3820 περι-

127 3834 387 3901 τέμνεσθαι
431 3840 528 3893 atat
564 3842 748 3909 μεῖναι
776 3839 844 3893 τὰ
882 3841 1165 3911 κρείττονα
1195 3856 1208 3870 ’
1246 3840 1434 3910 καιρὸς
1481 3840 1539 3893 δὲ
1573 3842 1675 3893 πά-

129 3923 196 3976 λιν
234 3929 449 3998 καὶτῆς
501 3931 617 3983 τῶν
657 3932 1066 4002 ἁμαρτημάτων
1108 3933 1348 4001 ὲκκοπῆς
1404 3931 1496 3984 καὶ
1545 3932 1678 3999 ἀφέ⁶

130 4028 245 4076 σεως
282 4017 367 4071 διὰ
416 4019 650 4091 λουτροῦ
701 4021 1122 4089 παλιγγενεσίας
1150 4038 1162 4051 ·
1207 4024 1300 4074 καὶ
1350 4021 1425 4092 μὴ
1461 4021 1675 4091 θαυμά-

130 4118 212 4171 σῃς
254 4108 299 4158 εἰ
346 4108 373 4159 ὁ
408 4110 665 4181 Νυμφίος
700 4111 774 4175 ὡς
823 4116 950 4184 περὶ
990 4114 1175 4183 ἑτέρου
1227 4113 1374 4182 λέγει
1418 4112 1511 4166 τοῦ
1545 4128 1674 4183 τρυ-

128 4194 297 4263 γόνος,
362 4201 634 4274 πολλαχοῦ
701 4204 809 4275 γὰρ
878 4205 1036 4258 τοῦτο
1104 4205 1223 4267 εοος
1288 4205 1388 4274 τῆς
1450 4204 1673 4273 Γραφῆς

129 4298 241 4339 εστι.

186 4377 258 4433 ιδ’.
300 4382 573 4450 Ἀνάστα,
599 4384 761 4452 ἐλθὲ,
791 4385 828 4451 ἡ
857 4388 1124 4454 πλησίον
1159 4404 1296 4455 μου,
1337 4386 1494 4453 καλή
1531 4404 1672 4456 μου,

1850 2844 2059 2911 Cyrilli.
2088 2872 2156 2883 -—
2184 2843 2275 2897 Vel
2319 2845 2480 2897 etiam
2523 2852 2736 2911 tempus
2784 2844 3088 2912 putationis
3133 2854 3342 2913 tempus

1780 2944 1935 2991 vocat
1988 2937 2291 3004 spiritualis
2351 2936 2545 2989 messis
2608 2934 2677 2989 de
2739 2950 2845 3005 qua
2908 2933 3159 2989 Salvator
3222 2933 3391 2992 ait:’

1781 3044 1800 3076 ι
1840 3025 2033 3081 Messis
2055 3026 2270 3093 quidem
2295 3026 2461 3078 multa
2481 3024 2571 3077 ⁸⁰”.
2589 3042 2607 3075 ι
2736 3012 2747 3021 ’

1851 3114 2113 3185 Origenis.
2143 3146 2213 3155 —
2242 3114 2430 3186 Surge,
2501 3117 2701 3184 inquit,
2749 3125 2852 3171 etc.

1850 3205 2021 3257 Aliter
2040 3220 2059 3258 :
2083 3202 2178 3259 Vel
2208 3206 2370 3259 etiam
2406 3207 2636 3259 turturis
2664 3205 2796 3258 dicit
2823 3220 3038 3260 arcanae
3067 3215 3121 3261 et
3148 3206 3347 3276 ignotae

1782 3297 2065 3365 sapientia
2093 3315 2109 3351 :
2141 3311 2332 3349 amans
2358 3297 2500 3349 enim
2532 3294 2851 3351 solitudinis
2889 3298 3089 3351 animal
3123 3307 3207 3353 est
3240 3313 3342 3352 cu-

1776 3386 1869 3456 jus
1911 3401 2009 3440 vox
2044 3388 2262 3440 auditur
2291 3386 2360 3440 ab
2394 3387 2479 3443 his
2518 3387 2609 3455 qui
2646 3387 2825 3442 adhuc
2860 3396 3078 3443 terreno
3112 3405 3345 3460 corpore

1782 3479 2108 3532 vestiuntur.
2187 3477 2491 3533 Putationis
2552 3489 2766 3548 tempus
2818 3488 2901 3534 est
2946 3480 3345 3549 superﬂuarum

1796 3569 2179 3639 depositionis,
2213 3570 2315 3624 hoc
2367 3579 2547 3623 autem
2590 3579 2673 3625 est
2707 3562 3008 3640 praasentiie
3055 3572 3228 3640 ipsius
3282 3575 3336 3627 in

1780 3677 1889 3731 quo
1920 3661 2176 3715 nimirum
2203 3661 2505 3731 corporalia
2542 3662 2694 3730 legis,
2737 3671 2932 3732 etquae
2967 3662 3021 3716 in
3066 3665 3347 3733 prophetis

1780 3754 2025 3809 historiae
2077 3753 2274 3808 adnata
2321 3762 2480 3809 erant
2524 3754 2887 3823 spiritalibus,
2937 3756 3345 3823 pmscindeuda
3417 3745 3420 3749 ’

1781 3855 1930 3912 sunt,
1968 3851 2027 3899 ut
2074 3848 2297 3902 meliora
2351 3853 2623 3899 maneant.
2673 3842 2913 3913 Tempus
2943 3860 3070 3899 vero
3127 3861 3343 3900 rursum

1780 3939 1942 3994 etiam
1999 3938 2297 3993 excisionis
2354 3945 2702 4005 peccatorum
2751 3942 2804 3987 et
2854 3936 3196 3990 remissionis
3253 3951 3344 4006 per

1780 4029 2057 4082 lavacrum
2099 4025 2549 4095 regenerationis.
2585 4024 2773 4093 Neque
2819 4024 3037 4079 mireris
3062 4024 3116 4079 si
3165 4027 3340 4095 Spon-

1781 4134 1874 4173 sus
1907 4118 2063 4189 quasi
2094 4119 2160 4172 de
2184 4118 2291 4171 alio
2318 4116 2466 4170 dicat
2497 4124 2711 4171 turture
2738 4156 2754 4183 ,
2793 4116 3050 4187 frequens
3114 4118 3257 4178 enim
3299 4119 3344 4173 is

1783 4211 2079 4278 Scriptura:
2099 4216 2181 4263 est
2206 4223 2360 4263 usus.
2942 4214 2974 4253 ι

1853 4385 2018 4441 Vens.
2062 4384 2148 4439 14.
2188 4382 2375 4454 Surge,
2426 4384 2558 4437 remi
2611 4385 2856 4453 proxima
2904 4400 3042 4447 mea,
3107 4384 3343 4453 formosa

130 4472 413 4562 περιστερά
452 4491 574 4542 μου
596 4489 611 4504 ο
659 4476 757 4529 καὶ
796 4476 937 4530 ἐλθὲ
987 4477 1070 4530 σὺ
1109 4478 1427 4547 περιστερά
1455 4496 1572 4546 μου
1605 4479 1673 4535 ἐν

1785 4500 1916 4545 mea,
1950 4480 2188 4535 columba
2216 4496 2350 4542 mea,
2376 4489 2424 4531 et
2466 4495 2578 4533 rem
2610 4491 2664 4532 tu
2696 4479 2938 4533 columba
2966 4495 3078 4532 mea
3107 4480 3160 4532 in
3196 4490 3344 4549 tegu-

128 4554 299 4624 σκέπῃ
348 4559 455 4628 τῆς
501 4561 726 4630 πέτρας
780 4564 1037 4633 ἐχόμενα
1074 4565 1180 4619 τοῦ
1223 4567 1676 4634 προτειχείσμα-

98 4666 99 4669 η
130 4647 214 4709 τός
239 4662 251 4675 ο
277 4648 471 4713 δεῖξον
493 4671 602 4722 μοι
631 4654 745 4722 τὴν
766 4655 909 4722 ὄψιν
934 4671 1075 4718 σου,
1099 4656 1199 4709 καί
1232 4656 1560 4710 ἀκούτισόν
1601 4673 1676 4725 με

130 4739 226 4801 τὴν
252 4742 451 4808 φωνήν
492 4762 614 4799 σου
640 4761 653 4775 ·
692 4749 779 4800 ὄτι
808 4748 846 4815 ἡ
896 4746 1064 4817 φωνή
1113 4762 1231 4802 σου
1258 4748 1446 4815 ἡδεῖα,
1477 4748 1575 4802 καί
1635 4748 1670 4814 ἡ

131 4820 248 4891 ὄψις
270 4845 379 4882 σου
415 4833 625 4900 ὡραία.

186 4919 493 4986 Ruptum).
519 4953 593 4964 —
627 4923 694 4977 Ἦ
736 4922 909 4996 πέτρα
949 4926 1097 4978 ἐστὶν
1129 4928 1157 4978 6
1204 4925 1436 4997 Χριστός
1468 4942 1481 4956 ’
1515 4925 1677 4988 αὐτὸς

132 5006 220 5077 γὰρ
263 5013 387 5081 ἡμῖν
430 5018 612 5086 τεῖχος
654 5016 861 5085 γίνεται
911 5021 1022 5081 τοῖς
1067 5020 1301 5093 πιστοῖς.
1327 5018 1419 5070 καὶ
1473 5016 1674 5087 σκέπη,

133 5098 209 5149 καὶ
230 5104 370 5158 πᾶσα
407 5106 682 5176 ἀσφάλεια
723 5105 833 5161 διάη
861 5107 955 5161 τοῦ
997 5108 1452 5179 προτειχίσματος
1488 5106 1680 5176 δηλου-

138 5188 249 5258 μένη
275 5209 289 5223 ⁸
342 5194 465 5251 ἔνθα
511 5197 804 5269 γενομένη,
850 5199 1007 5268 φησι,
1042 5198 1209 5270 τεύξῃ
1252 5198 1429 5270 πάσης
1465 5199 1679 5251 ὲπικουυ

138 5279 253 5350 ριας.

193 5425 232 5459 δ’
258 5426 439 5484 Matth.
463 5446 540 5497 ιι,
572 5430 665 5485 28.
743 5431 792 5463 “
831 5431 874 5485 11
911 5431 1037 5488 Cor.
1069 5448 1126 5494 ιι,
1165 5431 1243 5485 15.

1348 5431 1424 5463 ⁸ο*
1460 5430 1593 5487 ch,
1625 5444 1676 5492 κ,
1710 5429 1764 5482 Ξ.

1783 4585 1956 4627 mento
1985 4581 2145 4641 petra:
2168 4570 2329 4639 juxta
2358 4569 2659 4637 promurale
2686 4583 2702 4620 :
2740 4568 2951 4623 ostende
2994 4568 3121 4623 mihi
3153 4568 3343 4637 faciem

1782 4671 1950 4723 tuam,
1983 4671 2030 4713 et
2063 4662 2302 4713 auditam
2353 4658 2439 4726 fac
2469 4657 2594 4709 mihi
2637 4673 2807 4710 vocem
2858 4667 2999 4709 luant
3030 4673 3046 4709 :
3092 4656 3216 4727 quia
3248 4672 3342 4710 rex

1782 4762 1872 4804 tua
1910 4752 2107 4814 suavis,
2144 4760 2191 4804 et
2220 4750 2382 4818 facies
2415 4759 2505 4800 tua
2533 4750 2740 4801 decora.

1851 4927 2060 4998 Cyrilli.
2095 4956 2162 4965 --
2192 4925 2349 4979 Petra
2394 4933 2477 4979 est
2508 4924 2784 4978 Christus.
2819 4923 2941 4993 Ipse
2973 4924 3132 4979 nobis
3169 4922 3344 4978 ﬁdeli-

1784 5022 1886 5076 bus
1916 5020 2079 5074 etiam
2116 5033 2303 5071 murus
2337 5017 2413 5077 ﬁt,
2446 5023 2500 5068 et
2541 5024 2930 5081 tegumentum,
2974 5025 3026 5069 et
3057 5015 3343 5077 securitas,

1783 5129 1878 5185 per
1908 5111 2377 5185 pmpugnacnlum
2432 5108 2739 5177 designata,
2790 5107 2877 5162 ubi
2909 5107 3204 5172 cxsistens,
3260 5104 3345 5157 iu-

1785 5207 1924 5276 qnit,
1958 5218 2118 5258 omne
2150 5202 2419 5256 auxilium
2448 5200 2827 5271 consequeris.

1612 5547 1837 5605 NOTAE.

194 5605 292 5679 {58)
319 5618 522 5675 Patral.
551 5630 592 5675 t.
625 5620 789 5683 XVII,
827 5622 930 5674 col.
966 5620 1089 5675 2‘31.
