3970 6296
469 299 608 365 1607
1779 295 2126 357 PROCOPII
2166 295 2408 358 GAZIEI
3573 288 3715 356 1608

533 411 875 482 Apollinarii.
913 439 985 452 --
1010 410 1102 467 Vel
1133 410 1296 465 etiam
1333 424 1550 464 murum
1570 416 1730 464 vocat
1763 409 2035 462 hominem

2228 405 2746 472 Ἀπολιναρίου.---
2781 404 2850 455 Ἢ
2881 401 2974 456 καὶ
3007 401 3286 472 τείχισμα,
3319 401 3410 457 τὸν
3439 402 3592 464 ἐντὸς
3619 404 3720 456 ἁνι-

465 501 806 563 interiorem,
867 498 1204 552 antemurale
1268 511 1400 550 vero
1453 497 1824 561 exteriorem,
1885 495 2032 565 quod

2144 497 2358 568 θρωπον
2384 513 2396 525 ·
2431 493 2796 565 προτείχισμα
2847 492 2904 546 δὲ
2962 493 3054 545 τὸν
3081 491 3257 557 ὲκτδς,
3300 492 3441 562 ὅπερ
3481 491 3718 556 Ἀκύλας

373 658 379 663 _
463 593 658 661 Aquila
712 591 767 642 in
817 591 1030 644 arcanis
1055 589 1247 656 edidit,
1283 589 1338 642 in
1372 602 1482 657 quo
1510 595 1564 642 ct
1611 587 1885 643 orationes
1920 585 2035 640 ﬁeri

2144 589 2199 638 ὲν
2224 584 2566 656 ἀποκρύφοις
2597 583 2892 637 ἐκδέδωκεν
2918 601 2930 614 ·
2966 585 3022 636 ὲν
3060 575 3104 649 ᾧ
3130 583 3223 635 καὶ
3247 581 3345 646 τὰς
3373 581 3540 652 εὐχὰς
3570 583 3724 654 ἐνερ-

464 679 617 749 jubet
643 677 920 734 Christus.

537 792 796 862 Gregorii.
828 822 896 832 —
945 789 1138 845 Nullus
1165 805 1342 858 neque
1376 766 1504 842 talis
1528 787 1907 846 surrectionis,
1941 801 2036 840 ne-

465 899 572 953 que
602 883 726 936 talis
747 897 942 936 cursus
965 881 1089 934 linis
1117 881 1222 934 erit
1247 895 1262 943 ;
1291 893 1506 947 semper
1531 877 1676 930 enim
1701 877 2034 947 surgendum

463 986 520 1028 et
551 974 619 1028 ad
663 973 836 1039 Deum
887 971 1274 1026 accedentibus
1326 983 1606 1036 nunquam
1653 969 1975 1021 cessandum
2019 984 2033 1020 :

460 1065 900 1134 quotiescunque
947 1063 1116 1132 igitur
1171 1060 1308 1115 dicit
1352 1077 1366 1114 :
1421 1057 1591 1126 Surge
1628 1067 1676 1110 et
1705 1057 1840 1121 veni,
1875 1057 2035 1111 t0ties

463 1153 532 1208 ad
582 1154 635 1208 id
679 1154 823 1222 quod
855 1162 940 1207 cst
970 1152 1167 1206 melius
1196 1149 1533 1206 ascendendi
1593 1146 1931 1212 facultatem,
1975 1159 2030 1200 ut

461 1261 528 1299 ex
553 1243 782 1313 pulchra
815 1243 905 1297 fiat
936 1242 1242 1311 pulchrior;
1281 1251 1335 1296 et
1360 1241 1515 1309 juxta
1543 1239 1887 1308 Apostolum,
1915 1238 2036 1306 ejus

463 1335 756 1404 imaginem
791 1351 823 1389 a
864 1335 1036 1404 gloria
1080 1331 1506 1388 transformetur
1555 1332 1611 1384 in
1655 1330 1908 1401 gloriam.
1943 1328 2036 1384 Sic

459 1440 592 1495 ergo
620 1439 743 1478 cum
775 1431 922 1478 esset
957 1423 1208 1480 columba
1243 1423 1312 1478 iis
1343 1437 1464 1494 quae
1495 1422 1649 1490 prius
1677 1427 1825 1474 recte
1853 1433 2035 1490 gesse-

461 1526 568 1578 rat,
600 1516 958 1569 nihilominus
986 1529 1106 1569 eam
1135 1529 1328 1569 rursus
1366 1513 1519 1582 jubet
1549 1511 1666 1567 fieri
1699 1510 2030 1575 columbam,

462 1621 560 1676 per
591 1607 1131 1661 transformationem
1169 1606 1224 1658 in
1266 1605 1316 1658 id
1349 1603 1498 1673 quod
1542 1611 1625 1658 est
1674 1603 1871 1657 melius
1905 1621 1918 1656 :
1957 1601 2035 1655 ait

459 1697 607 1750 enim
641 1715 654 1750 :
699 1695 854 1762 Veni,
888 1704 944 1749 tu
994 1696 1111 1766 ipsa
1149 1695 1401 1750 columba
1432 1709 1573 1758 mea,
1607 1708 1718 1748 non
1753 1692 1866 1762 jam
1917 1706 2034 1745 am-

2138 675 2351 744 γεῖσθαι
2383 675 2598 728 κελεύει
2623 674 2880 745 Χριστός.

2209 786 2560 854 Γρηγορίου.
2603 815 2676 825 -
2705 784 2842 838 Οὖτε
2890 785 2989 856 τῆς
3039 787 3298 854 τοιαύτης
3347 785 3724 848 ἀναστάσεως.

2135 881 2258 934 οὔτε
2287 881 2382 934 τοῦ
2424 882 2669 934 τοιούτου
2711 880 2914 951 δρόμου
2940 881 3112 950 πέρας
3150 881 3296 933 ἐστίν
3327 895 3341 909 ⁸
3387 879 3478 934 ἀεί
3522 896 3581 932 τε
3610 879 3724 948 γὰρ

2137 971 2458 1025 ἀνίστασθαι
2495 973 2624 1042 χρὴ,
2651 972 2747 1024 καὶ
2811 971 3081 1043 μηδέποτε
3135 970 3216 1041 τῷ
3260 969 3380 1042 Θεῷ
3429 970 3726 1038 προσεγγί-

2139 1060 2328 1122 ζοντας
2370 1059 2663 1114 παύεσθαι.
2710 1061 2934 1124 Ὁσάκις
2973 1055 3066 1114 οὖν
3096 1059 3245 1129 λέγει
3281 1059 3365 1114 τό·
3398 1059 3726 1126 Ἀνάστηθι

2139 1151 2236 1203 καὶ
2267 1150 2430 1217 ἐλθὲ,
2463 1152 2793 1214 τοσαυτάκις
2818 1154 2920 1222 τῆς
2951 1151 3088 1222 πρὸς
3111 1151 3170 1205 τὸ
3196 1153 3450 1222 κρεῖττον
3479 1151 3723 1206 ἀναστά-

2139 1257 2276 1304 σεως
2309 1241 2408 1311 τὴν
2447 1241 2676 1312 δύναμιν
2731 1241 2976 1297 δίδωσιν·
3023 1241 3100 1306 ὡς
3145 1243 3212 1296 ex
3266 1242 3436 1312 καλῆς
3463 1240 3724 1311 γενέσθαι

2138 1331 2326 1401 καλὴν,
2376 1333 2471 1386 καὶ
2519 1335 2662 1387 κατὰ
2698 1333 2791 1386 τὸν
2831 1333 3154 1388 Ἀπόστολον
3177 1334 3276 1405 τὴν
3321 1335 3492 1402 αὐτὴν
3533 1335 3724 1388 είκόνα

2139 1422 2246 1476 ἀπὸ
2271 1422 2430 1494 δόξης
2473 1425 2554 1486 είς
2603 1423 2762 1490 δόξαν
2789 1424 3268 1494 μεταμορφοῦσθαι
3293 1441 3307 1454 ⁶
3351 1424 3497 1478 οὕτω
3541 1425 3723 1478 τοίνυν

2135 1516 2471 1586 περιστερὰν
2497 1512 2663 1570 οὖσαν
2695 1517 2754 1570 ὲν
2787 1518 2900 1580 τοῖς
2947 1516 3512 1588 προκατορθωμένοις,
3564 1516 3725 1568 οὐδὲν

2138 1604 2302 1679 ἦττον
2355 1607 2680 1679 περιστερὰν
2740 1609 2907 1678 αὐτὴν
2960 1609 3122 1663 πάλιν
3175 1609 3266 1663 διὰ
3322 1606 3424 1677 τῆς
3477 1608 3618 1675 πρὸς
3656 1607 3724 1660 τὸ

2139 1702 2389 1770 κρεῖττον
2465 1699 2944 1770 μεταμορφώσεως
2997 1699 3252 1768 γενέσθαι
3296 1697 3674 1752 διακελεύεται
3700 1713 3715 1728 ·

463 1788 606 1858 plius
650 1789 716 1842 ad
768 1789 1100 1842 trahentium
1155 1787 1400 1842 studium
1442 1785 1728 1850 intuendo,
1763 1784 1857 1841 sed
1901 1799 2030 1852 pro-

2144 1767 2284 1858 λέγει
2329 1767 2477 1860 γὰρ..
2513 1767 2912 1860 δεῦρο-σεαυτῇ
2961 1767 3260 1861 περιστερά
3303 1805 3426 1859 μου,
3465 1787 3724 1841 τοῦτέστι

462 1878 638 1947 prium
673 1878 1002 1933 desiderium
1045 1878 1112 1933 ad
1151 1877 1205 1932 id
1256 1877 1402 1946 quod
1439 1877 1636 1932 melius
1691 1885 1774 1932 est
1835 1875 2029 1930 ducem

461 1967 734 2024 habendo.
759 1967 893 2022 Veni
925 1968 1092 2033 enim,
1126 1968 1326 2037 inquit,
1363 1981 1460 2036 per
1507 1967 1858 2036 temetipsum
1901 1979 2030 2034 pro-

403 2091 414 2099 -
460 2061 598 2129 priis
637 2060 1067 2129 cogitationibus
1097 2059 1431 2114 confirmans
1479 2057 1834 2126 cupiditatem
1877 2055 1946 2109 ad
1977 2054 2030 2108 id

459 2150 605 2222 quod
651 2159 736 2205 cst
779 2151 1090 2214 honestum,
1124 2165 1234 2204 non
1263 2149 1499 2204 ducente
1537 2148 1888 2202 necessitate.
1927 2145 2034 2199 Do-

463 2243 618 2296 mino
670 2243 815 2295 enim
849 2245 999 2295 caret
1034 2241 1211 2294 virtus
1240 2249 1296 2294 et
1345 2249 1430 2294 est
1465 2237 1770 2293 voluntaria
1804 2276 1818 2300 ,
1865 2245 1919 2290 et
1965 2235 2034 2289 ab

463 2334 612 2387 omni
644 2332 974 2387 necessitate
1007 2331 1180 2386 libera
1211 2351 1224 2386 :
1259 2333 1363 2386 etsi
1399 2332 1453 2386 in
1497 2331 1616 2401 lege
1644 2327 1796 2384 fuisti
1822 2327 2034 2383 exerci-

463 2433 600 2492 tata,
625 2439 659 2477 o
690 2425 892 2489 anima,
927 2433 980 2478 et
1025 2438 1125 2493 per
1161 2421 1431 2478 fenestras
1450 2421 1810 2492 prOpbeticas
1847 2418 2032 2486 splen-

465 2515 629 2570 dores
662 2515 948 2582 aspexisti,
1001 2529 1071 2569 ne
1120 2529 1341 2570 maneas
1395 2513 1630 2584 amplius
1684 2512 1787 2566 sub
1839 2509 2033 2564 umbra

465 2605 606 2659 muri
645 2605 853 2674 legalis,
887 2605 981 2660 sed
1031 2603 1098 2658 ad
1134 2613 1366 2675 petram,
1421 2604 1473 2658 id
1521 2611 1605 2658 est
1656 2600 2032 2672 Evangelium,

464 2695 534 2748 ab
571 2693 675 2748 hoc
709 2692 906 2748 transi.
941 2691 1102 2748 Petra
1135 2693 1284 2748 enim
1323 2690 1629 2762 propinqua
1663 2699 1748 2746 est
1782 2697 2034 2742 antemu-

464 2786 589 2850 rali,
622 2785 1061 2855 quandoquidem
1094 2785 1179 2840 lex
1212 2783 1315 2838 fuit
1341 2782 1684 2838 antemurale
1716 2781 1839 2834 ﬁdei
1872 2793 2035 2834 evan-

464 2878 650 2942 gelicm
685 2883 739 2930 et
771 2875 878 2930 sibi
914 2875 1060 2930 inter
1099 2889 1159 2930 se
1202 2873 1482 2928 cohaerent
1539 2872 1791 2940 dogmata
1822 2877 1882 2923 ut
1913 2881 2038 2938 quae

462 2969 665 3020 virtute
699 2973 831 3021 sunt
880 2967 1238 3036 propinqua:
1290 2965 1392 3018 nisi
1441 2963 1587 3032 quod
1628 2968 1778 3030 petra
1813 2959 2034 3029 quidem

463 3066 550 3114 est
603 3057 890 3128 spiritalis,
939 3070 1131 3110 murus
1164 3063 1348 3108 autem
1389 3061 1476 3108 est
1529 3060 1830 3106 terrenus:
1881 3057 2036 3118 petra

2145 1881 2342 1951 μηκέτι
2369 1878 2506 1950 πρὸς
2528 1879 2625 1949 τὴν
2649 1879 2757 1933 τῶν
2794 1879 3182 1949 ἐφελκομένων
3211 1877 3426 1948 βλέπειν
3457 1875 3721 1945 σπουδὴν,

2139 1971 2254 2024 ἀλλ’
2290 1971 2484 2040 ὁδηγὸν
2535 1972 2671 2040 πρὸς
2707 1970 2768 2023 τὸ
2817 1971 3064 2040 κρεῖττον
3110 1969 3210 2038 τὴν
3255 1968 3387 2022 ίδίαν
3419 1966 3722 2037 ἐπιθυμίαν

2139 2063 2281 2131 ἔχειν
2306 2076 2322 2094 ο
2350 2059 2510 2130 δεῦρο
2537 2060 2666 2132 γὰρ,
2699 2059 2852 2132 φησὶ,
2885 2061 3083 2130 σεαυτῇ
3118 2059 3231 2120 τοῖς
3269 2056 3416 2120 ίδίοις
3443 2057 3725 2127 λογισμοῖς

2138 2151 2236 2220 τὴν
2283 2150 2419 2220 πρὸς
2475 2150 2539 2202 τὸ
2589 2149 2750 2202 καλὸν
2811 2148 3120 2218 προθυμίαν
3169 2146 3560 2218 ὲπιρῥώσασαι
3615 2147 3724 2200 οὐκ

2141 2241 2388 2311 ἀνάγκης
2434 2240 2902 2313 ,καθηγουμένηςο
2953 2239 3250 2295 ἀδέσποτον
3296 2238 3406 2310 γὰρ
3467 2239 3502 2308 ἠ
3545 2239 3722 2310 ἀρετὴ

2141 2333 2232 2386 καὶ
2260 2331 2525 2396 ἑκούσιον,
2557 2332 2650 2386 καὶ
2685 2332 2928 2401 ἀνάγκης
2971 2331 3152 2402 πάσης
3181 2329 3462 2402 ἐλεύθερον
3482 2346 3498 2361 ο
3539 2331 3631 2384 καὶ
3671 2333 3723 2384 εἰ

2143 2421 2512 2491 ὲγυμνάσθης,
2547 2416 2592 2474 ὦ
2621 2421 2792 2492 ψυχὴ,
2822 2421 2900 2492 τῷ
2923 2422 3091 2494 νόμῳ,
3117 2421 3166 2474 εί
3202 2420 3300 2484 τὰς
3318 2420 3407 2474 διὰ
3439 2419 3548 2474 τῶν
3581 2437 3723 2490 προ-

2143 2509 2386 2590 φητικῶν
2411 2509 2642 2580 θυρίδων
2667 2511 2839 2580 αὐγὰς
2867 2513 2932 2582 τῇ
2957 2510 3166 2582 διανοίᾳ
3194 2509 3470 2575 τεθέασαι,
3515 2511 3723 2579 μηκέτι

2141 2599 2246 2650 ὑπὸ
2283 2599 2380 2668 τὴν
2401 2599 2496 2652 τοῦ
2524 2599 2747 2670 νομικοῦ
2781 2600 2964 2671 τοίχου
3007 2599 3166 2654 σκιὰν
3198 2601 3328 2672 μένε
3353 2616 3368 2631 ⁶
3399 2600 3494 2654 ἐπὶ
3533 2601 3590 2654 δὲ
3614 2601 3723 2670 τὴν

2143 2692 2372 2762 πέτραν,
2427 2691 2553 2762 ἥτις
2595 2693 2715 2746 ἐστὶ
2759 2693 2820 2744 τὸ
2852 2693 3206 2760 Εὑαγγέλιον.
3245 2692 3355 2746 ἀπὸ
3395 2693 3584 2746 τούτου
3615 2709 3722 2762 με·

2142 2781 2372 2852 τάδηθι·
2421 2781 2604 2854 ἔχεται
2647 2782 2756 2855 γὰρ
2797 2785 2830 2851 ή
2867 2783 3042 2856 πέτρα
3082 2783 3177 2838 τοῦ
3217 2783 3679 2855 προτειχίσματος
3705 2797 3722 2814 ·

2145 2867 2330 2940 ἐπειδὴ
2379 2870 2478 2941 τῆς
2523 2871 2887 2942 εὐαγγελικῆς
2939 2871 3174 2936 πίστεως
3217 2876 3246 2927 6
3281 2873 3444 2943 νόμος
3496 2872 3729 2944 προτεί-

2145 2975 2318 3029 χισμα
2345 2961 2555 3030 γέγονε,
2578 2962 2672 3016 καὶ
2707 2962 2888 3034 ἔχεται
2928 2963 3176 3036 ἀλλήλων
3201 2965 3270 3018 τὰ
3302 2965 3546 3035 δόγματα
3571 2981 3728 3032 γειτ-

2143 3049 2343 3102 νιῶντα
2373 3051 2516 3104 κατὰ
2540 3051 2638 3122 τὴν
2665 3051 2895 3124 δύναμιν
2920 3069 2937 3086 ο
2972 3053 3111 3126 πλὴν
3135 3055 3217 3108 δτι
3251 3055 3592 3125 πνευματικὴ
3615 3055 3728 3123 μὲν

463 3156 646 3202 autem
689 3145 1004 3217 evangelica
1048 3159 1158 3200 non
1201 3142 1366 3198 habet
1416 3141 1642 3196 carnale
1692 3141 1864 3194 lutum
1906 3154 2034 3195 sen-

2145 3141 2178 3211 ἡ
2209 3140 2405 3212 πέτρα.
2441 3112 2622 3213 χοῖκδς⁹
2649 3143 2706 3196 δὲ
2737 3145 2765 3196 6
2795 3112 3037 3214 τεῖχοςῷ
3067 3112 3491 3214 συμπέπλασται
3519 3112 3726 3199 tet-rw-

464 3237 782 3302 tentiarum,
811 3244 866 3292 et
909 3236 1068 3305 juxta
1095 3235 1404 3305 apostolum
1436 3233 1520 3288 lex
1572 3240 1659 3287 est
1705 3230 2034 3301 spiritualis,

467 3341 597 3381 nam
629 3329 722 3396 qui
753 3327 834 3382 sic
859 3325 1033 3396 legem
1059 3325 1294 3392 excepit,
1315 3323 1667 3392 spiritualiter
1699 3321 1804 3376 sub
1825 3331 2035 3391 tegmen

467 3425 638 3486 petras
725 3415 1066 3487 Evangelicze
1129 3413 1389 3483 recipitur
1444 3426 1566 3482 quae
1647 3419 1732 3467 est
1791 3411 2036 3480 proxima

463 3509 740 3576 corporali
773 3505 1206 3576 propugnaculo.
1234 3502 1371 3558 Cum
1403 3501 1640 3558 Verbum
1670 3501 1750 3556 sic
1776 3501 1826 3556 ei
1854 3501 2035 3555 accla-

469 3605 675 3653 masset
704 3612 800 3668 per
827 3595 1100 3652 fenestras
1131 3593 1426 3666 respondet
1448 3593 1700 3649 columba
1744 3593 2038 3663 splendore

468 3687 952 3758 intelligentiarum
995 3687 1320 3752 illuminata,
1368 3693 1422 3740 et
1450 3693 1660 3755 petram
1704 3685 2036 3754 intelligens,

467 3794 591 3850 qu=e
614 3787 696 3834 est
724 3777 1004 3839 Christus,
1033 3779 1108 3830 alt
1139 3796 1152 3832 :
1194 3776 1424 3833 Ostende
1451 3777 1580 3830 mihi
1637 3775 1830 3846 faciem
1869 3783 2036 3841 tuam,

468 3883 582 3924 non
609 3869 846 3938 amplius
877 3883 972 3938 per
1021 3871 1242 3938 antiqua
1289 3867 1581 3939 aenigmata
1619 3867 1879 3936 loquens;
1940 3865 2037 3920 sed

468 3971 530 4015 ut
561 3975 784 4032 possum
820 3961 1029 4028 videre,
1067 3961 1140 4015 ita
1191 3960 1421 4030 teipsum
1459 3958 1590 4014 mihi
1635 3966 1821 4028 aperte
1855 3965 2037 4012 osten-

465 4053 556 4116 de.
613 4063 674 4108 ut
715 4053 820 4110 sim
865 4053 1008 4108 intra
1043 4061 1096 4108 te
1128 4061 1339 4122 petram
1392 4049 1797 4120 Evangelicam,
1847 4047 2038 4102 relicto

468 4145 606 4216 legis
639 4148 997 4212 antemurali;
1048 4147 1095 4200 si
1135 4145 1282 4199 enim
1324 4157 1428 4197 vox
1451 4156 1575 4210 quae
1615 4141 1887 4196 emittitur
1941 4151 2038 4208 per

468 4237 734 4293 fenestras
763 4244 848 4291 est
869 4237 1004 4290 adeo
1032 4232 1282 4287 amabilis
1312 4270 1328 4296 ,
1370 4240 1578 4299 quanto
1614 4230 1788 4299 magis
1815 4242 1878 4284 ea
1911 4241 2032 4298 qua:

470 4327 527 4379 lit
563 4327 698 4380 facie
727 4325 794 4379 ad
823 4323 1050 4380 faciem?

2147 3232 2376 3300 ματικὺν
2417 3235 2512 3287 καὶ
2560 3232 2761 3302 γεῶδες
2787 3250 2802 3265 ο
2857 3237 2892 3304 ἡ
2941 3233 2998 3288 δὲ
3039 3235 3371 3307 εὖαγγελικὴ
3413 3235 3606 3308 πέτρα,
3661 3237 3730 3289 τὸ

2143 3322 2422 3393 σαρκῶδες
2453 3324 2561 3378 τῶν
2591 3327 2879 3396 νοημάτων
2913 3327 3087 3397 πηλὸν
3113 3329 3215 3383 οὐκ
3242 3327 3358 3400 ἔχει
3385 3343 3402 3359 ο
3455 3331 3548 3382 καὶ⁸
3575 3329 3729 3382 κατᾶ

2140 3414 2234 3467 τὸν
2269 3402 2565 3469 ἀπόστολον
2593 3416 2830 3482 Παῦλον,
2879 3420 2909 3473 6
2937 3420 3100 3490 νόμος
3141 3419 3506 3491 πνευματικός
3531 3422 3686 3474 ἔστιν
3712 3439 3725 3451 ο

2141 3505 2171 3557 6
2208 3503 2318 3576 γὰρ
2341 3504 2513 3569 οὕτως
2559 3507 2920 3578 ἐκλαμϐάνων
2965 3511 3058 3563 τὸν
3102 3511 3264 3581 νόμον
3311 3510 3728 3582 πνευματικῶς.

2146 3591 2252 3644 ὑπὸ
2278 3592 2379 3662 τὴν
2434 3593 2645 3664 σκέπην
2700 3597 2799 3668 τῆς
2831 3597 3197 3668 εὐαγγελικῆς
3223 3599 3436 3668 γίνεται
3489 3601 3726 3670 πέτρας.

2145 3683 2245 3752 τὴν
2270 3684 2536 3755 ἐχομένην
2567 3684 2662 3738 τοῦ
2691 3675 3010 3757 σοῗματικοῦ
3047 3690 3530 3762 προτειχίσματος.
3571 3691 3729 3744 Ταῦ-

2145 3791 2214 3828 τα
2248 3774 2336 3827 διὰ
2359 3773 2466 3828 τῶν
2491 3774 2727 3847 θυρίδων
2751 3779 2843 3832 τοῦ
2872 3779 3032 3849 λόγου
3065 3781 3457 3853 ἐμϐοήσαντος,
3489 3783 3732 3852 ἀποκρί-

2147 3881 2295 3918 νεται
2343 3868 2376 3936 ὴ
2433 3867 2734 3938 περιστερὰ
2789 3870 3300 3942 ηπεριλαμφθεῖσα
3337 3871 3426 3926 διὰ
3477 3872 3579 3944 τῆς
3606 3873 3729 3928 τῶν

2146 3955 2432 4026 νοημάτων
2462 3957 2658 4027 αὐγῆς,
2691 3959 2784 4012 καὶ
2809 3959 2909 4031 τὴν
2935 3961 3143 4032 πέτραν
3175 3965 3416 4030 νοήσασα
3455 3964 3547 4019 τὸν
3578 3965 3726 4035 Χρι-

2148 4047 2292 4110 στὸν,
2325 4047 2420 4101 καί
2446 4064 2613 4116 φησι·
2643 4049 2852 4113 Δεῖξόν
2882 4067 2984 4120 μοι
3009 4053 3122 4119 τὴν
3152 4053 3298 4122 ὄψιν
3321 4069 3437 4108 σου
3461 4071 3478 4086 ο
3520 4057 3725 4126 μηκέτι

2145 4139 2234 4192 διὰ
2275 4137 2383 4192 τῶν
2431 4138 2678 4192 παλαιῶν
2719 4143 3054 4213 αἰνιγμάτων
3093 4143 3500 4216 διαλεγόμενος·
3552 4145 3622 4207 ὡς
3656 4147 3724 4198 δὲ

2149 4227 2281 4280 ἰδεῖν
2312 4227 2571 4298 δύναμαι,
2613 4229 2784 4297 δεῖξόν
2834 4248 2923 4302 μοι
2979 4233 3177 4287 σαυτὸν
3222 4235 3480 4305 ἐμφανῶς
3525 4235 3599 4300 ὡς
3647 4236 3720 4292 ἂν

2149 4319 2298 4381 ἐντός
2326 4337 2422 4372 σου
2454 4320 2698 4392 γένωμαι
2729 4323 2830 4394 τῆς
2867 4325 3228 4397 εὐαγγελικῆς
3267 4327 3494 4395 πέτρας,
3538 4344 3720 4383 κατα-

466 4419 702 4474 λιποῦσα
731 4419 796 4472 τὸ
815 4419 910 4472 τοῦ
936 4419 1104 4490 νόμου
1132 4415 1498 4488 προτείχισμα
1523 4430 1537 4444 ·
1564 4413 1612 4466 εί
1641 4414 1748 4482 γὰρ
1775 4411 1920 4484 ἡιδιὰ
1941 4411 2049 4466 τῶν
2089 4412 2317 4484 θυρίδων
2347 4414 2499 4486 φωνὴ
2524 4413 2695 4479 οὕτως
2724 4418 2873 4471 ἐστὶν
2904 4420 3161 4489 ὲρασμία,
3237 4419 3410 4486 πὸσφ’
3445 4419 3643 4492 μᾶλλον
3680 4424 3719 4494 ἡ

467 4511 608 4563 κατὰ
637 4510 924 4581 πρόσωπον
948 4525 964 4574 ;

2951 4540 2960 4548 ο

443 4677 446 4681 ,
543 4623 780 4684 Nili.—
809 4627 866 4681 In
899 4627 1333 4698 praecedentibus
1383 4632 1555 4700 ipsam
1605 4631 1851 4687 excitans
1906 4631 2035 4686 licet

2210 4631 2450 4684 Νείλου.
2484 4661 2551 4670 -
2593 4629 2682 4681 Ἐν
2722 4631 2836 4693 τοῖς
2882 4630 2989 4700 πρὸ
3029 4631 3232 4685 τούτων
3278 4633 3587 4704 ἀναστήσας
3609 4635 3722 4687 αὑ-

470 4733 582 4772 non
610 4718 998 4788 signiﬁcaverit
1046 4719 1249 4787 locum,
1308 4719 1375 4774 ad
1430 4737 1588 4792 quem
1651 4723 1823 4792 ipsam
1853 4724 2039 4777 venire

465 4810 636 4882 juzsit
670 4825 684 4862 :
723 4824 870 4864 nunc
912 4824 1126 4864 rursum
1179 4821 1335 4866 vocat
1391 4813 1564 4884 ipsam
1615 4814 1802 4878 etiam,
1861 4815 2038 4870 locum

470 4899 808 4956 declarans:
873 4915 996 4954 cum
1063 4902 1209 4955 enim
1279 4912 1498 4974 rogaret
1558 4903 1889 4973 Sponsum:
1944 4903 2045 4957 Ubi

469 4992 665 5060 pestis,
690 4990 780 5045 ubi
819 4991 1027 5048 cubas?
1058 5003 1188 5048 tunc
1216 5008 1322 5048 non
1366 4995 1649 5064 respondit
1688 5012 1700 5044 :
1759 5008 1908 5048 nunc
1939 5008 2040 5047 no-

472 5094 590 5136 tum
632 5083 748 5154 ipsa
779 5081 910 5137 facit
943 5083 1118 5138 locum
1163 5100 1397 5155 pascua‘,
1447 5101 1516 5140 ne
1542 5085 1706 5155 .quod
1758 5087 1874 5154 ipsa
1905 5085 2044 5140 dixit

476 5173 631 5229 fieret
683 5174 839 5244 quasi
903 5174 1242 5230 circumdata
1300 5176 1352 5228 in
1405 5177 1664 5246 gregibus
1717 5175 2040 5231 sodalium:

482 5263 633 5331 Veni,
669 5265 880 5330 dicens,
918 5267 970 5318 in
1025 5273 1341 5334 tegumenta
1371 5277 1557 5335 petrae,
1587 5264 1730 5335 quod
1767 5263 2041 5332 signiﬁcat

472 5354 775 5418 Christum,
807 5357 862 5409 in
893 5371 998 5426 qua
1033 5355 1320 5426 vestigium
1346 5355 1567 5410 malitiae
1598 5369 1826 5424 serpens
1858 5354 2039 5408 facere

474 5459 582 5501 non
610 5455 810 5515 potest,
841 5454 900 5500 ut
937 5447 990 5500 in
1026 5456 1338 5518 legumento
1373 5447 1536 5516 hujus
1567 5459 1732 5515 petra:
1771 5453 2037 5515 protecta,

471 5537 684 5592 nullum
739 5537 858 5606 ipso
903 5538 1082 5606 capiat
1130 5537 1185 5592 in
1245 5548 1430 5591 mente
1475 5535 1764 5605 vestigium
1822 5535 2040 5590 malitiae

473 5630 736 5682 virtutum
773 5630 1209 5684 adversariorum
1241 5649 1254 5684 :
1293 5629 1388 5686 sed
1423 5639 1477 5684 et
1517 5628 1677 5697 juxta
1726 5629 2040 5696 promurale

474 5719 650 5793 ipsam
693 5728 870 5787 vocat,
901 5721 974 5777 ibi
1001 5721 1192 5778 audire
1217 5723 1408 5778 volens
1439 5720 1651 5774 dulcem
1683 5715 1804 5786 ejus
1823 5731 2034 5784 vocem,

2141 4724 2260 4793 τὴν,
2295 4722 2415 4774 ἐπεὶ
2449 4720 2524 4792 μὴ
2557 4721 2800 4791 ὲσήμανε
2851 4721 3014 4776 τόπον
3048 4721 3177 4777 ἔνθα
3207 4723 3362 4793 ἥκειν
3394 4722 3561 4794 αὐτὴν
3587 4725 3724 4778 ἐκέ-

2144 4812 2328 4877 λευσε,
2358 4811 2452 4865 νῦν
2486 4811 2650 4866 πάλιν
2684 4811 2840 4866 καλεῖ
2863 4813 3032 4883 αὐτὴν
3075 4815 3168 4866 καὶ
3195 4814 3286 4868 τὸν
3308 4813 3470 4868 τόπον
3499 4813 3679 4885 δηλῶν
3699 4833 3717 4848 ·

2147 4906 2270 4958 ἐπεὶ
2303 4903 2411 4973 γὰρ
2441 4901 2509 4973 ἦν
2533 4904 2858 4974 ὲρωτήσασα
2887 4904 2979 4958 τὸν
3015 4905 3285 4974 Νυμφίον,
3319 4907 3444 4960 Ποῦ
3482 4909 3724 4975 ποιμαί-

2149 5013 2296 5060 νεις,
2335 4994 2452 5047 ποῦ
2485 4992 2786 5062 κοιτάζεις,
2818 4997 2910 5048 καὶ
2931 4996 3031 5049 οὐκ
3062 4995 3390 5066 ἀπεκρίνατο
3429 4996 3570 5058 τότε,
3619 4997 3725 5050 νῦν

2149 5085 2404 5155 γνωρίζει
2436 5085 2526 5138 τὸν
2553 5085 2716 5139 τόπον
2744 5086 2883 5156 αὐτῇ
2909 5086 3006 5156 τῆς
3045 5088 3214 5156 νομῆς
3238 5103 3252 5118 ο
3287 5087 3374 5141 ἵνα
3409 5088 3546 5158 ὅπερ
3572 5088 3728 5140 ὲκεί-

2149 5193 2212 5246 νη
2271 5174 2422 5242 ἔλεγε
2470 5175 2696 5243 γένηται
2743 5175 2817 5238 ὡς
2860 5174 3296 5244 περιϐαλλομένη
3353 5173 3440 5226 ἐπ’
3491 5174 3723 5242 ἀγέλαις

2151 5268 2413 5338 ἑταίρωνο
2465 5267 2614 5319 me:
2642 5268 2817 5334 λέγων
2863 5269 2951 5319 ἐπὶ
2998 5267 3172 5338 σκέπη
3211 5267 3312 5336 τῆς
3361 5266 3562 5338 πέτρας
3615 5267 3726 5338 τῆς

2151 5357 2523 5427 σημαινούσης
2579 5358 2846 5426 Χριστόν·
2901 5359 2986 5426 ἐφ’
3015 5355 3083 5430 ἦς
3126 5358 3267 5428 ἴχνος
3298 5359 3490 5422 κακίας
3537 5359 3566 5412 6
3596 5358 3727 5427 ὄφις

2143 5448 2369 5516 ποιῆσαι
2417 5449 2476 5501 οὐ
2507 5447 2759 5500 δύναται’
2793 5449 2880 5502 ἵνα
2931 5449 3316 5520 σκεπαζομένη
3345 5452 3404 5502 ὲν
3435 5453 3500 5522 τῇ
3538 5452 3725 5525 σκέπῃ

2138 5538 2342 5610 ταύτης
2371 5539 2470 5608 τῆς
2495 5539 2696 5607 πέτρας
2722 5539 2888 5610 μηδὲν
2919 5541 3056 5610 αὐτῇ
3088 5539 3306 5610 δέξηται
3327 5543 3385 5596 ὲν
3406 5540 3482 5611 τῷ
3505 5540 3723 5613 διανοη-

2139 5631 2277 5700 τικῷ
2312 5629 2461 5700 παρα
2485 5629 2592 5681 τῶν
2629 5631 3024 5701 ἀντικειμένων
3053 5632 3336 5702 δυνάμεων
3369 5636 3516 5704 ῐχνος
3549 5650 3724 5705 πονη-

2139 5721 2255 5791 ρίας
2277 5738 2289 5752 ·
2328 5721 2421 5774 καὶ
2457 5720 2689 5791 ἐχόμενα
2716 5721 2770 5775 δὲ
2801 5722 2894 5776 τοῦ
2937 5725 3392 5796 προτειχίσματος
3422 5727 3592 5798 αὐτὴν
3618 5744 3728 5780 κα-
