  <div class='ocr_page' id='page_1' title='image "/cluster/home/n/w/nwhite01/storage/ocr_20150623/87 pars.2/pst.000005712908/044.png"; bbox 0 0 3970 6296; ppageno 0'>
   <div class='ocr_carea' id='block_1_1' title="bbox 212 329 345 398">
    <p class='ocr_par' dir='ltr' id='par_1_1' title="bbox 212 329 345 398">
     <span class='ocr_line' id='line_1_1' title="bbox 212 329 345 398; baseline 0.008 -3"><span class='ocrx_word' id='word_1_1' title='bbox 212 329 345 398; x_wconf 71' lang='lat'><strong>[609</strong></span> 
     </span>
    </p>
   </div>
   <div class='ocr_carea' id='block_1_2' title="bbox 1176 320 2483 387">
    <p class='ocr_par' dir='ltr' id='par_1_2' title="bbox 1176 320 2483 387">
     <span class='ocr_line' id='line_1_2' title="bbox 1176 320 2483 387; baseline -0.005 0"><span class='ocrx_word' id='word_1_2' title='bbox 1176 321 1706 387; x_wconf 79' lang='lat' dir='ltr'><strong>COMMENTARII</strong></span> <span class='ocrx_word' id='word_1_3' title='bbox 1744 321 1824 381; x_wconf 88' lang='grc' dir='ltr'><strong>ΙΝ</strong></span> <span class='ocrx_word' id='word_1_4' title='bbox 1845 320 2163 384; x_wconf 82' lang='lat' dir='ltr'><strong>CANTICA</strong></span> <span class='ocrx_word' id='word_1_5' title='bbox 2193 321 2483 383; x_wconf 83' lang='lat' dir='ltr'><strong>CANTIC.</strong></span> 
     </span>
    </p>
   </div>
   <div class='ocr_carea' id='block_1_3' title="bbox 3333 285 3592 384">
    <p class='ocr_par' dir='ltr' id='par_1_3' title="bbox 3333 285 3592 384">
     <span class='ocr_line' id='line_1_3' title="bbox 3333 285 3592 384; baseline 0.008 -2"><span class='ocrx_word' id='word_1_6' title='bbox 3333 285 3516 384; x_wconf 65' lang='lat' dir='ltr'><strong>ista</strong></span> <span class='ocrx_word' id='word_1_7' title='bbox 3585 349 3592 356; x_wconf 97' lang='lat'><strong><em>-</em></strong></span> 
     </span>
    </p>
   </div>
   <div class='ocr_carea' id='block_1_4' title="bbox 211 423 1813 508">
    <p class='ocr_par' dir='ltr' id='par_1_4' title="bbox 211 425 1796 508">
     <span class='ocr_line' id='line_1_4' title="bbox 211 425 1796 508; baseline -0.013 -12"><span class='ocrx_word' id='word_1_8' title='bbox 211 446 314 508; x_wconf 79' lang='grc' dir='ltr'>λεῖ,</span> <span class='ocrx_word' id='word_1_9' title='bbox 347 442 467 494; x_wconf 77' lang='grc' dir='ltr'>ἐκεῖ</span> <span class='ocrx_word' id='word_1_10' title='bbox 498 437 824 508; x_wconf 83' lang='grc' dir='ltr'>βουλόμενος</span> <span class='ocrx_word' id='word_1_11' title='bbox 873 431 1102 488; x_wconf 83' lang='grc' dir='ltr'>ἀκοῦσαι</span> <span class='ocrx_word' id='word_1_12' title='bbox 1149 429 1237 483; x_wconf 71' lang='grc' dir='ltr'>διὸ.</span> <span class='ocrx_word' id='word_1_13' title='bbox 1278 428 1377 498; x_wconf 82' lang='grc' dir='ltr'><strong>τῆς</strong></span> <span class='ocrx_word' id='word_1_14' title='bbox 1413 426 1597 498; x_wconf 79' lang='grc' dir='ltr'><strong>ἡδείας</strong></span> <span class='ocrx_word' id='word_1_15' title='bbox 1629 425 1796 493; x_wconf 82' lang='grc' dir='ltr'>αὐτῆς</span> 
     </span>
    </p>
   </div>
   <div class='ocr_carea' id='block_1_5' title="bbox 1914 423 3471 508">
    <p class='ocr_par' dir='ltr' id='par_1_5' title="bbox 1914 423 3471 495">
     <span class='ocr_line' id='line_1_5' title="bbox 1914 423 3471 495; baseline 0.004 -16"><span class='ocrx_word' id='word_1_16' title='bbox 1914 432 1950 479; x_wconf 76' lang='lat' dir='ltr'><strong>:t</strong></span> <span class='ocrx_word' id='word_1_17' title='bbox 1989 425 2242 480; x_wconf 82' lang='lat' dir='ltr'><strong>decoram</strong></span> <span class='ocrx_word' id='word_1_18' title='bbox 2301 426 2420 495; x_wconf 85' lang='lat' dir='ltr'><strong>ejus</strong></span> <span class='ocrx_word' id='word_1_19' title='bbox 2471 423 2666 479; x_wconf 82' lang='lat' dir='ltr'><strong>faciem</strong></span> <span class='ocrx_word' id='word_1_20' title='bbox 2721 437 3070 495; x_wconf 79' lang='lat' dir='ltr'><strong>cognoscere.</strong></span> <span class='ocrx_word' id='word_1_21' title='bbox 3117 425 3232 482; x_wconf 79' lang='lat' dir='ltr'><strong>\‘ox</strong></span> <span class='ocrx_word' id='word_1_22' title='bbox 3288 439 3471 490; x_wconf 71' lang='lat' dir='ltr'><strong>autem</strong></span> 
     </span>
    </p>
   </div>
   <div class='ocr_carea' id='block_1_6' title="bbox 219 519 1789 606">
    <p class='ocr_par' dir='ltr' id='par_1_6' title="bbox 219 519 1789 606">
     <span class='ocr_line' id='line_1_6' title="bbox 219 519 1789 606; baseline -0.011 -18"><span class='ocrx_word' id='word_1_23' title='bbox 219 536 421 606; x_wconf 78' lang='grc' dir='ltr'>φωνῆς,</span> <span class='ocrx_word' id='word_1_24' title='bbox 451 532 558 586; x_wconf 64' lang='grc' dir='ltr'>καῖ</span> <span class='ocrx_word' id='word_1_25' title='bbox 581 530 913 596; x_wconf 84' lang='grc' dir='ltr'>κατανοῆσαι</span> <span class='ocrx_word' id='word_1_26' title='bbox 943 526 1001 578; x_wconf 82' lang='grc' dir='ltr'><strong>τὸ</strong></span> <span class='ocrx_word' id='word_1_27' title='bbox 1031 524 1230 592; x_wconf 85' lang='grc' dir='ltr'>ὡραῖον</span> <span class='ocrx_word' id='word_1_28' title='bbox 1266 522 1435 588; x_wconf 74' lang='grc' dir='ltr'>αὐτῆς</span> <span class='ocrx_word' id='word_1_29' title='bbox 1468 519 1789 589; x_wconf 81' lang='grc' dir='ltr'>πρόσωπον.</span> 
     </span>
    </p>
   </div>
   <div class='ocr_carea' id='block_1_7' title="bbox 218 606 1792 696">
    <p class='ocr_par' dir='ltr' id='par_1_7' title="bbox 218 606 1792 696">
     <span class='ocr_line' id='line_1_7' title="bbox 218 606 1792 696; baseline -0.015 -15"><span class='ocrx_word' id='word_1_30' title='bbox 218 627 375 696; x_wconf 80' lang='grc' dir='ltr'><strong>Φωνὴ</strong></span> <span class='ocrx_word' id='word_1_31' title='bbox 407 625 463 678; x_wconf 79' lang='grc' dir='ltr'>δὲ</span> <span class='ocrx_word' id='word_1_32' title='bbox 489 622 646 692; x_wconf 80' lang='grc' dir='ltr'>ἡδεῖὰ</span> <span class='ocrx_word' id='word_1_33' title='bbox 680 623 844 683; x_wconf 79' lang='grc' dir='ltr'>ἐστιν,</span> <span class='ocrx_word' id='word_1_34' title='bbox 878 615 1083 696; x_wconf 51' lang='grc' dir='ltr'>ἠθικῶς</span> <span class='ocrx_word' id='word_1_35' title='bbox 1115 614 1235 684; x_wconf 87' lang='grc' dir='ltr'>μὲν,</span> <span class='ocrx_word' id='word_1_36' title='bbox 1266 613 1455 681; x_wconf 70' lang='grc' dir='ltr'>σεμνοὶ</span> <span class='ocrx_word' id='word_1_37' title='bbox 1499 610 1647 678; x_wconf 80' lang='grc' dir='ltr'>λόγοι</span> <span class='ocrx_word' id='word_1_38' title='bbox 1702 606 1792 660; x_wconf 69' lang='grc' dir='ltr'>καὶ</span> 
     </span>
    </p>
   </div>
   <div class='ocr_carea' id='block_1_8' title="bbox 215 687 1791 790">
    <p class='ocr_par' dir='ltr' id='par_1_8' title="bbox 215 687 1791 790">
     <span class='ocr_line' id='line_1_8' title="bbox 215 687 1791 790; baseline -0.016 -15"><span class='ocrx_word' id='word_1_39' title='bbox 215 687 377 790; x_wconf 76' lang='grc' dir='ltr'>χάριν</span> <span class='ocrx_word' id='word_1_40' title='bbox 411 687 648 776; x_wconf 71' lang='grc' dir='ltr'>διδύντες</span> <span class='ocrx_word' id='word_1_41' title='bbox 680 713 791 774; x_wconf 89' lang='grc' dir='ltr'>τοῖς</span> <span class='ocrx_word' id='word_1_42' title='bbox 817 687 1076 763; x_wconf 70' lang='grc' dir='ltr'>ἀκούευσι</span> <span class='ocrx_word' id='word_1_43' title='bbox 1103 721 1114 733; x_wconf 90' lang='grc'><strong>·</strong></span> <span class='ocrx_word' id='word_1_44' title='bbox 1153 700 1496 774; x_wconf 82' lang='grc' dir='ltr'><strong>δογματικῶς</strong></span> <span class='ocrx_word' id='word_1_45' title='bbox 1526 700 1604 764; x_wconf 79' lang='grc' dir='ltr'><strong>δὲ,</strong></span> <span class='ocrx_word' id='word_1_46' title='bbox 1635 696 1791 790; x_wconf 14' lang='grc' dir='ltr'>ἡᾲτοῦ</span> 
     </span>
    </p>
   </div>
   <div class='ocr_carea' id='block_1_9' title="bbox 215 788 1792 876">
    <p class='ocr_par' dir='ltr' id='par_1_9' title="bbox 215 788 1792 876">
     <span class='ocr_line' id='line_1_9' title="bbox 215 788 1792 876; baseline -0.018 -11"><span class='ocrx_word' id='word_1_47' title='bbox 215 788 274 866; x_wconf 44' lang='lat' dir='ltr'><strong>iv</strong></span> <span class='ocrx_word' id='word_1_48' title='bbox 294 788 528 876; x_wconf 81' lang='grc' dir='ltr'>σταυρῷ</span> <span class='ocrx_word' id='word_1_49' title='bbox 558 802 790 875; x_wconf 85' lang='grc' dir='ltr'>βοῶντος</span> <span class='ocrx_word' id='word_1_50' title='bbox 823 796 1044 870; x_wconf 74' lang='grc' dir='ltr'>λῃστοῦ,</span> <span class='ocrx_word' id='word_1_51' title='bbox 1083 814 1101 846; x_wconf 81' lang='grc' dir='ltr'><strong>ι</strong></span> <span class='ocrx_word' id='word_1_52' title='bbox 1127 791 1415 864; x_wconf 85' lang='grc' dir='ltr'>Μνήσθητί</span> <span class='ocrx_word' id='word_1_53' title='bbox 1442 806 1563 860; x_wconf 89' lang='grc' dir='ltr'>μου,</span> <span class='ocrx_word' id='word_1_54' title='bbox 1601 788 1792 857; x_wconf 84' lang='grc' dir='ltr'>Κύριε,</span> 
     </span>
    </p>
   </div>
   <div class='ocr_carea' id='block_1_10' title="bbox 215 878 1796 970">
    <p class='ocr_par' dir='ltr' id='par_1_10' title="bbox 215 878 1796 970">
     <span class='ocr_line' id='line_1_10' title="bbox 215 878 1796 970; baseline -0.017 -13"><span class='ocrx_word' id='word_1_55' title='bbox 215 905 345 957; x_wconf 84' lang='grc' dir='ltr'>ὅταν</span> <span class='ocrx_word' id='word_1_56' title='bbox 381 900 542 970; x_wconf 70' lang='grc' dir='ltr'>ἔλθῃς</span> <span class='ocrx_word' id='word_1_57' title='bbox 573 899 632 952; x_wconf 70' lang='grc' dir='ltr'>ἐν</span> <span class='ocrx_word' id='word_1_58' title='bbox 678 895 745 964; x_wconf 81' lang='grc' dir='ltr'>τῇ</span> <span class='ocrx_word' id='word_1_59' title='bbox 775 887 1035 962; x_wconf 68' lang='grc' dir='ltr'>ιβασιλεία</span> <span class='ocrx_word' id='word_1_60' title='bbox 1074 902 1190 940; x_wconf 89' lang='grc' dir='ltr'>σου.</span> <span class='ocrx_word' id='word_1_61' title='bbox 1233 903 1252 936; x_wconf 72' lang='grc' dir='ltr'><strong>ι</strong></span> <span class='ocrx_word' id='word_1_62' title='bbox 1296 881 1460 936; x_wconf 83' lang='grc' dir='ltr'>Ὅθεν</span> <span class='ocrx_word' id='word_1_63' title='bbox 1509 879 1644 950; x_wconf 85' lang='grc' dir='ltr'>πρὸς</span> <span class='ocrx_word' id='word_1_64' title='bbox 1699 878 1796 947; x_wconf 83' lang='grc' dir='ltr'>μὲν</span> 
     </span>
    </p>
   </div>
   <div class='ocr_carea' id='block_1_11' title="bbox 217 971 1798 1070">
    <p class='ocr_par' dir='ltr' id='par_1_11' title="bbox 217 971 1798 1070">
     <span class='ocr_line' id='line_1_11' title="bbox 217 971 1798 1070; baseline -0.02 -16"><span class='ocrx_word' id='word_1_65' title='bbox 217 1001 318 1070; x_wconf 82' lang='grc' dir='ltr'>τὴν</span> <span class='ocrx_word' id='word_1_66' title='bbox 364 991 696 1063; x_wconf 76' lang='grc' dir='ltr'><strong>Ἐκκλησίαν</strong></span> <span class='ocrx_word' id='word_1_67' title='bbox 717 987 903 1058; x_wconf 68' lang='grc' dir='ltr'>φησὶν,</span> <span class='ocrx_word' id='word_1_68' title='bbox 953 983 1024 1037; x_wconf 84' lang='grc' dir='ltr'><strong>Ἦ</strong></span> <span class='ocrx_word' id='word_1_69' title='bbox 1051 976 1219 1050; x_wconf 70' lang='grc' dir='ltr'>φωνή</span> <span class='ocrx_word' id='word_1_70' title='bbox 1259 990 1375 1030; x_wconf 87' lang='grc' dir='ltr'><strong>σου</strong></span> <span class='ocrx_word' id='word_1_71' title='bbox 1407 971 1578 1041; x_wconf 71' lang='grc' dir='ltr'>’ἡδεῖα</span> <span class='ocrx_word' id='word_1_72' title='bbox 1618 971 1798 1070; x_wconf 83' lang='grc' dir='ltr'>βοῶσα</span> 
     </span>
    </p>
   </div>
   <div class='ocr_carea' id='block_1_12' title="bbox 216 1066 1798 1158">
    <p class='ocr_par' dir='ltr' id='par_1_12' title="bbox 216 1066 1798 1158">
     <span class='ocr_line' id='line_1_12' title="bbox 216 1066 1798 1158; baseline -0.016 -13"><span class='ocrx_word' id='word_1_73' title='bbox 216 1066 306 1146; x_wconf 60' lang='grc' dir='ltr'><strong>δια</strong></span> <span class='ocrx_word' id='word_1_74' title='bbox 352 1090 457 1158; x_wconf 91' lang='grc' dir='ltr'><strong>τῆς</strong></span> <span class='ocrx_word' id='word_1_75' title='bbox 486 1083 738 1156; x_wconf 83' lang='grc' dir='ltr'>ἀπαρχῆς</span> <span class='ocrx_word' id='word_1_76' title='bbox 788 1078 880 1134; x_wconf 90' lang='grc' dir='ltr'><strong>τοῦ</strong></span> <span class='ocrx_word' id='word_1_77' title='bbox 918 1075 1118 1149; x_wconf 80' lang='grc' dir='ltr'><strong>λῃστοῦ</strong></span> <span class='ocrx_word' id='word_1_78' title='bbox 1163 1073 1244 1139; x_wconf 85' lang='grc' dir='ltr'><strong>τὸ,</strong></span> <span class='ocrx_word' id='word_1_79' title='bbox 1276 1070 1625 1137; x_wconf 69' lang='grc' dir='ltr'>Μνήσθητι*</span> <span class='ocrx_word' id='word_1_80' title='bbox 1662 1066 1798 1158; x_wconf 76' lang='grc' dir='ltr'>πρὸς</span> 
     </span>
    </p>
   </div>
   <div class='ocr_carea' id='block_1_13' title="bbox 216 1157 1800 1250">
    <p class='ocr_par' dir='ltr' id='par_1_13' title="bbox 216 1157 1800 1250">
     <span class='ocr_line' id='line_1_13' title="bbox 216 1157 1800 1250; baseline -0.017 -13"><span class='ocrx_word' id='word_1_81' title='bbox 216 1183 273 1237; x_wconf 79' lang='grc' dir='ltr'><strong>δὲ</strong></span> <span class='ocrx_word' id='word_1_82' title='bbox 303 1157 750 1250; x_wconf 54' lang='grc' dir='ltr'>τὴνῘΣυναγωγὴν</span> <span class='ocrx_word' id='word_1_83' title='bbox 775 1172 876 1243; x_wconf 86' lang='grc' dir='ltr'><strong>τὴν</strong></span> <span class='ocrx_word' id='word_1_84' title='bbox 901 1171 1188 1238; x_wconf 78' lang='grc' dir='ltr'><strong>λέγουσαν,</strong></span> <span class='ocrx_word' id='word_1_85' title='bbox 1216 1164 1591 1232; x_wconf 80' lang='grc' dir='ltr'><strong>Σταύρωσον,</strong></span> <span class='ocrx_word' id='word_1_86' title='bbox 1707 1157 1800 1250; x_wconf 69' lang='grc' dir='ltr'><strong>καὶ</strong></span> 
     </span>
    </p>
   </div>
   <div class='ocr_carea' id='block_1_14' title="bbox 223 1249 1802 1339">
    <p class='ocr_par' dir='ltr' id='par_1_14' title="bbox 223 1249 1802 1339">
     <span class='ocr_line' id='line_1_14' title="bbox 223 1249 1802 1339; baseline -0.013 -18"><span class='ocrx_word' id='word_1_87' title='bbox 223 1249 395 1339; x_wconf 76' lang='grc' dir='ltr'>μισεῖ,</span> <span class='ocrx_word' id='word_1_88' title='bbox 440 1266 575 1336; x_wconf 79' lang='grc' dir='ltr'>φησὶ</span> <span class='ocrx_word' id='word_1_89' title='bbox 611 1263 699 1318; x_wconf 81' lang='grc' dir='ltr'>διὰ</span> <span class='ocrx_word' id='word_1_90' title='bbox 741 1260 837 1314; x_wconf 87' lang='grc' dir='ltr'><strong>τοῦ</strong></span> <span class='ocrx_word' id='word_1_91' title='bbox 885 1258 1200 1330; x_wconf 79' lang='grc' dir='ltr'>προφήτου·</span> <span class='ocrx_word' id='word_1_92' title='bbox 1389 1251 1570 1321; x_wconf 83' lang='grc' dir='ltr'>φωνὴν</span> <span class='ocrx_word' id='word_1_93' title='bbox 1627 1249 1802 1339; x_wconf 82' lang='grc' dir='ltr'>αὐτῆς</span> 
     </span>
    </p>
   </div>
   <div class='ocr_carea' id='block_1_15' title="bbox 218 1338 1800 1427">
    <p class='ocr_par' dir='ltr' id='par_1_15' title="bbox 218 1338 1800 1427">
     <span class='ocr_line' id='line_1_15' title="bbox 218 1338 1800 1427; baseline -0.013 -15"><span class='ocrx_word' id='word_1_94' title='bbox 218 1338 480 1421; x_wconf 73' lang='grc' dir='ltr'>ὠλόλυξε,</span> <span class='ocrx_word' id='word_1_95' title='bbox 535 1374 553 1407; x_wconf 81' lang='grc' dir='ltr'><strong>ι</strong></span> <span class='ocrx_word' id='word_1_96' title='bbox 579 1355 691 1427; x_wconf 69' lang='grc' dir='ltr'><strong>καὶ</strong></span> <span class='ocrx_word' id='word_1_97' title='bbox 734 1353 934 1406; x_wconf 79' lang='grc' dir='ltr'>ἔδωκεν</span> <span class='ocrx_word' id='word_1_98' title='bbox 974 1348 1060 1402; x_wconf 77' lang='grc' dir='ltr'>ἐπ’</span> <span class='ocrx_word' id='word_1_99' title='bbox 1092 1346 1194 1416; x_wconf 68' lang='grc' dir='ltr'>ἐμὲ</span> <span class='ocrx_word' id='word_1_100' title='bbox 1233 1346 1332 1414; x_wconf 82' lang='grc' dir='ltr'>τὴν</span> <span class='ocrx_word' id='word_1_101' title='bbox 1379 1343 1562 1424; x_wconf 81' lang='grc' dir='ltr'>φωνὴν</span> <span class='ocrx_word' id='word_1_102' title='bbox 1608 1338 1800 1408; x_wconf 75' lang='grc' dir='ltr'>αὐτῆς,</span> 
     </span>
    </p>
   </div>
   <div class='ocr_carea' id='block_1_16' title="bbox 218 1431 1804 1515">
    <p class='ocr_par' dir='ltr' id='par_1_16' title="bbox 218 1431 1804 1515">
     <span class='ocr_line' id='line_1_16' title="bbox 218 1431 1804 1515; baseline -0.016 -7"><span class='ocrx_word' id='word_1_103' title='bbox 218 1454 306 1508; x_wconf 81' lang='grc' dir='ltr'>διὰ</span> <span class='ocrx_word' id='word_1_104' title='bbox 388 1451 550 1504; x_wconf 85' lang='grc' dir='ltr'>τοῦτο</span> <span class='ocrx_word' id='word_1_105' title='bbox 619 1446 858 1515; x_wconf 79' lang='grc' dir='ltr'><strong>ἐμίσησα</strong></span> <span class='ocrx_word' id='word_1_106' title='bbox 925 1441 1128 1509; x_wconf 85' lang='grc' dir='ltr'>αὐτήν·</span> <span class='ocrx_word' id='word_1_107' title='bbox 1193 1455 1213 1490; x_wconf 83' lang='grc'><strong>›</strong></span> <span class='ocrx_word' id='word_1_108' title='bbox 1292 1437 1464 1503; x_wconf 74' lang='grc' dir='ltr'>Ὄψις</span> <span class='ocrx_word' id='word_1_109' title='bbox 1511 1431 1578 1486; x_wconf 83' lang='grc' dir='ltr'>δέ</span> <span class='ocrx_word' id='word_1_110' title='bbox 1633 1431 1804 1484; x_wconf 81' lang='grc' dir='ltr'>ἐστιν</span> 
     </span>
    </p>
   </div>
   <div class='ocr_carea' id='block_1_17' title="bbox 219 1521 1802 1615">
    <p class='ocr_par' dir='ltr' id='par_1_17' title="bbox 219 1521 1802 1615">
     <span class='ocr_line' id='line_1_17' title="bbox 219 1521 1802 1615; baseline -0.016 -15"><span class='ocrx_word' id='word_1_111' title='bbox 219 1546 430 1615; x_wconf 81' lang='grc' dir='ltr'>ὡραία,</span> <span class='ocrx_word' id='word_1_112' title='bbox 464 1544 498 1612; x_wconf 80' lang='grc' dir='ltr'><strong>ἡ</strong></span> <span class='ocrx_word' id='word_1_113' title='bbox 529 1542 592 1592; x_wconf 82' lang='grc' dir='ltr'>ὲκ</span> <span class='ocrx_word' id='word_1_114' title='bbox 637 1539 736 1608; x_wconf 85' lang='grc' dir='ltr'><strong>τῆς</strong></span> <span class='ocrx_word' id='word_1_115' title='bbox 789 1533 1071 1606; x_wconf 77' lang='grc' dir='ltr'><strong>εἰρηνικῆς</strong></span> <span class='ocrx_word' id='word_1_116' title='bbox 1102 1527 1490 1588; x_wconf 83' lang='grc' dir='ltr'><strong>καταστάσεως</strong></span> <span class='ocrx_word' id='word_1_117' title='bbox 1536 1521 1802 1592; x_wconf 83' lang='grc' dir='ltr'>γαληνιά-</span> 
     </span>
    </p>
   </div>
   <div class='ocr_carea' id='block_1_18' title="bbox 1894 514 3468 592">
    <p class='ocr_par' dir='ltr' id='par_1_18' title="bbox 1894 514 3468 592">
     <span class='ocr_line' id='line_1_18' title="bbox 1894 514 3468 592; baseline 0.006 -24"><span class='ocrx_word' id='word_1_118' title='bbox 1894 514 2071 585; x_wconf 85' lang='lat' dir='ltr'><strong>dulcis</strong></span> <span class='ocrx_word' id='word_1_119' title='bbox 2102 517 2385 572; x_wconf 91' lang='lat' dir='ltr'><strong>moraliter</strong></span> <span class='ocrx_word' id='word_1_120' title='bbox 2413 517 2631 584; x_wconf 77' lang='lat' dir='ltr'><strong>quidem</strong></span> <span class='ocrx_word' id='word_1_121' title='bbox 2659 524 2787 572; x_wconf 88' lang='lat' dir='ltr'><strong>sunt</strong></span> <span class='ocrx_word' id='word_1_122' title='bbox 2826 517 2955 574; x_wconf 90' lang='lat' dir='ltr'><strong>serii</strong></span> <span class='ocrx_word' id='word_1_123' title='bbox 2988 533 3274 574; x_wconf 77' lang='lat' dir='ltr'><strong>sermones</strong></span> <span class='ocrx_word' id='word_1_124' title='bbox 3297 530 3353 575; x_wconf 89' lang='lat' dir='ltr'><strong>et</strong></span> <span class='ocrx_word' id='word_1_125' title='bbox 3375 526 3468 592; x_wconf 85' lang='lat' dir='ltr'><strong>qui</strong></span> 
     </span>
    </p>
   </div>
   <div class='ocr_carea' id='block_1_19' title="bbox 1900 607 3506 678">
    <p class='ocr_par' dir='ltr' id='par_1_19' title="bbox 1900 607 3506 678">
     <span class='ocr_line' id='line_1_19' title="bbox 1900 607 3506 678; baseline 0.006 -18"><span class='ocrx_word' id='word_1_126' title='bbox 1900 607 2128 677; x_wconf 88' lang='lat' dir='ltr'><strong>gratiam</strong></span> <span class='ocrx_word' id='word_1_127' title='bbox 2158 609 2401 678; x_wconf 65' lang='lat' dir='ltr'><strong>praebent</strong></span> <span class='ocrx_word' id='word_1_128' title='bbox 2447 608 2832 675; x_wconf 70' lang='lat' dir='ltr'><strong>audientibus;</strong></span> <span class='ocrx_word' id='word_1_129' title='bbox 2879 609 3184 678; x_wconf 87' lang='lat' dir='ltr'><strong>dogmatice</strong></span> <span class='ocrx_word' id='word_1_130' title='bbox 3212 626 3346 667; x_wconf 89' lang='lat' dir='ltr'><strong>vero</strong></span> <span class='ocrx_word' id='word_1_131' title='bbox 3371 629 3476 675; x_wconf 69' lang='lat' dir='ltr'><strong>vox</strong></span> <span class='ocrx_word' id='word_1_132' title='bbox 3503 647 3506 650; x_wconf 55' lang='grc' dir='ltr'>λ</span> 
     </span>
    </p>
   </div>
   <div class='ocr_carea' id='block_1_20' title="bbox 1904 697 3471 776">
    <p class='ocr_par' dir='ltr' id='par_1_20' title="bbox 1904 697 3471 776">
     <span class='ocr_line' id='line_1_20' title="bbox 1904 697 3471 776; baseline 0.005 -26"><span class='ocrx_word' id='word_1_133' title='bbox 1904 697 2137 750; x_wconf 87' lang='lat' dir='ltr'><strong>latronis</strong></span> <span class='ocrx_word' id='word_1_134' title='bbox 2160 698 2214 750; x_wconf 93' lang='lat' dir='ltr'><strong>in</strong></span> <span class='ocrx_word' id='word_1_135' title='bbox 2241 711 2406 753; x_wconf 88' lang='lat' dir='ltr'><strong>cruce</strong></span> <span class='ocrx_word' id='word_1_136' title='bbox 2436 699 2734 776; x_wconf 84' lang='lat' dir='ltr'><strong>clamantis</strong></span> <span class='ocrx_word' id='word_1_137' title='bbox 2781 719 2794 756; x_wconf 92' lang='lat'><strong>:</strong></span> <span class='ocrx_word' id='word_1_138' title='bbox 2851 720 2868 754; x_wconf 82' lang='grc' dir='ltr'><strong>ι</strong></span> <span class='ocrx_word' id='word_1_139' title='bbox 2902 699 3171 757; x_wconf 81' lang='lat' dir='ltr'><strong>Memento</strong></span> <span class='ocrx_word' id='word_1_140' title='bbox 3203 705 3329 766; x_wconf 89' lang='lat' dir='ltr'><strong>mei,</strong></span> <span class='ocrx_word' id='word_1_141' title='bbox 3362 705 3471 759; x_wconf 52' lang='lat' dir='ltr'><strong>Do,</strong></span> 
     </span>
    </p>
   </div>
   <div class='ocr_carea' id='block_1_21' title="bbox 1899 787 3476 862">
    <p class='ocr_par' dir='ltr' id='par_1_21' title="bbox 1899 787 3476 862">
     <span class='ocr_line' id='line_1_21' title="bbox 1899 787 3476 862; baseline 0.01 -22"><span class='ocrx_word' id='word_1_142' title='bbox 1899 787 2300 857; x_wconf 83' lang='lat' dir='ltr'><strong>minc,quando</strong></span> <span class='ocrx_word' id='word_1_143' title='bbox 2325 790 2541 846; x_wconf 85' lang='lat' dir='ltr'><strong>veneris</strong></span> <span class='ocrx_word' id='word_1_144' title='bbox 2560 790 2614 845; x_wconf 90' lang='lat' dir='ltr'><strong>in</strong></span> <span class='ocrx_word' id='word_1_145' title='bbox 2647 807 2871 862; x_wconf 81' lang='lat' dir='ltr'><strong>regnum</strong></span> <span class='ocrx_word' id='word_1_146' title='bbox 2895 801 3049 848; x_wconf 90' lang='lat' dir='ltr'><strong>tuum</strong></span> <span class='ocrx_word' id='word_1_147' title='bbox 3079 793 3144 848; x_wconf 60' lang='grc' dir='ltr'><strong>ιι.</strong></span> <span class='ocrx_word' id='word_1_148' title='bbox 3181 813 3198 846; x_wconf 83' lang='grc'>›</span> <span class='ocrx_word' id='word_1_149' title='bbox 3226 795 3381 852; x_wconf 88' lang='lat' dir='ltr'><strong>Unde</strong></span> <span class='ocrx_word' id='word_1_150' title='bbox 3411 800 3476 857; x_wconf 83' lang='lat' dir='ltr'><strong>ad</strong></span> 
     </span>
    </p>
   </div>
   <div class='ocr_carea' id='block_1_22' title="bbox 1898 875 3481 953">
    <p class='ocr_par' dir='ltr' id='par_1_22' title="bbox 1898 875 3481 953">
     <span class='ocr_line' id='line_1_22' title="bbox 1898 875 3481 953; baseline 0.005 -17"><span class='ocrx_word' id='word_1_151' title='bbox 1898 875 2198 938; x_wconf 82' lang='lat' dir='ltr'><strong>Ecclesiam</strong></span> <span class='ocrx_word' id='word_1_152' title='bbox 2239 879 2456 952; x_wconf 87' lang='lat' dir='ltr'><strong>quidem</strong></span> <span class='ocrx_word' id='word_1_153' title='bbox 2506 883 2620 940; x_wconf 88' lang='lat' dir='ltr'><strong>ait:</strong></span> <span class='ocrx_word' id='word_1_154' title='bbox 2672 883 2781 937; x_wconf 72' lang='lat' dir='ltr'><strong>Vox</strong></span> <span class='ocrx_word' id='word_1_155' title='bbox 2840 893 2933 937; x_wconf 86' lang='lat' dir='ltr'><strong>tua</strong></span> <span class='ocrx_word' id='word_1_156' title='bbox 2985 884 3180 953; x_wconf 77' lang='lat' dir='ltr'><strong>dulcis,</strong></span> <span class='ocrx_word' id='word_1_157' title='bbox 3233 887 3481 944; x_wconf 84' lang='lat' dir='ltr'><strong>clamans</strong></span> 
     </span>
    </p>
   </div>
   <div class='ocr_carea' id='block_1_23' title="bbox 1898 971 3474 1048">
    <p class='ocr_par' dir='ltr' id='par_1_23' title="bbox 1898 971 3474 1048">
     <span class='ocr_line' id='line_1_23' title="bbox 1898 971 3474 1048; baseline 0.003 -22"><span class='ocrx_word' id='word_1_158' title='bbox 1898 989 1994 1042; x_wconf 90' lang='lat' dir='ltr'><strong>per</strong></span> <span class='ocrx_word' id='word_1_159' title='bbox 2025 973 2294 1044; x_wconf 88' lang='lat' dir='ltr'><strong>primitias</strong></span> <span class='ocrx_word' id='word_1_160' title='bbox 2340 975 2570 1031; x_wconf 82' lang='lat' dir='ltr'><strong>latronis</strong></span> <span class='ocrx_word' id='word_1_161' title='bbox 2605 974 2736 1028; x_wconf 92' lang='lat' dir='ltr'><strong>illud</strong></span> <span class='ocrx_word' id='word_1_162' title='bbox 2769 971 3078 1034; x_wconf 76' lang='lat' dir='ltr'><strong>Memento:</strong></span> <span class='ocrx_word' id='word_1_163' title='bbox 3111 976 3176 1030; x_wconf 91' lang='lat' dir='ltr'><strong>ad</strong></span> <span class='ocrx_word' id='word_1_164' title='bbox 3229 976 3474 1048; x_wconf 81' lang='lat' dir='ltr'><strong>Synago-</strong></span> 
     </span>
    </p>
   </div>
   <div class='ocr_carea' id='block_1_24' title="bbox 1900 1065 3480 1136">
    <p class='ocr_par' dir='ltr' id='par_1_24' title="bbox 1900 1065 3480 1136">
     <span class='ocr_line' id='line_1_24' title="bbox 1900 1065 3480 1136; baseline 0.005 -18"><span class='ocrx_word' id='word_1_165' title='bbox 1900 1080 2018 1136; x_wconf 82' lang='lat' dir='ltr'><strong>gam</strong></span> <span class='ocrx_word' id='word_1_166' title='bbox 2046 1079 2176 1120; x_wconf 90' lang='lat' dir='ltr'><strong>vero</strong></span> <span class='ocrx_word' id='word_1_167' title='bbox 2206 1065 2480 1121; x_wconf 90' lang='lat' dir='ltr'><strong>dicentem</strong></span> <span class='ocrx_word' id='word_1_168' title='bbox 2509 1066 2791 1136; x_wconf 81' lang='lat' dir='ltr'><strong>Cruciﬁge,</strong></span> <span class='ocrx_word' id='word_1_169' title='bbox 2827 1081 2990 1136; x_wconf 87' lang='lat' dir='ltr'><strong>quam</strong></span> <span class='ocrx_word' id='word_1_170' title='bbox 3031 1075 3086 1121; x_wconf 89' lang='lat' dir='ltr'><strong>et</strong></span> <span class='ocrx_word' id='word_1_171' title='bbox 3111 1068 3246 1130; x_wconf 83' lang='lat' dir='ltr'><strong>odit,</strong></span> <span class='ocrx_word' id='word_1_172' title='bbox 3287 1069 3480 1127; x_wconf 82' lang='lat' dir='ltr'><strong>dicens</strong></span> 
     </span>
    </p>
   </div>
   <div class='ocr_carea' id='block_1_25' title="bbox 1902 1155 3479 1228">
    <p class='ocr_par' dir='ltr' id='par_1_25' title="bbox 1902 1155 3479 1228">
     <span class='ocr_line' id='line_1_25' title="bbox 1902 1155 3479 1228; baseline 0.008 -22"><span class='ocrx_word' id='word_1_173' title='bbox 1902 1171 1999 1225; x_wconf 64' lang='lat' dir='ltr'><strong>per</strong></span> <span class='ocrx_word' id='word_1_174' title='bbox 2026 1155 2346 1226; x_wconf 87' lang='lat' dir='ltr'><strong>prophetam</strong></span> <span class='ocrx_word' id='word_1_175' title='bbox 2381 1173 2394 1211; x_wconf 89' lang='lat'><strong>:</strong></span> <span class='ocrx_word' id='word_1_176' title='bbox 2425 1171 2549 1211; x_wconf 91' lang='lat' dir='ltr'><strong>sero</strong></span> <span class='ocrx_word' id='word_1_177' title='bbox 2584 1172 2686 1216; x_wconf 78' lang='lat' dir='ltr'><strong>vox</strong></span> <span class='ocrx_word' id='word_1_178' title='bbox 2713 1157 2834 1228; x_wconf 89' lang='lat' dir='ltr'><strong>ejus</strong></span> <span class='ocrx_word' id='word_1_179' title='bbox 2871 1158 3120 1222; x_wconf 90' lang='lat' dir='ltr'><strong>ululavit,</strong></span> <span class='ocrx_word' id='word_1_180' title='bbox 3171 1175 3186 1210; x_wconf 85' lang='lat' dir='ltr'><strong>t</strong></span> <span class='ocrx_word' id='word_1_181' title='bbox 3233 1159 3294 1212; x_wconf 88' lang='lat' dir='ltr'><strong>Et</strong></span> <span class='ocrx_word' id='word_1_182' title='bbox 3325 1159 3479 1217; x_wconf 81' lang='lat' dir='ltr'><strong>dedit</strong></span> 
     </span>
    </p>
   </div>
   <div class='ocr_carea' id='block_1_26' title="bbox 1901 1248 3482 1316">
    <p class='ocr_par' dir='ltr' id='par_1_26' title="bbox 1901 1248 3482 1316">
     <span class='ocr_line' id='line_1_26' title="bbox 1901 1248 3482 1316; baseline 0.001 -13"><span class='ocrx_word' id='word_1_183' title='bbox 1901 1261 2064 1316; x_wconf 72' lang='lat' dir='ltr'><strong>Super</strong></span> <span class='ocrx_word' id='word_1_184' title='bbox 2094 1262 2180 1302; x_wconf 86' lang='lat' dir='ltr'><strong>me</strong></span> <span class='ocrx_word' id='word_1_185' title='bbox 2205 1261 2392 1302; x_wconf 91' lang='lat' dir='ltr'><strong>vocem</strong></span> <span class='ocrx_word' id='word_1_186' title='bbox 2419 1262 2596 1314; x_wconf 91' lang='lat' dir='ltr'><strong>suam,</strong></span> <span class='ocrx_word' id='word_1_187' title='bbox 2624 1248 2746 1302; x_wconf 88' lang='lat' dir='ltr'><strong>ideo</strong></span> <span class='ocrx_word' id='word_1_188' title='bbox 2791 1249 2936 1303; x_wconf 87' lang='lat' dir='ltr'><strong>odivi</strong></span> <span class='ocrx_word' id='word_1_189' title='bbox 2999 1263 3119 1304; x_wconf 89' lang='lat' dir='ltr'><strong>eam</strong></span> <span class='ocrx_word' id='word_1_190' title='bbox 3148 1248 3214 1303; x_wconf 71' lang='grc' dir='ltr'><strong>δ’.</strong></span> <span class='ocrx_word' id='word_1_191' title='bbox 3279 1267 3298 1301; x_wconf 76' lang='grc' dir='ltr'><strong>ι</strong></span> <span class='ocrx_word' id='word_1_192' title='bbox 3365 1249 3482 1304; x_wconf 87' lang='lat' dir='ltr'><strong>Fa-</strong></span> 
     </span>
    </p>
   </div>
   <div class='ocr_carea' id='block_1_27' title="bbox 1903 1339 3479 1409">
    <p class='ocr_par' dir='ltr' id='par_1_27' title="bbox 1903 1339 3479 1409">
     <span class='ocr_line' id='line_1_27' title="bbox 1903 1339 3479 1409; baseline 0.003 -18"><span class='ocrx_word' id='word_1_193' title='bbox 1903 1340 2005 1392; x_wconf 78' lang='lat' dir='ltr'><strong>cies</strong></span> <span class='ocrx_word' id='word_1_194' title='bbox 2035 1349 2207 1392; x_wconf 81' lang='lat' dir='ltr'><strong>autem</strong></span> <span class='ocrx_word' id='word_1_195' title='bbox 2238 1348 2314 1393; x_wconf 79' lang='lat' dir='ltr'><strong>est</strong></span> <span class='ocrx_word' id='word_1_196' title='bbox 2364 1339 2577 1403; x_wconf 87' lang='lat' dir='ltr'><strong>decora,</strong></span> <span class='ocrx_word' id='word_1_197' title='bbox 2613 1355 2736 1409; x_wconf 69' lang='lat' dir='ltr'><strong>qua:</strong></span> <span class='ocrx_word' id='word_1_198' title='bbox 2768 1355 2833 1395; x_wconf 80' lang='lat' dir='ltr'><strong>ex</strong></span> <span class='ocrx_word' id='word_1_199' title='bbox 2883 1339 3112 1409; x_wconf 84' lang='lat' dir='ltr'><strong>paciﬁco</strong></span> <span class='ocrx_word' id='word_1_200' title='bbox 3146 1349 3292 1396; x_wconf 90' lang='lat' dir='ltr'><strong>statu</strong></span> <span class='ocrx_word' id='word_1_201' title='bbox 3326 1350 3479 1396; x_wconf 81' lang='lat' dir='ltr'><strong>tran—</strong></span> 
     </span>
    </p>
   </div>
   <div class='ocr_carea' id='block_1_28' title="bbox 1903 1427 3566 1500">
    <p class='ocr_par' dir='ltr' id='par_1_28' title="bbox 1903 1427 3566 1500">
     <span class='ocr_line' id='line_1_28' title="bbox 1903 1427 3566 1500; baseline 0.002 -19"><span class='ocrx_word' id='word_1_202' title='bbox 1903 1427 2073 1497; x_wconf 92' lang='lat' dir='ltr'><strong>quillo</strong></span> <span class='ocrx_word' id='word_1_203' title='bbox 2111 1428 2328 1482; x_wconf 81' lang='lat' dir='ltr'><strong>exsistit</strong></span> <span class='ocrx_word' id='word_1_204' title='bbox 2369 1427 2650 1484; x_wconf 88' lang='lat' dir='ltr'><strong>:Ostende</strong></span> <span class='ocrx_word' id='word_1_205' title='bbox 2693 1429 2831 1482; x_wconf 88' lang='lat' dir='ltr'><strong>mihi</strong></span> <span class='ocrx_word' id='word_1_206' title='bbox 2859 1445 3010 1499; x_wconf 86' lang='lat' dir='ltr'><strong>ergo,</strong></span> <span class='ocrx_word' id='word_1_207' title='bbox 3045 1429 3244 1500; x_wconf 87' lang='lat' dir='ltr'><strong>inquit,</strong></span> <span class='ocrx_word' id='word_1_208' title='bbox 3281 1431 3476 1487; x_wconf 81' lang='lat' dir='ltr'><strong>faciem</strong></span> <span class='ocrx_word' id='word_1_209' title='bbox 3562 1445 3566 1450; x_wconf 85' lang='lat'>&#39;</span> 
     </span>
    </p>
   </div>
   <div class='ocr_carea' id='block_1_29' title="bbox 1909 1520 3480 1586">
    <p class='ocr_par' dir='ltr' id='par_1_29' title="bbox 1909 1520 3480 1586">
     <span class='ocr_line' id='line_1_29' title="bbox 1909 1520 3480 1586; baseline 0.007 -15"><span class='ocrx_word' id='word_1_210' title='bbox 1909 1526 2080 1585; x_wconf 89' lang='lat' dir='ltr'><strong>tuam,</strong></span> <span class='ocrx_word' id='word_1_211' title='bbox 2106 1527 2158 1572; x_wconf 92' lang='lat' dir='ltr'><strong>et</strong></span> <span class='ocrx_word' id='word_1_212' title='bbox 2182 1520 2421 1574; x_wconf 84' lang='lat' dir='ltr'><strong>auditam</strong></span> <span class='ocrx_word' id='word_1_213' title='bbox 2451 1521 2583 1575; x_wconf 89' lang='lat' dir='ltr'><strong>mihi</strong></span> <span class='ocrx_word' id='word_1_214' title='bbox 2615 1521 2702 1575; x_wconf 81' lang='lat' dir='ltr'><strong>fac</strong></span> <span class='ocrx_word' id='word_1_215' title='bbox 2726 1536 2912 1576; x_wconf 89' lang='lat' dir='ltr'><strong>vocem</strong></span> <span class='ocrx_word' id='word_1_216' title='bbox 2939 1529 3113 1586; x_wconf 88' lang='lat' dir='ltr'><strong>tuam,</strong></span> <span class='ocrx_word' id='word_1_217' title='bbox 3144 1531 3199 1577; x_wconf 93' lang='lat' dir='ltr'><strong>et</strong></span> <span class='ocrx_word' id='word_1_218' title='bbox 3231 1524 3480 1582; x_wconf 76' lang='lat' dir='ltr'><strong>moribus</strong></span> 
     </span>
    </p>
   </div>
   <div class='ocr_carea' id='block_1_30' title="bbox 221 1611 1813 1702">
    <p class='ocr_par' dir='ltr' id='par_1_30' title="bbox 221 1611 1805 1702">
     <span class='ocr_line' id='line_1_30' title="bbox 221 1611 1805 1702; baseline -0.015 -11"><span class='ocrx_word' id='word_1_219' title='bbox 221 1611 425 1702; x_wconf 72' lang='grc' dir='ltr'>ζουσα·</span> <span class='ocrx_word' id='word_1_220' title='bbox 459 1611 640 1698; x_wconf 75' lang='grc' dir='ltr'>Δεῖξον</span> <span class='ocrx_word' id='word_1_221' title='bbox 698 1646 786 1699; x_wconf 88' lang='grc' dir='ltr'><strong>μοι</strong></span> <span class='ocrx_word' id='word_1_222' title='bbox 826 1627 941 1690; x_wconf 83' lang='grc' dir='ltr'>οῦν,</span> <span class='ocrx_word' id='word_1_223' title='bbox 999 1624 1164 1693; x_wconf 68' lang='grc' dir='ltr'>φησὶν</span> <span class='ocrx_word' id='word_1_224' title='bbox 1189 1665 1202 1685; x_wconf 90' lang='grc'><strong>,</strong></span> <span class='ocrx_word' id='word_1_225' title='bbox 1233 1620 1330 1691; x_wconf 77' lang='grc' dir='ltr'><strong>τὴν</strong></span> <span class='ocrx_word' id='word_1_226' title='bbox 1376 1618 1498 1688; x_wconf 76' lang='grc' dir='ltr'>ὄψιν</span> <span class='ocrx_word' id='word_1_227' title='bbox 1548 1633 1663 1682; x_wconf 88' lang='grc' dir='ltr'>σου,</span> <span class='ocrx_word' id='word_1_228' title='bbox 1713 1616 1805 1669; x_wconf 76' lang='grc' dir='ltr'><strong>καὶ</strong></span> 
     </span>
    </p>
   </div>
   <div class='ocr_carea' id='block_1_31' title="bbox 1914 1611 3483 1702">
    <p class='ocr_par' dir='ltr' id='par_1_31' title="bbox 1914 1611 3483 1684">
     <span class='ocr_line' id='line_1_31' title="bbox 1914 1611 3483 1684; baseline 0.004 -20"><span class='ocrx_word' id='word_1_229' title='bbox 1914 1618 1961 1664; x_wconf 80' lang='lat' dir='ltr'><strong>et</strong></span> <span class='ocrx_word' id='word_1_230' title='bbox 1989 1611 2169 1666; x_wconf 84' lang='lat' dir='ltr'><strong>verbis</strong></span> <span class='ocrx_word' id='word_1_231' title='bbox 2201 1612 2264 1666; x_wconf 89' lang='lat' dir='ltr'><strong>ad</strong></span> <span class='ocrx_word' id='word_1_232' title='bbox 2293 1612 2553 1681; x_wconf 86' lang='lat' dir='ltr'><strong>placitum</strong></span> <span class='ocrx_word' id='word_1_233' title='bbox 2575 1627 2756 1667; x_wconf 88' lang='lat' dir='ltr'><strong>meum</strong></span> <span class='ocrx_word' id='word_1_234' title='bbox 2782 1621 3070 1680; x_wconf 80' lang='lat' dir='ltr'><strong>exornata,</strong></span> <span class='ocrx_word' id='word_1_235' title='bbox 3102 1622 3157 1668; x_wconf 88' lang='lat' dir='ltr'><strong>et</strong></span> <span class='ocrx_word' id='word_1_236' title='bbox 3176 1616 3483 1684; x_wconf 87' lang='lat' dir='ltr'><strong>pulchritu—</strong></span> 
     </span>
    </p>
   </div>
   <div class='ocr_carea' id='block_1_32' title="bbox 223 1701 1813 1790">
    <p class='ocr_par' dir='ltr' id='par_1_32' title="bbox 223 1701 1806 1790">
     <span class='ocr_line' id='line_1_32' title="bbox 223 1701 1806 1790; baseline -0.015 -11"><span class='ocrx_word' id='word_1_237' title='bbox 223 1701 515 1781; x_wconf 68' lang='grc' dir='ltr'>ακούτισόν</span> <span class='ocrx_word' id='word_1_238' title='bbox 570 1737 638 1790; x_wconf 91' lang='grc' dir='ltr'><strong>με</strong></span> <span class='ocrx_word' id='word_1_239' title='bbox 672 1717 768 1788; x_wconf 79' lang='grc' dir='ltr'>τὴν</span> <span class='ocrx_word' id='word_1_240' title='bbox 819 1716 1005 1786; x_wconf 85' lang='grc' dir='ltr'>φωνήν</span> <span class='ocrx_word' id='word_1_241' title='bbox 1055 1730 1147 1765; x_wconf 89' lang='grc' dir='ltr'><strong>σου</strong></span> <span class='ocrx_word' id='word_1_242' title='bbox 1177 1728 1190 1742; x_wconf 90' lang='grc'><strong>·</strong></span> <span class='ocrx_word' id='word_1_243' title='bbox 1245 1710 1338 1764; x_wconf 73' lang='grc' dir='ltr'><strong>καὶ</strong></span> <span class='ocrx_word' id='word_1_244' title='bbox 1366 1707 1487 1780; x_wconf 79' lang='grc' dir='ltr'>ῆθει</span> <span class='ocrx_word' id='word_1_245' title='bbox 1521 1707 1614 1760; x_wconf 75' lang='grc' dir='ltr'>καὶ</span> <span class='ocrx_word' id='word_1_246' title='bbox 1662 1706 1806 1774; x_wconf 83' lang='grc' dir='ltr'>λόγῳ</span> 
     </span>
    </p>
   </div>
   <div class='ocr_carea' id='block_1_33' title="bbox 1914 1701 3482 1790">
    <p class='ocr_par' dir='ltr' id='par_1_33' title="bbox 1914 1701 3482 1773">
     <span class='ocr_line' id='line_1_33' title="bbox 1914 1701 3482 1773; baseline 0.004 -19"><span class='ocrx_word' id='word_1_247' title='bbox 1914 1701 2087 1756; x_wconf 84' lang='lat' dir='ltr'><strong>dinem</strong></span> <span class='ocrx_word' id='word_1_248' title='bbox 2124 1717 2349 1772; x_wconf 91' lang='lat' dir='ltr'><strong>operum</strong></span> <span class='ocrx_word' id='word_1_249' title='bbox 2390 1711 2445 1758; x_wconf 91' lang='lat' dir='ltr'><strong>et</strong></span> <span class='ocrx_word' id='word_1_250' title='bbox 2474 1719 2660 1757; x_wconf 91' lang='lat' dir='ltr'><strong>curam</strong></span> <span class='ocrx_word' id='word_1_251' title='bbox 2696 1704 3009 1773; x_wconf 83' lang='lat' dir='ltr'><strong>dogmatum</strong></span> <span class='ocrx_word' id='word_1_252' title='bbox 3051 1715 3482 1771; x_wconf 85' lang='lat' dir='ltr'><strong>consentaneam</strong></span> 
     </span>
    </p>
   </div>
   <div class='ocr_carea' id='block_1_34' title="bbox 224 1779 1813 1886">
    <p class='ocr_par' dir='ltr' id='par_1_34' title="bbox 224 1779 1806 1886">
     <span class='ocr_line' id='line_1_34' title="bbox 224 1779 1806 1886; baseline -0.013 -16"><span class='ocrx_word' id='word_1_253' title='bbox 224 1779 363 1886; x_wconf 54' lang='grc' dir='ltr'><strong>⁸πρὸς</strong></span> <span class='ocrx_word' id='word_1_254' title='bbox 388 1815 532 1883; x_wconf 84' lang='grc' dir='ltr'>ὲμὴν</span> <span class='ocrx_word' id='word_1_255' title='bbox 564 1779 914 1878; x_wconf 61' lang='grc' dir='ltr'>κοσμουμένη</span> <span class='ocrx_word' id='word_1_256' title='bbox 949 1779 1262 1875; x_wconf 60' lang='grc' dir='ltr'>ἀρέσκειαν,</span> <span class='ocrx_word' id='word_1_257' title='bbox 1306 1779 1403 1854; x_wconf 59' lang='grc' dir='ltr'><strong>καί</strong></span> <span class='ocrx_word' id='word_1_258' title='bbox 1444 1798 1636 1860; x_wconf 86' lang='grc' dir='ltr'>κάλλος</span> <span class='ocrx_word' id='word_1_259' title='bbox 1664 1797 1806 1868; x_wconf 84' lang='grc' dir='ltr'>πρά-</span> 
     </span>
    </p>
   </div>
   <div class='ocr_carea' id='block_1_35' title="bbox 1914 1779 3486 1886">
    <p class='ocr_par' dir='ltr' id='par_1_35' title="bbox 1914 1793 3486 1867">
     <span class='ocr_line' id='line_1_35' title="bbox 1914 1793 3486 1867; baseline 0.004 -21"><span class='ocrx_word' id='word_1_260' title='bbox 1914 1793 2206 1859; x_wconf 82' lang='lat' dir='ltr'><strong>exhibens;</strong></span> <span class='ocrx_word' id='word_1_261' title='bbox 2237 1794 2282 1848; x_wconf 89' lang='lat' dir='ltr'><strong>si</strong></span> <span class='ocrx_word' id='word_1_262' title='bbox 2313 1795 2438 1863; x_wconf 87' lang='lat' dir='ltr'><strong>quis</strong></span> <span class='ocrx_word' id='word_1_263' title='bbox 2464 1809 2596 1849; x_wconf 82' lang='lat' dir='ltr'><strong>vero</strong></span> <span class='ocrx_word' id='word_1_264' title='bbox 2627 1793 2827 1850; x_wconf 81' lang='lat' dir='ltr'><strong>dixerit</strong></span> <span class='ocrx_word' id='word_1_265' title='bbox 2871 1807 3088 1854; x_wconf 87' lang='lat' dir='ltr'><strong>murum</strong></span> <span class='ocrx_word' id='word_1_266' title='bbox 3139 1795 3336 1867; x_wconf 85' lang='lat' dir='ltr'><strong>legem,</strong></span> <span class='ocrx_word' id='word_1_267' title='bbox 3381 1813 3486 1859; x_wconf 52' lang='lat' dir='ltr'><strong>ant-</strong></span> 
     </span>
    </p>
   </div>
   <div class='ocr_carea' id='block_1_36' title="bbox 226 1885 1813 1972">
    <p class='ocr_par' dir='ltr' id='par_1_36' title="bbox 226 1885 1810 1972">
     <span class='ocr_line' id='line_1_36' title="bbox 226 1885 1810 1972; baseline -0.013 -11"><span class='ocrx_word' id='word_1_268' title='bbox 226 1885 364 1972; x_wconf 80' lang='grc' dir='ltr'>ξεων</span> <span class='ocrx_word' id='word_1_269' title='bbox 405 1906 502 1958; x_wconf 79' lang='grc' dir='ltr'><strong>καὶ</strong></span> <span class='ocrx_word' id='word_1_270' title='bbox 539 1901 858 1971; x_wconf 70' lang='grc' dir='ltr'>ἐπιμέλειαν</span> <span class='ocrx_word' id='word_1_271' title='bbox 909 1897 1192 1965; x_wconf 81' lang='grc' dir='ltr'><strong>δογμάτων</strong></span> <span class='ocrx_word' id='word_1_272' title='bbox 1254 1891 1544 1963; x_wconf 77' lang='grc' dir='ltr'>σύμφωνον</span> <span class='ocrx_word' id='word_1_273' title='bbox 1609 1889 1810 1942; x_wconf 84' lang='grc' dir='ltr'>ὲπιδει-</span> 
     </span>
    </p>
   </div>
   <div class='ocr_carea' id='block_1_37' title="bbox 1914 1885 3484 1972">
    <p class='ocr_par' dir='ltr' id='par_1_37' title="bbox 1914 1885 3484 1962">
     <span class='ocr_line' id='line_1_37' title="bbox 1914 1885 3484 1962; baseline 0.006 -26"><span class='ocrx_word' id='word_1_274' title='bbox 1914 1885 2176 1942; x_wconf 84' lang='lat' dir='ltr'><strong>temurale</strong></span> <span class='ocrx_word' id='word_1_275' title='bbox 2217 1885 2374 1940; x_wconf 86' lang='lat' dir='ltr'><strong>decet</strong></span> <span class='ocrx_word' id='word_1_276' title='bbox 2397 1901 2525 1941; x_wconf 89' lang='lat' dir='ltr'><strong>esse</strong></span> <span class='ocrx_word' id='word_1_277' title='bbox 2555 1887 2725 1955; x_wconf 80' lang='lat' dir='ltr'><strong>legent</strong></span> <span class='ocrx_word' id='word_1_278' title='bbox 2763 1888 3087 1954; x_wconf 87' lang='lat' dir='ltr'><strong>naturalem,</strong></span> <span class='ocrx_word' id='word_1_279' title='bbox 3126 1888 3283 1958; x_wconf 76' lang='lat' dir='ltr'><strong>juxta</strong></span> <span class='ocrx_word' id='word_1_280' title='bbox 3317 1905 3484 1962; x_wconf 87' lang='lat' dir='ltr'><strong>quam</strong></span> 
     </span>
    </p>
   </div>
   <div class='ocr_carea' id='block_1_38' title="bbox 227 1978 1813 2069">
    <p class='ocr_par' dir='ltr' id='par_1_38' title="bbox 227 1980 1810 2069">
     <span class='ocr_line' id='line_1_38' title="bbox 227 1980 1810 2069; baseline -0.015 -15"><span class='ocrx_word' id='word_1_281' title='bbox 227 1999 475 2069; x_wconf 79' lang='grc' dir='ltr'>κνυμένη</span> <span class='ocrx_word' id='word_1_282' title='bbox 565 1996 616 2048; x_wconf 85' lang='grc' dir='ltr'>εἰ</span> <span class='ocrx_word' id='word_1_283' title='bbox 657 1994 714 2046; x_wconf 79' lang='grc' dir='ltr'>δέ</span> <span class='ocrx_word' id='word_1_284' title='bbox 761 2009 844 2054; x_wconf 75' lang='grc' dir='ltr'><strong>τις</strong></span> <span class='ocrx_word' id='word_1_285' title='bbox 871 1990 1000 2060; x_wconf 77' lang='grc' dir='ltr'>εἴπῃ</span> <span class='ocrx_word' id='word_1_286' title='bbox 1031 1990 1208 2058; x_wconf 88' lang='grc' dir='ltr'>τεῖχος</span> <span class='ocrx_word' id='word_1_287' title='bbox 1249 1985 1342 2038; x_wconf 80' lang='grc' dir='ltr'><strong>τὸν</strong></span> <span class='ocrx_word' id='word_1_288' title='bbox 1375 1984 1555 2053; x_wconf 90' lang='grc' dir='ltr'>νόμον,</span> <span class='ocrx_word' id='word_1_289' title='bbox 1587 1980 1810 2050; x_wconf 84' lang='grc' dir='ltr'>προτεί-</span> 
     </span>
    </p>
   </div>
   <div class='ocr_carea' id='block_1_39' title="bbox 1914 1978 3488 2069">
    <p class='ocr_par' dir='ltr' id='par_1_39' title="bbox 1914 1978 3488 2049">
     <span class='ocr_line' id='line_1_39' title="bbox 1914 1978 3488 2049; baseline 0.003 -19"><span class='ocrx_word' id='word_1_290' title='bbox 1914 1986 1994 2030; x_wconf 89' lang='lat' dir='ltr'><strong>est</strong></span> <span class='ocrx_word' id='word_1_291' title='bbox 2024 1985 2196 2046; x_wconf 83' lang='lat' dir='ltr'><strong>petra.</strong></span> <span class='ocrx_word' id='word_1_292' title='bbox 2229 1978 2349 2037; x_wconf 73' lang='lat' dir='ltr'><strong>Prae</strong></span> <span class='ocrx_word' id='word_1_293' title='bbox 2379 1979 2494 2049; x_wconf 88' lang='lat' dir='ltr'><strong>lege</strong></span> <span class='ocrx_word' id='word_1_294' title='bbox 2528 1980 2672 2034; x_wconf 88' lang='lat' dir='ltr'><strong>enim</strong></span> <span class='ocrx_word' id='word_1_295' title='bbox 2703 1979 2870 2044; x_wconf 90' lang='lat' dir='ltr'><strong>dicta,</strong></span> <span class='ocrx_word' id='word_1_296' title='bbox 2916 1980 3000 2034; x_wconf 74' lang='lat' dir='ltr'><strong>lex</strong></span> <span class='ocrx_word' id='word_1_297' title='bbox 3047 1983 3316 2039; x_wconf 82' lang='lat' dir='ltr'><strong>naturalis</strong></span> <span class='ocrx_word' id='word_1_298' title='bbox 3346 1984 3488 2040; x_wconf 52' lang='lat' dir='ltr'><strong>vicit-</strong></span> 
     </span>
    </p>
   </div>
   <div class='ocr_carea' id='block_1_40' title="bbox 230 2067 1813 2163">
    <p class='ocr_par' dir='ltr' id='par_1_40' title="bbox 230 2067 1810 2163">
     <span class='ocr_line' id='line_1_40' title="bbox 230 2067 1810 2163; baseline -0.013 -19"><span class='ocrx_word' id='word_1_299' title='bbox 230 2067 408 2163; x_wconf 78' lang='grc' dir='ltr'>χισμα</span> <span class='ocrx_word' id='word_1_300' title='bbox 450 2088 542 2142; x_wconf 83' lang='grc' dir='ltr'><strong>τὸν</strong></span> <span class='ocrx_word' id='word_1_301' title='bbox 578 2084 806 2155; x_wconf 80' lang='grc' dir='ltr'>φυσικὸν</span> <span class='ocrx_word' id='word_1_302' title='bbox 851 2081 967 2153; x_wconf 72' lang='grc' dir='ltr'>ἐρεῖ</span> <span class='ocrx_word' id='word_1_303' title='bbox 1006 2080 1193 2148; x_wconf 86' lang='grc' dir='ltr'>νόμον,</span> <span class='ocrx_word' id='word_1_304' title='bbox 1234 2068 1297 2129; x_wconf 81' lang='grc' dir='ltr'><strong>οῦ</strong></span> <span class='ocrx_word' id='word_1_305' title='bbox 1325 2073 1562 2145; x_wconf 65' lang='grc' dir='ltr'>ἑχόμενά</span> <span class='ocrx_word' id='word_1_306' title='bbox 1598 2076 1746 2126; x_wconf 84' lang='grc' dir='ltr'>ἐστιν</span> <span class='ocrx_word' id='word_1_307' title='bbox 1777 2073 1810 2142; x_wconf 80' lang='grc' dir='ltr'><strong>ἠ</strong></span> 
     </span>
    </p>
   </div>
   <div class='ocr_carea' id='block_1_41' title="bbox 1914 2067 3488 2163">
    <p class='ocr_par' dir='ltr' id='par_1_41' title="bbox 1914 2067 3488 2141">
     <span class='ocr_line' id='line_1_41' title="bbox 1914 2067 3488 2141; baseline 0.004 -21"><span class='ocrx_word' id='word_1_308' title='bbox 1914 2067 2036 2120; x_wconf 91' lang='lat' dir='ltr'><strong>nior</strong></span> <span class='ocrx_word' id='word_1_309' title='bbox 2061 2077 2144 2123; x_wconf 90' lang='lat' dir='ltr'><strong>est</strong></span> <span class='ocrx_word' id='word_1_310' title='bbox 2170 2070 2270 2138; x_wconf 69' lang='lat' dir='ltr'><strong>legi</strong></span> <span class='ocrx_word' id='word_1_311' title='bbox 2298 2069 2524 2136; x_wconf 84' lang='lat' dir='ltr'><strong>Christi,</strong></span> <span class='ocrx_word' id='word_1_312' title='bbox 2559 2071 2610 2124; x_wconf 89' lang='lat' dir='ltr'><strong>in</strong></span> <span class='ocrx_word' id='word_1_313' title='bbox 2651 2086 2760 2141; x_wconf 92' lang='lat' dir='ltr'><strong>quo</strong></span> <span class='ocrx_word' id='word_1_314' title='bbox 2804 2072 2896 2140; x_wconf 89' lang='lat' dir='ltr'><strong>qui</strong></span> <span class='ocrx_word' id='word_1_315' title='bbox 2934 2071 3100 2128; x_wconf 91' lang='lat' dir='ltr'><strong>vitam</strong></span> <span class='ocrx_word' id='word_1_316' title='bbox 3135 2088 3291 2134; x_wconf 80' lang='lat' dir='ltr'><strong>suam</strong></span> <span class='ocrx_word' id='word_1_317' title='bbox 3325 2075 3488 2129; x_wconf 44' lang='lat' dir='ltr'><strong>instit-</strong></span> 
     </span>
    </p>
   </div>
   <div class='ocr_carea' id='block_1_42' title="bbox 230 2163 1813 2252">
    <p class='ocr_par' dir='ltr' id='par_1_42' title="bbox 230 2163 1813 2252">
     <span class='ocr_line' id='line_1_42' title="bbox 230 2163 1813 2252; baseline -0.014 -16"><span class='ocrx_word' id='word_1_318' title='bbox 230 2185 407 2252; x_wconf 75' lang='grc' dir='ltr'>πέτρα</span> <span class='ocrx_word' id='word_1_319' title='bbox 433 2197 447 2210; x_wconf 90' lang='grc'><strong>·</strong></span> <span class='ocrx_word' id='word_1_320' title='bbox 509 2178 712 2249; x_wconf 75' lang='grc' dir='ltr'>μᾶλλον</span> <span class='ocrx_word' id='word_1_321' title='bbox 762 2176 870 2244; x_wconf 82' lang='grc' dir='ltr'>γὰρ</span> <span class='ocrx_word' id='word_1_322' title='bbox 918 2172 1010 2226; x_wconf 90' lang='grc' dir='ltr'><strong>τοῦ</strong></span> <span class='ocrx_word' id='word_1_323' title='bbox 1066 2169 1230 2242; x_wconf 81' lang='grc' dir='ltr'>ῥητοῦ</span> <span class='ocrx_word' id='word_1_324' title='bbox 1284 2167 1448 2237; x_wconf 88' lang='grc' dir='ltr'>νόμου</span> <span class='ocrx_word' id='word_1_325' title='bbox 1501 2166 1530 2252; x_wconf 64' lang='grc' dir='ltr'><strong>δ</strong></span> <span class='ocrx_word' id='word_1_326' title='bbox 1587 2163 1813 2234; x_wconf 82' lang='grc' dir='ltr'>φυσικὸς</span> 
     </span>
    </p>
   </div>
   <div class='ocr_carea' id='block_1_43' title="bbox 228 2249 1813 2344">
    <p class='ocr_par' dir='ltr' id='par_1_43' title="bbox 228 2249 1813 2344">
     <span class='ocr_line' id='line_1_43' title="bbox 228 2249 1813 2344; baseline -0.015 -17"><span class='ocrx_word' id='word_1_327' title='bbox 228 2249 619 2344; x_wconf 80' lang='grc' dir='ltr'>πλησιαίτερος</span> <span class='ocrx_word' id='word_1_328' title='bbox 648 2268 745 2332; x_wconf 82' lang='grc' dir='ltr'>ὣν,</span> <span class='ocrx_word' id='word_1_329' title='bbox 792 2264 1051 2334; x_wconf 75' lang='grc' dir='ltr'><strong>τυγχάνει</strong></span> <span class='ocrx_word' id='word_1_330' title='bbox 1082 2257 1318 2331; x_wconf 75' lang='grc' dir='ltr'><strong>Χριστοῦ</strong></span> <span class='ocrx_word' id='word_1_331' title='bbox 1345 2274 1358 2286; x_wconf 90' lang='grc'>·</span> <span class='ocrx_word' id='word_1_332' title='bbox 1397 2258 1454 2310; x_wconf 80' lang='grc' dir='ltr'>ὲν</span> <span class='ocrx_word' id='word_1_333' title='bbox 1489 2249 1534 2322; x_wconf 82' lang='grc' dir='ltr'>ᾧ</span> <span class='ocrx_word' id='word_1_334' title='bbox 1566 2254 1813 2307; x_wconf 85' lang='grc' dir='ltr'>πολιτευ-</span> 
     </span>
    </p>
   </div>
   <div class='ocr_carea' id='block_1_44' title="bbox 230 2347 1818 2433">
    <p class='ocr_par' dir='ltr' id='par_1_44' title="bbox 230 2347 1818 2433">
     <span class='ocr_line' id='line_1_44' title="bbox 230 2347 1818 2433; baseline -0.014 -15"><span class='ocrx_word' id='word_1_335' title='bbox 230 2367 460 2433; x_wconf 81' lang='grc' dir='ltr'>σάμενοι</span> <span class='ocrx_word' id='word_1_336' title='bbox 504 2363 554 2414; x_wconf 78' lang='grc' dir='ltr'><strong>οἱ</strong></span> <span class='ocrx_word' id='word_1_337' title='bbox 601 2359 746 2428; x_wconf 86' lang='grc' dir='ltr'>ἁγίοι</span> <span class='ocrx_word' id='word_1_338' title='bbox 803 2355 1179 2426; x_wconf 76' lang='grc' dir='ltr'>εὐηρὲστησαν</span> <span class='ocrx_word' id='word_1_339' title='bbox 1233 2350 1311 2421; x_wconf 80' lang='grc' dir='ltr'><strong>τῷ</strong></span> <span class='ocrx_word' id='word_1_340' title='bbox 1357 2347 1508 2420; x_wconf 76' lang='grc' dir='ltr'><strong>Θεῷ*</strong></span> <span class='ocrx_word' id='word_1_341' title='bbox 1559 2347 1818 2416; x_wconf 79' lang='grc' dir='ltr'><strong>φυσικαῖς</strong></span> 
     </span>
    </p>
   </div>
   <div class='ocr_carea' id='block_1_45' title="bbox 228 2435 1821 2528">
    <p class='ocr_par' dir='ltr' id='par_1_45' title="bbox 228 2435 1821 2528">
     <span class='ocr_line' id='line_1_45' title="bbox 228 2435 1821 2528; baseline -0.016 -17"><span class='ocrx_word' id='word_1_342' title='bbox 228 2458 434 2528; x_wconf 79' lang='grc' dir='ltr'>ὁρμαῖς</span> <span class='ocrx_word' id='word_1_343' title='bbox 455 2453 692 2522; x_wconf 87' lang='grc' dir='ltr'>γνῶντες</span> <span class='ocrx_word' id='word_1_344' title='bbox 719 2449 780 2502; x_wconf 84' lang='grc' dir='ltr'><strong>τὸ</strong></span> <span class='ocrx_word' id='word_1_345' title='bbox 805 2449 1014 2501; x_wconf 86' lang='grc' dir='ltr'>δίκαιον</span> <span class='ocrx_word' id='word_1_346' title='bbox 1041 2461 1054 2478; x_wconf 81' lang='grc'><em>’</em></span> <span class='ocrx_word' id='word_1_347' title='bbox 1090 2443 1184 2498; x_wconf 75' lang='grc' dir='ltr'><strong>καὶ</strong></span> <span class='ocrx_word' id='word_1_348' title='bbox 1212 2439 1522 2495; x_wconf 87' lang='grc' dir='ltr'>διδάσκαλοι</span> <span class='ocrx_word' id='word_1_349' title='bbox 1553 2437 1664 2489; x_wconf 89' lang='grc' dir='ltr'><strong>τῶν</strong></span> <span class='ocrx_word' id='word_1_350' title='bbox 1685 2435 1821 2528; x_wconf 63' lang='grc' dir='ltr'>καθα</span> 
     </span>
    </p>
   </div>
   <div class='ocr_carea' id='block_1_46' title="bbox 230 2526 1820 2614">
    <p class='ocr_par' dir='ltr' id='par_1_46' title="bbox 230 2526 1820 2614">
     <span class='ocr_line' id='line_1_46' title="bbox 230 2526 1820 2614; baseline -0.013 -15"><span class='ocrx_word' id='word_1_351' title='bbox 230 2526 480 2614; x_wconf 78' lang='grc' dir='ltr'>ηκόντων</span> <span class='ocrx_word' id='word_1_352' title='bbox 536 2542 692 2594; x_wconf 78' lang='grc' dir='ltr'>αὐτοὶ</span> <span class='ocrx_word' id='word_1_353' title='bbox 738 2539 952 2600; x_wconf 80' lang='grc' dir='ltr'>ἑαυτοῖς</span> <span class='ocrx_word' id='word_1_354' title='bbox 1019 2534 1303 2604; x_wconf 82' lang='grc' dir='ltr'>γενόμενοι</span> <span class='ocrx_word' id='word_1_355' title='bbox 1338 2546 1353 2563; x_wconf 83' lang='lat'><strong><em>°</em></strong></span> <span class='ocrx_word' id='word_1_356' title='bbox 1397 2531 1494 2584; x_wconf 75' lang='grc' dir='ltr'>καὶ</span> <span class='ocrx_word' id='word_1_357' title='bbox 1529 2530 1559 2583; x_wconf 82' lang='grc' dir='ltr'>ὁ</span> <span class='ocrx_word' id='word_1_358' title='bbox 1609 2526 1820 2589; x_wconf 84' lang='grc' dir='ltr'>Παῦλος</span> 
     </span>
    </p>
   </div>
   <div class='ocr_carea' id='block_1_47' title="bbox 112 2619 1822 2706">
    <p class='ocr_par' dir='ltr' id='par_1_47' title="bbox 112 2619 1822 2706">
     <span class='ocr_line' id='line_1_47' title="bbox 112 2619 1822 2706; baseline -0.012 -14"><span class='ocrx_word' id='word_1_359' title='bbox 112 2681 114 2683; x_wconf 85' lang='grc'><strong>-</strong></span> <span class='ocrx_word' id='word_1_360' title='bbox 227 2637 286 2690; x_wconf 78' lang='grc' dir='ltr'>δέ</span> <span class='ocrx_word' id='word_1_361' title='bbox 309 2654 465 2706; x_wconf 84' lang='grc' dir='ltr'>φησι,</span> <span class='ocrx_word' id='word_1_362' title='bbox 498 2653 517 2687; x_wconf 78' lang='grc' dir='ltr'><strong>ι</strong></span> <span class='ocrx_word' id='word_1_363' title='bbox 550 2634 732 2704; x_wconf 81' lang='grc' dir='ltr'>Νόμος</span> <span class='ocrx_word' id='word_1_364' title='bbox 756 2631 811 2684; x_wconf 83' lang='grc' dir='ltr'><strong>δὲ</strong></span> <span class='ocrx_word' id='word_1_365' title='bbox 841 2626 1249 2701; x_wconf 77' lang='grc' dir='ltr'>παρεισῆλθε,,ι</span> <span class='ocrx_word' id='word_1_366' title='bbox 1297 2625 1398 2694; x_wconf 82' lang='grc' dir='ltr'>τὴν</span> <span class='ocrx_word' id='word_1_367' title='bbox 1455 2619 1690 2692; x_wconf 79' lang='grc' dir='ltr'>ἀρχαίαν</span> <span class='ocrx_word' id='word_1_368' title='bbox 1725 2620 1822 2674; x_wconf 79' lang='grc' dir='ltr'><strong>καὶ</strong></span> 
     </span>
    </p>
   </div>
   <div class='ocr_carea' id='block_1_48' title="bbox 227 2710 1818 2797">
    <p class='ocr_par' dir='ltr' id='par_1_48' title="bbox 227 2710 1818 2797">
     <span class='ocr_line' id='line_1_48' title="bbox 227 2710 1818 2797; baseline -0.012 -16"><span class='ocrx_word' id='word_1_369' title='bbox 227 2728 331 2797; x_wconf 77' lang='grc' dir='ltr'>τὴν</span> <span class='ocrx_word' id='word_1_370' title='bbox 377 2727 615 2795; x_wconf 77' lang='grc' dir='ltr'>ὑστάτην</span> <span class='ocrx_word' id='word_1_371' title='bbox 685 2723 816 2794; x_wconf 81' lang='grc' dir='ltr'>μίαν</span> <span class='ocrx_word' id='word_1_372' title='bbox 867 2716 1033 2774; x_wconf 79' lang='grc' dir='ltr'>οὖσαν</span> <span class='ocrx_word' id='word_1_373' title='bbox 1087 2715 1466 2787; x_wconf 81' lang='grc' dir='ltr'>μεσολαϐήσας</span> <span class='ocrx_word' id='word_1_374' title='bbox 1517 2710 1818 2765; x_wconf 79' lang='grc' dir='ltr'>πολιτείαν.</span> 
     </span>
    </p>
   </div>
   <div class='ocr_carea' id='block_1_49' title="bbox 317 2799 1823 2885">
    <p class='ocr_par' dir='ltr' id='par_1_49' title="bbox 317 2799 1823 2885">
     <span class='ocr_line' id='line_1_49' title="bbox 317 2799 1823 2885; baseline -0.013 -13"><span class='ocrx_word' id='word_1_375' title='bbox 317 2816 675 2885; x_wconf 77' lang='grc' dir='ltr'>Ὠριγένους.</span> <span class='ocrx_word' id='word_1_376' title='bbox 701 2844 767 2856; x_wconf 91' lang='grc'><strong><em>-</em></strong></span> <span class='ocrx_word' id='word_1_377' title='bbox 792 2810 1053 2866; x_wconf 87' lang='grc' dir='ltr'>Βούλεται</span> <span class='ocrx_word' id='word_1_378' title='bbox 1084 2809 1182 2879; x_wconf 82' lang='grc' dir='ltr'>τὴν</span> <span class='ocrx_word' id='word_1_379' title='bbox 1210 2807 1407 2878; x_wconf 77' lang='grc' dir='ltr'>ψυχὴν,</span> <span class='ocrx_word' id='word_1_380' title='bbox 1437 2821 1492 2858; x_wconf 88' lang='grc' dir='ltr'><strong>κ.</strong></span> <span class='ocrx_word' id='word_1_381' title='bbox 1516 2820 1568 2856; x_wconf 87' lang='grc' dir='ltr'><strong>τ.</strong></span> <span class='ocrx_word' id='word_1_382' title='bbox 1595 2803 1646 2856; x_wconf 87' lang='grc' dir='ltr'>λ.</span> <span class='ocrx_word' id='word_1_383' title='bbox 1681 2799 1823 2871; x_wconf 83' lang='grc'><strong>(⁸59).</strong></span> 
     </span>
    </p>
   </div>
   <div class='ocr_carea' id='block_1_50' title="bbox 306 2892 1824 2972">
    <p class='ocr_par' dir='ltr' id='par_1_50' title="bbox 306 2892 1824 2972">
     <span class='ocr_line' id='line_1_50' title="bbox 306 2892 1824 2972; baseline -0.011 -11"><span class='ocrx_word' id='word_1_384' title='bbox 306 2913 392 2962; x_wconf 88' lang='grc' dir='ltr'>ιε’.</span> <span class='ocrx_word' id='word_1_385' title='bbox 449 2906 713 2960; x_wconf 83' lang='grc' dir='ltr'>Πιάσατε</span> <span class='ocrx_word' id='word_1_386' title='bbox 769 2901 914 2972; x_wconf 75' lang='grc' dir='ltr'>ἡμῖν</span> <span class='ocrx_word' id='word_1_387' title='bbox 967 2898 1283 2961; x_wconf 70' lang='grc' dir='ltr'>ἀλώπεκας</span> <span class='ocrx_word' id='word_1_388' title='bbox 1327 2893 1575 2964; x_wconf 80' lang='grc' dir='ltr'>μικροὺς</span> <span class='ocrx_word' id='word_1_389' title='bbox 1610 2892 1824 2960; x_wconf 68' lang='grc' dir='ltr'>ἀφανί-</span> 
     </span>
    </p>
   </div>
   <div class='ocr_carea' id='block_1_51' title="bbox 227 2981 1828 3064">
    <p class='ocr_par' dir='ltr' id='par_1_51' title="bbox 227 2981 1828 3064">
     <span class='ocr_line' id='line_1_51' title="bbox 227 2981 1828 3064; baseline -0.012 -11"><span class='ocrx_word' id='word_1_390' title='bbox 227 2999 450 3062; x_wconf 79' lang='grc' dir='ltr'>ζοντας</span> <span class='ocrx_word' id='word_1_391' title='bbox 498 2992 861 3064; x_wconf 76' lang='grc' dir='ltr'><strong>ἀμπελῶνας</strong></span> <span class='ocrx_word' id='word_1_392' title='bbox 896 3007 910 3020; x_wconf 88' lang='grc'><strong>·</strong></span> <span class='ocrx_word' id='word_1_393' title='bbox 971 2989 1072 3046; x_wconf 76' lang='grc' dir='ltr'>καὶ</span> <span class='ocrx_word' id='word_1_394' title='bbox 1116 2989 1172 3041; x_wconf 82' lang='grc' dir='ltr'><strong>οι</strong></span> <span class='ocrx_word' id='word_1_395' title='bbox 1227 2986 1483 3056; x_wconf 75' lang='grc' dir='ltr'>ἄμπελοι</span> <span class='ocrx_word' id='word_1_396' title='bbox 1529 2981 1698 3052; x_wconf 78' lang='grc' dir='ltr'>ἡμῶν</span> <span class='ocrx_word' id='word_1_397' title='bbox 1723 2998 1828 3034; x_wconf 86' lang='grc' dir='ltr'>κυ-</span> 
     </span>
    </p>
   </div>
   <div class='ocr_carea' id='block_1_52' title="bbox 228 3088 569 3159">
    <p class='ocr_par' dir='ltr' id='par_1_52' title="bbox 228 3088 569 3159">
     <span class='ocr_line' id='line_1_52' title="bbox 228 3088 569 3159; baseline -0.012 -15"><span class='ocrx_word' id='word_1_398' title='bbox 228 3088 569 3159; x_wconf 73' lang='grc' dir='ltr'><strong>πρίζουσιν.</strong></span> 
     </span>
    </p>
   </div>
   <div class='ocr_carea' id='block_1_53' title="bbox 1917 2158 3486 2227">
    <p class='ocr_par' dir='ltr' id='par_1_53' title="bbox 1917 2158 3486 2227">
     <span class='ocr_line' id='line_1_53' title="bbox 1917 2158 3486 2227; baseline 0.007 -20"><span class='ocrx_word' id='word_1_399' title='bbox 1917 2162 2140 2210; x_wconf 89' lang='lat' dir='ltr'><strong>tucrunt</strong></span> <span class='ocrx_word' id='word_1_400' title='bbox 2169 2159 2342 2213; x_wconf 89' lang='lat' dir='ltr'><strong>sancti</strong></span> <span class='ocrx_word' id='word_1_401' title='bbox 2375 2161 2698 2227; x_wconf 87' lang='lat' dir='ltr'><strong>placuerunt</strong></span> <span class='ocrx_word' id='word_1_402' title='bbox 2736 2158 2864 2225; x_wconf 90' lang='lat' dir='ltr'><strong>Deo,</strong></span> <span class='ocrx_word' id='word_1_403' title='bbox 2905 2162 3250 2220; x_wconf 83' lang='lat' dir='ltr'><strong>naturalibus</strong></span> <span class='ocrx_word' id='word_1_404' title='bbox 3284 2164 3486 2221; x_wconf 52' lang='lat' dir='ltr'><strong>instinv</strong></span> 
     </span>
    </p>
   </div>
   <div class='ocr_carea' id='block_1_54' title="bbox 1916 2247 3496 2325">
    <p class='ocr_par' dir='ltr' id='par_1_54' title="bbox 1916 2247 3496 2325">
     <span class='ocr_line' id='line_1_54' title="bbox 1916 2247 3496 2325; baseline 0.008 -25"><span class='ocrx_word' id='word_1_405' title='bbox 1916 2247 2097 2302; x_wconf 90' lang='lat' dir='ltr'><strong>ctibus</strong></span> <span class='ocrx_word' id='word_1_406' title='bbox 2143 2247 2195 2301; x_wconf 87' lang='lat' dir='ltr'><strong>id</strong></span> <span class='ocrx_word' id='word_1_407' title='bbox 2225 2249 2368 2318; x_wconf 89' lang='lat' dir='ltr'><strong>quod</strong></span> <span class='ocrx_word' id='word_1_408' title='bbox 2407 2249 2617 2318; x_wconf 85' lang='lat' dir='ltr'><strong>justum</strong></span> <span class='ocrx_word' id='word_1_409' title='bbox 2661 2260 2744 2305; x_wconf 87' lang='lat' dir='ltr'><strong>est</strong></span> <span class='ocrx_word' id='word_1_410' title='bbox 2775 2263 3141 2321; x_wconf 78' lang='lat' dir='ltr'><strong>agnoscentes</strong></span> <span class='ocrx_word' id='word_1_411' title='bbox 3171 2261 3226 2309; x_wconf 92' lang='lat' dir='ltr'><strong>et</strong></span> <span class='ocrx_word' id='word_1_412' title='bbox 3270 2255 3496 2325; x_wconf 80' lang='lat' dir='ltr'><strong>ipsimet</strong></span> 
     </span>
    </p>
   </div>
   <div class='ocr_carea' id='block_1_55' title="bbox 1917 2336 3491 2410">
    <p class='ocr_par' dir='ltr' id='par_1_55' title="bbox 1917 2336 3491 2410">
     <span class='ocr_line' id='line_1_55' title="bbox 1917 2336 3491 2410; baseline 0.008 -19"><span class='ocrx_word' id='word_1_413' title='bbox 1917 2336 2172 2393; x_wconf 89' lang='lat' dir='ltr'><strong>doctores</strong></span> <span class='ocrx_word' id='word_1_414' title='bbox 2221 2353 2412 2393; x_wconf 91' lang='lat' dir='ltr'><strong>eorum</strong></span> <span class='ocrx_word' id='word_1_415' title='bbox 2449 2354 2570 2410; x_wconf 83' lang='lat' dir='ltr'><strong>quae</strong></span> <span class='ocrx_word' id='word_1_416' title='bbox 2619 2355 2678 2396; x_wconf 91' lang='lat' dir='ltr'><strong>se</strong></span> <span class='ocrx_word' id='word_1_417' title='bbox 2733 2341 2994 2396; x_wconf 87' lang='lat' dir='ltr'><strong>decerent</strong></span> <span class='ocrx_word' id='word_1_418' title='bbox 3051 2342 3203 2400; x_wconf 81' lang='lat' dir='ltr'><strong>facti.</strong></span> <span class='ocrx_word' id='word_1_419' title='bbox 3255 2343 3398 2410; x_wconf 85' lang='lat' dir='ltr'><strong>Quin</strong></span> <span class='ocrx_word' id='word_1_420' title='bbox 3434 2356 3491 2402; x_wconf 90' lang='lat' dir='ltr'><strong>et</strong></span> 
     </span>
    </p>
   </div>
   <div class='ocr_carea' id='block_1_56' title="bbox 1921 2426 3492 2499">
    <p class='ocr_par' dir='ltr' id='par_1_56' title="bbox 1921 2426 3492 2499">
     <span class='ocr_line' id='line_1_56' title="bbox 1921 2426 3492 2499; baseline 0.006 -18"><span class='ocrx_word' id='word_1_421' title='bbox 1921 2426 2122 2482; x_wconf 86' lang='lat' dir='ltr'><strong>Paulus</strong></span> <span class='ocrx_word' id='word_1_422' title='bbox 2161 2429 2238 2482; x_wconf 86' lang='lat' dir='ltr'><strong>ait</strong></span> <span class='ocrx_word' id='word_1_423' title='bbox 2275 2447 2288 2482; x_wconf 89' lang='lat'><strong>:</strong></span> <span class='ocrx_word' id='word_1_424' title='bbox 2328 2449 2344 2481; x_wconf 82' lang='grc' dir='ltr'><strong>ι</strong></span> <span class='ocrx_word' id='word_1_425' title='bbox 2386 2429 2497 2484; x_wconf 79' lang='lat' dir='ltr'><strong>Lex</strong></span> <span class='ocrx_word' id='word_1_426' title='bbox 2532 2440 2713 2487; x_wconf 88' lang='lat' dir='ltr'><strong>autem</strong></span> <span class='ocrx_word' id='word_1_427' title='bbox 2745 2433 3078 2487; x_wconf 86' lang='lat' dir='ltr'><strong>subintravit</strong></span> <span class='ocrx_word' id='word_1_428' title='bbox 3130 2435 3212 2499; x_wconf 72' lang='lat'><strong>“,</strong></span> <span class='ocrx_word' id='word_1_429' title='bbox 3266 2455 3285 2488; x_wconf 75' lang='grc' dir='ltr'><strong>ι</strong></span> <span class='ocrx_word' id='word_1_430' title='bbox 3333 2444 3492 2491; x_wconf 61' lang='lat' dir='ltr'><strong>ante.-</strong></span> 
     </span>
    </p>
   </div>
   <div class='ocr_carea' id='block_1_57' title="bbox 1920 2520 3490 2602">
    <p class='ocr_par' dir='ltr' id='par_1_57' title="bbox 1920 2520 3490 2602">
     <span class='ocr_line' id='line_1_57' title="bbox 1920 2520 3490 2602; baseline 0.004 -30"><span class='ocrx_word' id='word_1_431' title='bbox 1920 2533 2083 2588; x_wconf 91' lang='lat' dir='ltr'><strong>quam</strong></span> <span class='ocrx_word' id='word_1_432' title='bbox 2125 2528 2178 2574; x_wconf 90' lang='lat' dir='ltr'><strong>et</strong></span> <span class='ocrx_word' id='word_1_433' title='bbox 2213 2520 2570 2575; x_wconf 87' lang='lat' dir='ltr'><strong>novissimam</strong></span> <span class='ocrx_word' id='word_1_434' title='bbox 2601 2535 2722 2591; x_wconf 71' lang='lat' dir='ltr'><strong>quae</strong></span> <span class='ocrx_word' id='word_1_435' title='bbox 2753 2535 2861 2578; x_wconf 86' lang='lat' dir='ltr'><strong>una</strong></span> <span class='ocrx_word' id='word_1_436' title='bbox 2895 2531 2980 2578; x_wconf 86' lang='lat' dir='ltr'><strong>est</strong></span> <span class='ocrx_word' id='word_1_437' title='bbox 3027 2521 3382 2602; x_wconf 85' lang='lat' dir='ltr'><strong>intercipiens</strong></span> <span class='ocrx_word' id='word_1_438' title='bbox 3405 2527 3490 2589; x_wconf 57' lang='lat' dir='ltr'><strong>vi,</strong></span> 
     </span>
    </p>
   </div>
   <div class='ocr_carea' id='block_1_58' title="bbox 1922 2609 2402 2673">
    <p class='ocr_par' dir='ltr' id='par_1_58' title="bbox 1922 2609 2402 2673">
     <span class='ocr_line' id='line_1_58' title="bbox 1922 2609 2402 2673; baseline -0.004 -9"><span class='ocrx_word' id='word_1_439' title='bbox 1922 2609 2082 2666; x_wconf 88' lang='lat' dir='ltr'><strong>vcndi</strong></span> <span class='ocrx_word' id='word_1_440' title='bbox 2115 2611 2402 2673; x_wconf 88' lang='lat' dir='ltr'><strong>rationem.</strong></span> 
     </span>
    </p>
   </div>
   <div class='ocr_carea' id='block_1_59' title="bbox 1997 2793 2954 2864">
    <p class='ocr_par' dir='ltr' id='par_1_59' title="bbox 1997 2793 2954 2864">
     <span class='ocr_line' id='line_1_59' title="bbox 1997 2793 2954 2864; baseline 0.005 -16"><span class='ocrx_word' id='word_1_441' title='bbox 1997 2793 2263 2864; x_wconf 84' lang='lat' dir='ltr'><strong>Origenis.</strong></span> <span class='ocrx_word' id='word_1_442' title='bbox 2298 2821 2364 2832; x_wconf 86' lang='lat'><strong>--</strong></span> <span class='ocrx_word' id='word_1_443' title='bbox 2391 2793 2518 2850; x_wconf 76' lang='lat' dir='ltr'><strong>Vult</strong></span> <span class='ocrx_word' id='word_1_444' title='bbox 2550 2796 2813 2864; x_wconf 87' lang='lat' dir='ltr'><strong>animam,</strong></span> <span class='ocrx_word' id='word_1_445' title='bbox 2846 2805 2954 2853; x_wconf 89' lang='lat' dir='ltr'><strong>etc.</strong></span> 
     </span>
    </p>
   </div>
   <div class='ocr_carea' id='block_1_60' title="bbox 1903 2881 3492 2960">
    <p class='ocr_par' dir='ltr' id='par_1_60' title="bbox 1903 2881 3492 2960">
     <span class='ocr_line' id='line_1_60' title="bbox 1903 2881 3492 2960; baseline 0.006 -26"><span class='ocrx_word' id='word_1_446' title='bbox 1903 2897 1912 2908; x_wconf 87' lang='grc'><strong>·</strong></span> <span class='ocrx_word' id='word_1_447' title='bbox 1994 2881 2160 2938; x_wconf 72' lang='lat' dir='ltr'><strong>Vsus.</strong></span> <span class='ocrx_word' id='word_1_448' title='bbox 2185 2883 2282 2938; x_wconf 74' lang='grc'><strong>15.</strong></span> <span class='ocrx_word' id='word_1_449' title='bbox 2317 2884 2498 2954; x_wconf 80' lang='lat' dir='ltr'><strong>Capite</strong></span> <span class='ocrx_word' id='word_1_450' title='bbox 2533 2887 2681 2940; x_wconf 83' lang='lat' dir='ltr'><strong>nobis</strong></span> <span class='ocrx_word' id='word_1_451' title='bbox 2715 2888 2888 2955; x_wconf 80' lang='lat' dir='ltr'><strong>vulpes</strong></span> <span class='ocrx_word' id='word_1_452' title='bbox 2916 2905 3107 2958; x_wconf 74' lang='lat' dir='ltr'><strong>parvas</strong></span> <span class='ocrx_word' id='word_1_453' title='bbox 3159 2905 3278 2960; x_wconf 62' lang='lat' dir='ltr'><strong>qua</strong></span> <span class='ocrx_word' id='word_1_454' title='bbox 3308 2889 3492 2946; x_wconf 59' lang='lat' dir='ltr'><strong>demo.-</strong></span> 
     </span>
    </p>
   </div>
   <div class='ocr_carea' id='block_1_61' title="bbox 1929 2973 3172 3048">
    <p class='ocr_par' dir='ltr' id='par_1_61' title="bbox 1929 2973 3172 3048">
     <span class='ocr_line' id='line_1_61' title="bbox 1929 2973 3172 3048; baseline 0.006 -21"><span class='ocrx_word' id='word_1_455' title='bbox 1929 2973 2130 3028; x_wconf 80' lang='lat' dir='ltr'><strong>liuntur</strong></span> <span class='ocrx_word' id='word_1_456' title='bbox 2183 2976 2399 3041; x_wconf 81' lang='lat' dir='ltr'><strong>vineas;</strong></span> <span class='ocrx_word' id='word_1_457' title='bbox 2443 2986 2493 3030; x_wconf 83' lang='lat' dir='ltr'><strong>et</strong></span> <span class='ocrx_word' id='word_1_458' title='bbox 2525 2978 2686 3033; x_wconf 80' lang='lat' dir='ltr'><strong>vinea:</strong></span> <span class='ocrx_word' id='word_1_459' title='bbox 2729 2988 2924 3034; x_wconf 72' lang='lat' dir='ltr'><strong>nostrae</strong></span> <span class='ocrx_word' id='word_1_460' title='bbox 2961 2981 3172 3048; x_wconf 82' lang='lat' dir='ltr'><strong>ﬂorent.</strong></span> 
     </span>
    </p>
   </div>
   <div class='ocr_carea' id='block_1_62' title="bbox 305 3142 1813 3246">
    <p class='ocr_par' dir='ltr' id='par_1_62' title="bbox 305 3142 1813 3246">
     <span class='ocr_line' id='line_1_62' title="bbox 305 3142 1813 3246; baseline -0.011 -14"><span class='ocrx_word' id='word_1_461' title='bbox 305 3142 667 3246; x_wconf 64' lang='grc' dir='ltr'>Γρηγορίου.</span> <span class='ocrx_word' id='word_1_462' title='bbox 725 3205 794 3216; x_wconf 93' lang='lat'><strong>--</strong></span> <span class='ocrx_word' id='word_1_463' title='bbox 828 3173 910 3228; x_wconf 84' lang='grc' dir='ltr'><strong>Τὰ</strong></span> <span class='ocrx_word' id='word_1_464' title='bbox 943 3164 1416 3244; x_wconf 78' lang='grc' dir='ltr'><strong>προγεγραμμένα</strong></span> <span class='ocrx_word' id='word_1_465' title='bbox 1459 3169 1555 3239; x_wconf 82' lang='grc' dir='ltr'><strong>τῆς</strong></span> <span class='ocrx_word' id='word_1_466' title='bbox 1583 3166 1813 3235; x_wconf 76' lang='grc' dir='ltr'>Νύμφης</span> 
     </span>
    </p>
   </div>
   <div class='ocr_carea' id='block_1_63' title="bbox 1914 3142 3496 3246">
    <p class='ocr_par' dir='ltr' id='par_1_63' title="bbox 1991 3155 3496 3238">
     <span class='ocr_line' id='line_1_63' title="bbox 1991 3155 3496 3238; baseline 0.005 -25"><span class='ocrx_word' id='word_1_467' title='bbox 1991 3156 2250 3230; x_wconf 84' lang='lat' dir='ltr'><strong>Gregorii.</strong></span> <span class='ocrx_word' id='word_1_468' title='bbox 2275 3189 2345 3200; x_wconf 88' lang='lat'><strong>——</strong></span> <span class='ocrx_word' id='word_1_469' title='bbox 2369 3155 2633 3219; x_wconf 69' lang='lat' dir='ltr'><strong>Praedicta</strong></span> <span class='ocrx_word' id='word_1_470' title='bbox 2683 3169 2814 3219; x_wconf 90' lang='lat' dir='ltr'><strong>sunt</strong></span> <span class='ocrx_word' id='word_1_471' title='bbox 2841 3160 3080 3238; x_wconf 66' lang='lat' dir='ltr'><strong>Sponsa;</strong></span> <span class='ocrx_word' id='word_1_472' title='bbox 3125 3162 3404 3234; x_wconf 88' lang='lat' dir='ltr'><strong>loquentis</strong></span> <span class='ocrx_word' id='word_1_473' title='bbox 3437 3170 3496 3221; x_wconf 88' lang='lat' dir='ltr'><strong>et</strong></span> 
     </span>
    </p>
   </div>
   <div class='ocr_carea' id='block_1_64' title="bbox 229 3257 1819 3339">
    <p class='ocr_par' dir='ltr' id='par_1_64' title="bbox 229 3257 1819 3339">
     <span class='ocr_line' id='line_1_64' title="bbox 229 3257 1819 3339; baseline -0.008 -16"><span class='ocrx_word' id='word_1_474' title='bbox 229 3271 524 3339; x_wconf 80' lang='grc' dir='ltr'>εἰπούσης,</span> <span class='ocrx_word' id='word_1_475' title='bbox 566 3266 663 3320; x_wconf 77' lang='grc' dir='ltr'>καὶ</span> <span class='ocrx_word' id='word_1_476' title='bbox 693 3267 793 3336; x_wconf 87' lang='grc' dir='ltr'><strong>τῆς</strong></span> <span class='ocrx_word' id='word_1_477' title='bbox 845 3264 1014 3334; x_wconf 81' lang='grc' dir='ltr'>εὐχῆς</span> <span class='ocrx_word' id='word_1_478' title='bbox 1047 3266 1218 3334; x_wconf 82' lang='grc' dir='ltr'>αὐτῆς</span> <span class='ocrx_word' id='word_1_479' title='bbox 1253 3262 1387 3332; x_wconf 81' lang='grc' dir='ltr'>πρὸς</span> <span class='ocrx_word' id='word_1_480' title='bbox 1420 3261 1512 3313; x_wconf 79' lang='grc' dir='ltr'><strong>τὸν</strong></span> <span class='ocrx_word' id='word_1_481' title='bbox 1567 3257 1819 3325; x_wconf 88' lang='grc' dir='ltr'>Νυμφίον</span> 
     </span>
    </p>
   </div>
   <div class='ocr_carea' id='block_1_65' title="bbox 231 3343 1824 3423">
    <p class='ocr_par' dir='ltr' id='par_1_65' title="bbox 231 3343 1824 3423">
     <span class='ocr_line' id='line_1_65' title="bbox 231 3343 1824 3423; baseline -0.009 -8"><span class='ocrx_word' id='word_1_482' title='bbox 231 3357 729 3423; x_wconf 75' lang='grc' dir='ltr'>κατευοδωθείσης.</span> <span class='ocrx_word' id='word_1_483' title='bbox 760 3343 988 3408; x_wconf 79' lang='grc' dir='ltr'><strong>Μέλλων</strong></span> <span class='ocrx_word' id='word_1_484' title='bbox 1021 3355 1184 3416; x_wconf 76' lang='grc' dir='ltr'>αὐτὸς</span> <span class='ocrx_word' id='word_1_485' title='bbox 1212 3352 1402 3406; x_wconf 72' lang='grc' dir='ltr'>ἑαυτὸν</span> <span class='ocrx_word' id='word_1_486' title='bbox 1429 3350 1646 3420; x_wconf 73' lang='grc' dir='ltr'>ἐμφανῆ</span> <span class='ocrx_word' id='word_1_487' title='bbox 1689 3347 1824 3402; x_wconf 78' lang='grc' dir='ltr'>καθ-</span> 
     </span>
    </p>
   </div>
   <div class='ocr_carea' id='block_1_66' title="bbox 237 3441 1823 3524">
    <p class='ocr_par' dir='ltr' id='par_1_66' title="bbox 237 3441 1823 3524">
     <span class='ocr_line' id='line_1_66' title="bbox 237 3441 1823 3524; baseline -0.009 -19"><span class='ocrx_word' id='word_1_488' title='bbox 237 3453 422 3520; x_wconf 83' lang='grc' dir='ltr'>ιστᾷν,</span> <span class='ocrx_word' id='word_1_489' title='bbox 490 3447 708 3518; x_wconf 84' lang='grc' dir='ltr'>πρῶτον</span> <span class='ocrx_word' id='word_1_490' title='bbox 734 3447 860 3508; x_wconf 79' lang='grc' dir='ltr'>τοὺς</span> <span class='ocrx_word' id='word_1_491' title='bbox 889 3445 1156 3516; x_wconf 82' lang='grc' dir='ltr'>θηρευτὰς</span> <span class='ocrx_word' id='word_1_492' title='bbox 1197 3443 1481 3524; x_wconf 82' lang='grc' dir='ltr'>παρορμᾷ.</span> <span class='ocrx_word' id='word_1_493' title='bbox 1511 3441 1621 3493; x_wconf 86' lang='grc' dir='ltr'>εῐτε</span> <span class='ocrx_word' id='word_1_494' title='bbox 1655 3442 1823 3506; x_wconf 83' lang='grc' dir='ltr'>ἀγγε-</span> 
     </span>
    </p>
   </div>
   <div class='ocr_carea' id='block_1_67' title="bbox 231 3529 1826 3607">
    <p class='ocr_par' dir='ltr' id='par_1_67' title="bbox 231 3529 1826 3607">
     <span class='ocr_line' id='line_1_67' title="bbox 231 3529 1826 3607; baseline -0.011 -10"><span class='ocrx_word' id='word_1_495' title='bbox 231 3545 403 3606; x_wconf 80' lang='grc' dir='ltr'>λικὰς</span> <span class='ocrx_word' id='word_1_496' title='bbox 431 3557 586 3602; x_wconf 88' lang='grc' dir='ltr'>τινας</span> <span class='ocrx_word' id='word_1_497' title='bbox 617 3539 894 3607; x_wconf 79' lang='grc' dir='ltr'>δυνάμεις,</span> <span class='ocrx_word' id='word_1_498' title='bbox 927 3537 1036 3590; x_wconf 75' lang='grc' dir='ltr'>εἴτε</span> <span class='ocrx_word' id='word_1_499' title='bbox 1067 3537 1162 3588; x_wconf 74' lang='grc' dir='ltr'>καὶ</span> <span class='ocrx_word' id='word_1_500' title='bbox 1190 3532 1544 3596; x_wconf 80' lang='grc' dir='ltr'>ἀποστόλους,</span> <span class='ocrx_word' id='word_1_501' title='bbox 1564 3530 1708 3601; x_wconf 85' lang='grc' dir='ltr'>πρὸς</span> <span class='ocrx_word' id='word_1_502' title='bbox 1727 3529 1826 3600; x_wconf 81' lang='grc' dir='ltr'>τὴν</span> 
     </span>
    </p>
   </div>
   <div class='ocr_carea' id='block_1_68' title="bbox 233 3615 1827 3697">
    <p class='ocr_par' dir='ltr' id='par_1_68' title="bbox 233 3615 1827 3697">
     <span class='ocr_line' id='line_1_68' title="bbox 233 3615 1827 3697; baseline -0.011 -12"><span class='ocrx_word' id='word_1_503' title='bbox 233 3635 354 3686; x_wconf 86' lang='grc' dir='ltr'><strong>τῶν</strong></span> <span class='ocrx_word' id='word_1_504' title='bbox 397 3623 701 3683; x_wconf 82' lang='grc' dir='ltr'>ἀλωπέκων</span> <span class='ocrx_word' id='word_1_505' title='bbox 732 3627 930 3697; x_wconf 78' lang='grc' dir='ltr'>ἄγραν,</span> <span class='ocrx_word' id='word_1_506' title='bbox 981 3625 1042 3677; x_wconf 85' lang='grc' dir='ltr'><strong>αἵ</strong></span> <span class='ocrx_word' id='word_1_507' title='bbox 1084 3623 1230 3685; x_wconf 78' lang='grc' dir='ltr'>τινές</span> <span class='ocrx_word' id='word_1_508' title='bbox 1281 3624 1420 3674; x_wconf 83' lang='grc' dir='ltr'>εἰσιν</span> <span class='ocrx_word' id='word_1_509' title='bbox 1458 3615 1827 3672; x_wconf 75' lang='grc' dir='ltr'>ἀποστατικαὶ</span> 
     </span>
    </p>
   </div>
   <div class='ocr_carea' id='block_1_69' title="bbox 230 3708 1826 3789">
    <p class='ocr_par' dir='ltr' id='par_1_69' title="bbox 230 3708 1826 3789">
     <span class='ocr_line' id='line_1_69' title="bbox 230 3708 1826 3789; baseline -0.011 -13"><span class='ocrx_word' id='word_1_510' title='bbox 230 3720 526 3789; x_wconf 73' lang='grc' dir='ltr'>δυνάμεις,</span> <span class='ocrx_word' id='word_1_511' title='bbox 555 3717 642 3769; x_wconf 82' lang='grc' dir='ltr'>διὰ</span> <span class='ocrx_word' id='word_1_512' title='bbox 668 3716 727 3768; x_wconf 85' lang='grc' dir='ltr'><strong>τὸ</strong></span> <span class='ocrx_word' id='word_1_513' title='bbox 749 3713 964 3784; x_wconf 80' lang='grc' dir='ltr'>δολερὸν</span> <span class='ocrx_word' id='word_1_514' title='bbox 993 3713 1133 3766; x_wconf 76' lang='grc' dir='ltr'>οὕτω</span> <span class='ocrx_word' id='word_1_515' title='bbox 1176 3708 1662 3779; x_wconf 88' lang='grc' dir='ltr'>κατονομασθεῖσαι</span> <span class='ocrx_word' id='word_1_516' title='bbox 1681 3723 1696 3737; x_wconf 76' lang='grc'><strong>⁸</strong></span> <span class='ocrx_word' id='word_1_517' title='bbox 1736 3724 1826 3774; x_wconf 84' lang='grc' dir='ltr'>μι-</span> 
     </span>
    </p>
   </div>
   <div class='ocr_carea' id='block_1_70' title="bbox 234 3797 1828 3882">
    <p class='ocr_par' dir='ltr' id='par_1_70' title="bbox 234 3797 1828 3882">
     <span class='ocr_line' id='line_1_70' title="bbox 234 3797 1828 3882; baseline -0.012 -14"><span class='ocrx_word' id='word_1_518' title='bbox 234 3813 416 3882; x_wconf 75' lang='grc' dir='ltr'>κροὺς</span> <span class='ocrx_word' id='word_1_519' title='bbox 471 3810 569 3880; x_wconf 84' lang='grc' dir='ltr'><strong>μὲν</strong></span> <span class='ocrx_word' id='word_1_520' title='bbox 610 3809 771 3870; x_wconf 75' lang='grc' dir='ltr'>ὄντας</span> <span class='ocrx_word' id='word_1_521' title='bbox 803 3807 904 3875; x_wconf 72' lang='grc' dir='ltr'>ἤδη</span> <span class='ocrx_word' id='word_1_522' title='bbox 946 3807 1012 3875; x_wconf 80' lang='grc' dir='ltr'>τῇ</span> <span class='ocrx_word' id='word_1_523' title='bbox 1041 3805 1267 3873; x_wconf 80' lang='grc' dir='ltr'>δυνάμει</span> <span class='ocrx_word' id='word_1_524' title='bbox 1309 3801 1408 3870; x_wconf 83' lang='grc' dir='ltr'><strong>τῆς</strong></span> <span class='ocrx_word' id='word_1_525' title='bbox 1465 3801 1687 3871; x_wconf 82' lang='grc' dir='ltr'>χάριτος</span> <span class='ocrx_word' id='word_1_526' title='bbox 1733 3797 1828 3850; x_wconf 88' lang='grc' dir='ltr'><strong>τοῦ</strong></span> 
     </span>
    </p>
   </div>
   <div class='ocr_carea' id='block_1_71' title="bbox 235 3887 1831 3970">
    <p class='ocr_par' dir='ltr' id='par_1_71' title="bbox 235 3887 1831 3970">
     <span class='ocr_line' id='line_1_71' title="bbox 235 3887 1831 3970; baseline -0.01 -14"><span class='ocrx_word' id='word_1_527' title='bbox 235 3899 511 3970; x_wconf 76' lang='grc' dir='ltr'>Χριστοῦ,</span> <span class='ocrx_word' id='word_1_528' title='bbox 546 3896 932 3965; x_wconf 83' lang='grc' dir='ltr'>ἀφανιστικοὺς</span> <span class='ocrx_word' id='word_1_529' title='bbox 969 3893 1026 3948; x_wconf 82' lang='grc' dir='ltr'>δὲ</span> <span class='ocrx_word' id='word_1_530' title='bbox 1060 3892 1169 3944; x_wconf 88' lang='grc' dir='ltr'><strong>τῶν</strong></span> <span class='ocrx_word' id='word_1_531' title='bbox 1195 3890 1536 3961; x_wconf 80' lang='grc' dir='ltr'>ἀμπελώνων</span> <span class='ocrx_word' id='word_1_532' title='bbox 1562 3887 1831 3958; x_wconf 74' lang='grc' dir='ltr'>ὑπάρχον-</span> 
     </span>
    </p>
   </div>
   <div class='ocr_carea' id='block_1_72' title="bbox 236 3973 1831 4058">
    <p class='ocr_par' dir='ltr' id='par_1_72' title="bbox 236 3973 1831 4058">
     <span class='ocr_line' id='line_1_72' title="bbox 236 3973 1831 4058; baseline -0.013 -11"><span class='ocrx_word' id='word_1_533' title='bbox 236 4009 349 4054; x_wconf 81' lang='grc' dir='ltr'><strong>τας</strong></span> <span class='ocrx_word' id='word_1_534' title='bbox 374 4007 388 4020; x_wconf 86' lang='grc'><strong>·</strong></span> <span class='ocrx_word' id='word_1_535' title='bbox 414 3989 490 4052; x_wconf 81' lang='grc' dir='ltr'><strong>ὡς</strong></span> <span class='ocrx_word' id='word_1_536' title='bbox 522 3986 724 4058; x_wconf 83' lang='grc' dir='ltr'>μηκέτι</span> <span class='ocrx_word' id='word_1_537' title='bbox 747 3987 838 4038; x_wconf 80' lang='grc' dir='ltr'><strong>τὸν</strong></span> <span class='ocrx_word' id='word_1_538' title='bbox 888 3982 1187 4054; x_wconf 84' lang='grc' dir='ltr'>ἀμπελῶνα</span> <span class='ocrx_word' id='word_1_539' title='bbox 1213 3979 1314 4050; x_wconf 85' lang='grc' dir='ltr'><strong>τὴν</strong></span> <span class='ocrx_word' id='word_1_540' title='bbox 1348 3976 1697 4048; x_wconf 85' lang='grc' dir='ltr'>ἀνθρωπίνην</span> <span class='ocrx_word' id='word_1_541' title='bbox 1729 3973 1831 4042; x_wconf 88' lang='grc' dir='ltr'>φύ-</span> 
     </span>
    </p>
   </div>
   <div class='ocr_carea' id='block_1_73' title="bbox 242 4063 1833 4146">
    <p class='ocr_par' dir='ltr' id='par_1_73' title="bbox 242 4063 1833 4146">
     <span class='ocr_line' id='line_1_73' title="bbox 242 4063 1833 4146; baseline -0.014 -9"><span class='ocrx_word' id='word_1_542' title='bbox 242 4099 338 4137; x_wconf 86' lang='grc' dir='ltr'>σιν</span> <span class='ocrx_word' id='word_1_543' title='bbox 365 4081 430 4133; x_wconf 80' lang='grc' dir='ltr'>δι¹</span> <span class='ocrx_word' id='word_1_544' title='bbox 480 4078 660 4132; x_wconf 87' lang='grc' dir='ltr'>αὐτῶν</span> <span class='ocrx_word' id='word_1_545' title='bbox 700 4077 835 4146; x_wconf 82' lang='grc' dir='ltr'>πρὸς</span> <span class='ocrx_word' id='word_1_546' title='bbox 881 4072 1194 4144; x_wconf 82' lang='grc' dir='ltr'>κυπρισμδν</span> <span class='ocrx_word' id='word_1_547' title='bbox 1243 4069 1339 4124; x_wconf 70' lang='grc' dir='ltr'><strong>καὶ</strong></span> <span class='ocrx_word' id='word_1_548' title='bbox 1383 4065 1624 4139; x_wconf 76' lang='grc' dir='ltr'>βοτρύων</span> <span class='ocrx_word' id='word_1_549' title='bbox 1660 4063 1833 4135; x_wconf 82' lang='grc' dir='ltr'>φορὰν</span> 
     </span>
    </p>
   </div>
   <div class='ocr_carea' id='block_1_74' title="bbox 241 4155 1834 4242">
    <p class='ocr_par' dir='ltr' id='par_1_74' title="bbox 241 4155 1834 4242">
     <span class='ocr_line' id='line_1_74' title="bbox 241 4155 1834 4242; baseline -0.01 -18"><span class='ocrx_word' id='word_1_550' title='bbox 241 4167 662 4242; x_wconf 75' lang='grc' dir='ltr'>ἐμποδίζεσθαι,</span> <span class='ocrx_word' id='word_1_551' title='bbox 694 4165 794 4219; x_wconf 73' lang='grc' dir='ltr'>εἰτ’</span> <span class='ocrx_word' id='word_1_552' title='bbox 836 4161 930 4218; x_wconf 81' lang='grc' dir='ltr'>οὖν</span> <span class='ocrx_word' id='word_1_553' title='bbox 977 4165 1076 4235; x_wconf 82' lang='grc' dir='ltr'>τὴν</span> <span class='ocrx_word' id='word_1_554' title='bbox 1123 4159 1396 4229; x_wconf 86' lang='grc' dir='ltr'>διαγωγὴν</span> <span class='ocrx_word' id='word_1_555' title='bbox 1427 4158 1530 4227; x_wconf 88' lang='grc' dir='ltr'><strong>τῆς</strong></span> <span class='ocrx_word' id='word_1_556' title='bbox 1575 4155 1834 4226; x_wconf 76' lang='grc' dir='ltr'>ἐναρέτου</span> 
     </span>
    </p>
   </div>
   <div class='ocr_carea' id='block_1_75' title="bbox 1921 3252 3495 3330">
    <p class='ocr_par' dir='ltr' id='par_1_75' title="bbox 1921 3252 3495 3330">
     <span class='ocr_line' id='line_1_75' title="bbox 1921 3252 3495 3330; baseline 0.004 -26"><span class='ocrx_word' id='word_1_557' title='bbox 1921 3259 2106 3305; x_wconf 86' lang='lat' dir='ltr'><strong>votum</strong></span> <span class='ocrx_word' id='word_1_558' title='bbox 2134 3266 2296 3306; x_wconf 91' lang='lat' dir='ltr'><strong>suum</strong></span> <span class='ocrx_word' id='word_1_559' title='bbox 2327 3253 2393 3307; x_wconf 90' lang='lat' dir='ltr'><strong>ad</strong></span> <span class='ocrx_word' id='word_1_560' title='bbox 2431 3252 2706 3322; x_wconf 90' lang='lat' dir='ltr'><strong>Sponsum</strong></span> <span class='ocrx_word' id='word_1_561' title='bbox 2754 3255 3064 3330; x_wconf 80' lang='lat' dir='ltr'><strong>dirigentis.</strong></span> <span class='ocrx_word' id='word_1_562' title='bbox 3098 3253 3199 3312; x_wconf 82' lang='lat' dir='ltr'><strong>Hic</strong></span> <span class='ocrx_word' id='word_1_563' title='bbox 3249 3255 3495 3326; x_wconf 88' lang='lat' dir='ltr'><strong>seipsum</strong></span> 
     </span>
    </p>
   </div>
   <div class='ocr_carea' id='block_1_76' title="bbox 1923 3346 3501 3415">
    <p class='ocr_par' dir='ltr' id='par_1_76' title="bbox 1923 3346 3501 3415">
     <span class='ocr_line' id='line_1_76' title="bbox 1923 3346 3501 3415; baseline 0.005 -21"><span class='ocrx_word' id='word_1_564' title='bbox 1923 3349 2110 3410; x_wconf 88' lang='lat' dir='ltr'><strong>aperte</strong></span> <span class='ocrx_word' id='word_1_565' title='bbox 2155 3353 2504 3408; x_wconf 88' lang='lat' dir='ltr'><strong>ostensurus,</strong></span> <span class='ocrx_word' id='word_1_566' title='bbox 2541 3346 2780 3415; x_wconf 90' lang='lat' dir='ltr'><strong>primum</strong></span> <span class='ocrx_word' id='word_1_567' title='bbox 2813 3346 3006 3402; x_wconf 86' lang='lat' dir='ltr'><strong>incitat</strong></span> <span class='ocrx_word' id='word_1_568' title='bbox 3034 3352 3347 3410; x_wconf 83' lang='lat' dir='ltr'><strong>venatores,</strong></span> <span class='ocrx_word' id='word_1_569' title='bbox 3380 3347 3501 3402; x_wconf 86' lang='lat' dir='ltr'><strong>sive</strong></span> 
     </span>
    </p>
   </div>
   <div class='ocr_carea' id='block_1_77' title="bbox 1933 3432 3499 3506">
    <p class='ocr_par' dir='ltr' id='par_1_77' title="bbox 1933 3432 3499 3506">
     <span class='ocr_line' id='line_1_77' title="bbox 1933 3432 3499 3506; baseline 0.005 -21"><span class='ocrx_word' id='word_1_570' title='bbox 1933 3432 2213 3501; x_wconf 90' lang='lat' dir='ltr'><strong>angelicas</strong></span> <span class='ocrx_word' id='word_1_571' title='bbox 2240 3432 2504 3502; x_wconf 89' lang='lat' dir='ltr'><strong>quasdam</strong></span> <span class='ocrx_word' id='word_1_572' title='bbox 2534 3435 2789 3502; x_wconf 86' lang='lat' dir='ltr'><strong>virtutes,</strong></span> <span class='ocrx_word' id='word_1_573' title='bbox 2836 3436 2952 3491; x_wconf 88' lang='lat' dir='ltr'><strong>sive</strong></span> <span class='ocrx_word' id='word_1_574' title='bbox 2993 3436 3158 3491; x_wconf 89' lang='lat' dir='ltr'><strong>etiam</strong></span> <span class='ocrx_word' id='word_1_575' title='bbox 3196 3437 3499 3506; x_wconf 86' lang='lat' dir='ltr'><strong>apostolos,</strong></span> 
     </span>
    </p>
   </div>
   <div class='ocr_carea' id='block_1_78' title="bbox 1927 3522 3500 3597">
    <p class='ocr_par' dir='ltr' id='par_1_78' title="bbox 1927 3522 3500 3597">
     <span class='ocr_line' id='line_1_78' title="bbox 1927 3522 3500 3597; baseline 0.004 -21"><span class='ocrx_word' id='word_1_576' title='bbox 1927 3522 1997 3576; x_wconf 86' lang='lat' dir='ltr'><strong>ad</strong></span> <span class='ocrx_word' id='word_1_577' title='bbox 2029 3523 2276 3593; x_wconf 92' lang='lat' dir='ltr'><strong>vulpium</strong></span> <span class='ocrx_word' id='word_1_578' title='bbox 2308 3525 2650 3582; x_wconf 87' lang='lat' dir='ltr'><strong>venationem</strong></span> <span class='ocrx_word' id='word_1_579' title='bbox 2685 3526 2828 3597; x_wconf 75' lang='lat' dir='ltr'><strong>(qua:</strong></span> <span class='ocrx_word' id='word_1_580' title='bbox 2861 3536 2989 3582; x_wconf 83' lang='lat' dir='ltr'><strong>sunt</strong></span> <span class='ocrx_word' id='word_1_581' title='bbox 3020 3528 3247 3585; x_wconf 84' lang='lat' dir='ltr'><strong>virtutes</strong></span> <span class='ocrx_word' id='word_1_582' title='bbox 3273 3536 3500 3595; x_wconf 86' lang='lat' dir='ltr'><strong>aposta-</strong></span> 
     </span>
    </p>
   </div>
   <div class='ocr_carea' id='block_1_79' title="bbox 1926 3615 3504 3687">
    <p class='ocr_par' dir='ltr' id='par_1_79' title="bbox 1926 3615 3504 3687">
     <span class='ocr_line' id='line_1_79' title="bbox 1926 3615 3504 3687; baseline 0.001 -19"><span class='ocrx_word' id='word_1_583' title='bbox 1926 3615 2070 3680; x_wconf 72' lang='lat' dir='ltr'><strong>ticae,</strong></span> <span class='ocrx_word' id='word_1_584' title='bbox 2103 3623 2325 3686; x_wconf 91' lang='lat' dir='ltr'><strong>propter</strong></span> <span class='ocrx_word' id='word_1_585' title='bbox 2351 3616 2536 3670; x_wconf 90' lang='lat' dir='ltr'><strong>dolum</strong></span> <span class='ocrx_word' id='word_1_586' title='bbox 2581 3618 2663 3673; x_wconf 87' lang='lat' dir='ltr'><strong>sic</strong></span> <span class='ocrx_word' id='word_1_587' title='bbox 2691 3618 3007 3680; x_wconf 63' lang='lat' dir='ltr'><strong>nominatae,</strong></span> <span class='ocrx_word' id='word_1_588' title='bbox 3048 3631 3170 3686; x_wconf 73' lang='lat' dir='ltr'><strong>qua:</strong></span> <span class='ocrx_word' id='word_1_589' title='bbox 3217 3623 3347 3672; x_wconf 85' lang='lat' dir='ltr'><strong>sunt</strong></span> <span class='ocrx_word' id='word_1_590' title='bbox 3376 3616 3504 3687; x_wconf 90' lang='lat' dir='ltr'><strong>qui-</strong></span> 
     </span>
    </p>
   </div>
   <div class='ocr_carea' id='block_1_80' title="bbox 1929 3705 3500 3778">
    <p class='ocr_par' dir='ltr' id='par_1_80' title="bbox 1929 3705 3500 3778">
     <span class='ocr_line' id='line_1_80' title="bbox 1929 3705 3500 3778; baseline 0.002 -19"><span class='ocrx_word' id='word_1_591' title='bbox 1929 3705 2052 3761; x_wconf 91' lang='lat' dir='ltr'><strong>dem</strong></span> <span class='ocrx_word' id='word_1_592' title='bbox 2095 3721 2277 3776; x_wconf 71' lang='lat' dir='ltr'><strong>parvae</strong></span> <span class='ocrx_word' id='word_1_593' title='bbox 2309 3708 2488 3776; x_wconf 88' lang='lat' dir='ltr'><strong>quoad</strong></span> <span class='ocrx_word' id='word_1_594' title='bbox 2519 3708 2780 3765; x_wconf 89' lang='lat' dir='ltr'><strong>virtutem</strong></span> <span class='ocrx_word' id='word_1_595' title='bbox 2830 3709 3021 3778; x_wconf 58' lang='lat' dir='ltr'><strong>gratiae</strong></span> <span class='ocrx_word' id='word_1_596' title='bbox 3049 3708 3280 3773; x_wconf 81' lang='lat' dir='ltr'><strong>Christi,</strong></span> <span class='ocrx_word' id='word_1_597' title='bbox 3310 3708 3500 3762; x_wconf 41' lang='lat' dir='ltr'><strong>demo,</strong></span> 
     </span>
    </p>
   </div>
   <div class='ocr_carea' id='block_1_81' title="bbox 1929 3799 3507 3872">
    <p class='ocr_par' dir='ltr' id='par_1_81' title="bbox 1929 3799 3507 3872">
     <span class='ocr_line' id='line_1_81' title="bbox 1929 3799 3507 3872; baseline -0.001 -19"><span class='ocrx_word' id='word_1_598' title='bbox 1929 3799 2140 3853; x_wconf 90' lang='lat' dir='ltr'><strong>liuntur</strong></span> <span class='ocrx_word' id='word_1_599' title='bbox 2168 3807 2348 3855; x_wconf 89' lang='lat' dir='ltr'><strong>autem</strong></span> <span class='ocrx_word' id='word_1_600' title='bbox 2379 3801 2596 3870; x_wconf 81' lang='lat' dir='ltr'><strong>vineas)</strong></span> <span class='ocrx_word' id='word_1_601' title='bbox 2622 3818 2637 3868; x_wconf 73' lang='grc' dir='ltr'><strong>ς</strong></span> <span class='ocrx_word' id='word_1_602' title='bbox 2681 3815 2752 3857; x_wconf 91' lang='lat' dir='ltr'><strong>ne</strong></span> <span class='ocrx_word' id='word_1_603' title='bbox 2786 3801 3022 3870; x_wconf 84' lang='lat' dir='ltr'><strong>amplius</strong></span> <span class='ocrx_word' id='word_1_604' title='bbox 3055 3799 3238 3862; x_wconf 83' lang='lat' dir='ltr'><strong>vinea,</strong></span> <span class='ocrx_word' id='word_1_605' title='bbox 3267 3799 3507 3872; x_wconf 84' lang='lat' dir='ltr'><strong>humana</strong></span> 
     </span>
    </p>
   </div>
   <div class='ocr_carea' id='block_1_82' title="bbox 1931 3889 3509 3961">
    <p class='ocr_par' dir='ltr' id='par_1_82' title="bbox 1931 3889 3509 3961">
     <span class='ocr_line' id='line_1_82' title="bbox 1931 3889 3509 3961; baseline -0.001 -17"><span class='ocrx_word' id='word_1_606' title='bbox 1931 3897 2124 3944; x_wconf 85' lang='lat' dir='ltr'><strong>natura</strong></span> <span class='ocrx_word' id='word_1_607' title='bbox 2161 3905 2256 3959; x_wconf 91' lang='lat' dir='ltr'><strong>per</strong></span> <span class='ocrx_word' id='word_1_608' title='bbox 2289 3891 2414 3945; x_wconf 91' lang='lat' dir='ltr'><strong>illos</strong></span> <span class='ocrx_word' id='word_1_609' title='bbox 2460 3891 2795 3961; x_wconf 88' lang='lat' dir='ltr'><strong>impediatur</strong></span> <span class='ocrx_word' id='word_1_610' title='bbox 2835 3906 2945 3961; x_wconf 89' lang='lat' dir='ltr'><strong>quo</strong></span> <span class='ocrx_word' id='word_1_611' title='bbox 2981 3890 3162 3944; x_wconf 90' lang='lat' dir='ltr'><strong>minus</strong></span> <span class='ocrx_word' id='word_1_612' title='bbox 3212 3889 3403 3944; x_wconf 82' lang='lat' dir='ltr'><strong>ﬂoreat</strong></span> <span class='ocrx_word' id='word_1_613' title='bbox 3451 3899 3509 3944; x_wconf 92' lang='lat' dir='ltr'><strong>et</strong></span> 
     </span>
    </p>
   </div>
   <div class='ocr_carea' id='block_1_83' title="bbox 1932 3979 3509 4045">
    <p class='ocr_par' dir='ltr' id='par_1_83' title="bbox 1932 3979 3509 4045">
     <span class='ocr_line' id='line_1_83' title="bbox 1932 3979 3509 4045; baseline 0.003 -13"><span class='ocrx_word' id='word_1_614' title='bbox 1932 3979 2121 4034; x_wconf 88' lang='lat' dir='ltr'><strong>botros</strong></span> <span class='ocrx_word' id='word_1_615' title='bbox 2151 3979 2322 4045; x_wconf 81' lang='lat' dir='ltr'><strong>ferat;</strong></span> <span class='ocrx_word' id='word_1_616' title='bbox 2368 3981 2486 4036; x_wconf 89' lang='lat' dir='ltr'><strong>sive</strong></span> <span class='ocrx_word' id='word_1_617' title='bbox 2528 3998 2594 4037; x_wconf 82' lang='lat' dir='ltr'><strong>ex</strong></span> <span class='ocrx_word' id='word_1_618' title='bbox 2627 3983 2832 4038; x_wconf 89' lang='lat' dir='ltr'><strong>virtute</strong></span> <span class='ocrx_word' id='word_1_619' title='bbox 2867 3983 3035 4037; x_wconf 86' lang='lat' dir='ltr'><strong>vitam</strong></span> <span class='ocrx_word' id='word_1_620' title='bbox 3072 3982 3350 4038; x_wconf 87' lang='lat' dir='ltr'><strong>instituat.</strong></span> <span class='ocrx_word' id='word_1_621' title='bbox 3390 3981 3509 4036; x_wconf 85' lang='lat' dir='ltr'><strong>Hoc</strong></span> 
     </span>
    </p>
   </div>
   <div class='ocr_carea' id='block_1_84' title="bbox 1932 4068 3508 4137">
    <p class='ocr_par' dir='ltr' id='par_1_84' title="bbox 1932 4068 3508 4137">
     <span class='ocr_line' id='line_1_84' title="bbox 1932 4068 3508 4137; baseline 0.004 -16"><span class='ocrx_word' id='word_1_622' title='bbox 1932 4069 2079 4122; x_wconf 90' lang='lat' dir='ltr'><strong>enim</strong></span> <span class='ocrx_word' id='word_1_623' title='bbox 2123 4068 2268 4124; x_wconf 81' lang='lat' dir='ltr'><strong>facto</strong></span> <span class='ocrx_word' id='word_1_624' title='bbox 2322 4070 2432 4124; x_wconf 92' lang='lat' dir='ltr'><strong>duo</strong></span> <span class='ocrx_word' id='word_1_625' title='bbox 2482 4074 2537 4125; x_wconf 92' lang='lat' dir='ltr'><strong>in</strong></span> <span class='ocrx_word' id='word_1_626' title='bbox 2586 4087 2646 4126; x_wconf 90' lang='lat' dir='ltr'><strong>se</strong></span> <span class='ocrx_word' id='word_1_627' title='bbox 2695 4072 2926 4128; x_wconf 81' lang='lat' dir='ltr'><strong>invicem</strong></span> <span class='ocrx_word' id='word_1_628' title='bbox 2968 4080 3304 4137; x_wconf 87' lang='lat' dir='ltr'><strong>transeunt;</strong></span> <span class='ocrx_word' id='word_1_629' title='bbox 3360 4071 3508 4127; x_wconf 89' lang='lat' dir='ltr'><strong>Deus</strong></span> 
     </span>
    </p>
   </div>
   <div class='ocr_carea' id='block_1_85' title="bbox 1934 4161 3507 4228">
    <p class='ocr_par' dir='ltr' id='par_1_85' title="bbox 1934 4161 3507 4228">
     <span class='ocr_line' id='line_1_85' title="bbox 1934 4161 3507 4228; baseline 0.003 -16"><span class='ocrx_word' id='word_1_630' title='bbox 1934 4173 2171 4228; x_wconf 89' lang='lat' dir='ltr'><strong>namque</strong></span> <span class='ocrx_word' id='word_1_631' title='bbox 2218 4161 2272 4213; x_wconf 93' lang='lat' dir='ltr'><strong>in</strong></span> <span class='ocrx_word' id='word_1_632' title='bbox 2306 4161 2489 4214; x_wconf 91' lang='lat' dir='ltr'><strong>anima</strong></span> <span class='ocrx_word' id='word_1_633' title='bbox 2523 4161 2790 4227; x_wconf 90' lang='lat' dir='ltr'><strong>nascitur,</strong></span> <span class='ocrx_word' id='word_1_634' title='bbox 2836 4173 2890 4216; x_wconf 93' lang='lat' dir='ltr'><strong>et</strong></span> <span class='ocrx_word' id='word_1_635' title='bbox 2921 4162 3166 4218; x_wconf 87' lang='lat' dir='ltr'><strong>vicissim</strong></span> <span class='ocrx_word' id='word_1_636' title='bbox 3221 4161 3404 4216; x_wconf 89' lang='lat' dir='ltr'><strong>anima</strong></span> <span class='ocrx_word' id='word_1_637' title='bbox 3451 4161 3507 4217; x_wconf 91' lang='lat' dir='ltr'><strong>in</strong></span> 
     </span>
    </p>
   </div>
   <div class='ocr_carea' id='block_1_86' title="bbox 239 4244 1813 4323">
    <p class='ocr_par' dir='ltr' id='par_1_86' title="bbox 239 4244 1813 4323">
     <span class='ocr_line' id='line_1_86' title="bbox 239 4244 1813 4323; baseline -0.01 -10"><span class='ocrx_word' id='word_1_638' title='bbox 239 4258 530 4321; x_wconf 74' lang='grc' dir='ltr'>πολιτείας</span> <span class='ocrx_word' id='word_1_639' title='bbox 551 4273 564 4286; x_wconf 89' lang='grc'><strong>·</strong></span> <span class='ocrx_word' id='word_1_640' title='bbox 602 4255 792 4308; x_wconf 88' lang='grc' dir='ltr'>τούτου</span> <span class='ocrx_word' id='word_1_641' title='bbox 822 4253 930 4323; x_wconf 83' lang='grc' dir='ltr'>γὰρ</span> <span class='ocrx_word' id='word_1_642' title='bbox 958 4249 1274 4320; x_wconf 80' lang='grc' dir='ltr'>γενομένου,</span> <span class='ocrx_word' id='word_1_643' title='bbox 1322 4249 1631 4318; x_wconf 83' lang='grc' dir='ltr'>μεταχωρεῖ</span> <span class='ocrx_word' id='word_1_644' title='bbox 1653 4245 1721 4301; x_wconf 83' lang='grc' dir='ltr'>τὰ</span> <span class='ocrx_word' id='word_1_645' title='bbox 1743 4244 1813 4321; x_wconf 66' lang='grc' dir='ltr'>δύη</span> 
     </span>
    </p>
   </div>
   <div class='ocr_carea' id='block_1_87' title="bbox 1914 4244 3510 4323">
    <p class='ocr_par' dir='ltr' id='par_1_87' title="bbox 1938 4247 3510 4322">
     <span class='ocr_line' id='line_1_87' title="bbox 1938 4247 3510 4322; baseline 0.002 -21"><span class='ocrx_word' id='word_1_646' title='bbox 1938 4247 2109 4302; x_wconf 89' lang='lat' dir='ltr'><strong>Deum</strong></span> <span class='ocrx_word' id='word_1_647' title='bbox 2156 4250 2374 4320; x_wconf 87' lang='lat' dir='ltr'><strong>migrat.</strong></span> <span class='ocrx_word' id='word_1_648' title='bbox 2394 4249 2547 4306; x_wconf 73' lang='lat' dir='ltr'><strong>Vidit</strong></span> <span class='ocrx_word' id='word_1_649' title='bbox 2595 4253 2764 4322; x_wconf 80' lang='lat' dir='ltr'><strong>igitur</strong></span> <span class='ocrx_word' id='word_1_650' title='bbox 2794 4253 2848 4306; x_wconf 89' lang='lat' dir='ltr'><strong>in</strong></span> <span class='ocrx_word' id='word_1_651' title='bbox 2881 4253 3080 4308; x_wconf 90' lang='lat' dir='ltr'><strong>virtute</strong></span> <span class='ocrx_word' id='word_1_652' title='bbox 3125 4251 3372 4321; x_wconf 77' lang='lat' dir='ltr'><strong>iubentis</strong></span> <span class='ocrx_word' id='word_1_653' title='bbox 3419 4267 3510 4307; x_wconf 61' lang='lat' dir='ltr'><strong>see-</strong></span> 
     </span>
    </p>
   </div>
   <div class='ocr_carea' id='block_1_88' title="bbox 242 4335 1813 4419">
    <p class='ocr_par' dir='ltr' id='par_1_88' title="bbox 242 4338 1813 4419">
     <span class='ocr_line' id='line_1_88' title="bbox 242 4338 1813 4419; baseline -0.012 -13"><span class='ocrx_word' id='word_1_654' title='bbox 242 4355 333 4411; x_wconf 84' lang='grc' dir='ltr'><strong>είς</strong></span> <span class='ocrx_word' id='word_1_655' title='bbox 374 4350 579 4419; x_wconf 82' lang='grc' dir='ltr'>ἄλληλα</span> <span class='ocrx_word' id='word_1_656' title='bbox 601 4363 615 4375; x_wconf 84' lang='grc'><strong>’</strong></span> <span class='ocrx_word' id='word_1_657' title='bbox 648 4349 675 4401; x_wconf 84' lang='grc' dir='ltr'>ὅ</span> <span class='ocrx_word' id='word_1_658' title='bbox 703 4363 765 4399; x_wconf 91' lang='grc' dir='ltr'><strong>τε</strong></span> <span class='ocrx_word' id='word_1_659' title='bbox 795 4346 903 4415; x_wconf 89' lang='grc' dir='ltr'>γὰρ</span> <span class='ocrx_word' id='word_1_660' title='bbox 927 4343 1062 4405; x_wconf 84' lang='grc' dir='ltr'>Θεὸς</span> <span class='ocrx_word' id='word_1_661' title='bbox 1111 4345 1170 4397; x_wconf 78' lang='grc' dir='ltr'>ὲν</span> <span class='ocrx_word' id='word_1_662' title='bbox 1210 4343 1274 4411; x_wconf 81' lang='grc' dir='ltr'>τῇ</span> <span class='ocrx_word' id='word_1_663' title='bbox 1303 4339 1450 4409; x_wconf 79' lang='grc' dir='ltr'>ψυχῇ</span> <span class='ocrx_word' id='word_1_664' title='bbox 1480 4339 1711 4406; x_wconf 86' lang='grc' dir='ltr'>γίνεται,</span> <span class='ocrx_word' id='word_1_665' title='bbox 1743 4338 1813 4388; x_wconf 85' lang='grc' dir='ltr'><strong>κα</strong></span> 
     </span>
    </p>
   </div>
   <div class='ocr_carea' id='block_1_89' title="bbox 1914 4335 3510 4419">
    <p class='ocr_par' dir='ltr' id='par_1_89' title="bbox 1937 4340 3510 4412">
     <span class='ocr_line' id='line_1_89' title="bbox 1937 4340 3510 4412; baseline 0.001 -19"><span class='ocrx_word' id='word_1_666' title='bbox 1937 4340 2222 4410; x_wconf 88' lang='lat' dir='ltr'><strong>metipsam</strong></span> <span class='ocrx_word' id='word_1_667' title='bbox 2294 4357 2324 4395; x_wconf 91' lang='lat' dir='ltr'><strong>a</strong></span> <span class='ocrx_word' id='word_1_668' title='bbox 2390 4358 2530 4397; x_wconf 77' lang='lat' dir='ltr'><strong>noxa</strong></span> <span class='ocrx_word' id='word_1_669' title='bbox 2587 4343 2832 4399; x_wconf 83' lang='lat' dir='ltr'><strong>ferarum</strong></span> <span class='ocrx_word' id='word_1_670' title='bbox 2904 4345 3096 4398; x_wconf 90' lang='lat' dir='ltr'><strong>harum</strong></span> <span class='ocrx_word' id='word_1_671' title='bbox 3151 4351 3510 4412; x_wconf 78' lang='lat' dir='ltr'><strong>expurgatam</strong></span> 
     </span>
    </p>
   </div>
   <div class='ocr_carea' id='block_1_90' title="bbox 242 4425 1813 4531">
    <p class='ocr_par' dir='ltr' id='par_1_90' title="bbox 242 4425 1813 4531">
     <span class='ocr_line' id='line_1_90' title="bbox 242 4425 1813 4531; baseline -0.011 -32"><span class='ocrx_word' id='word_1_672' title='bbox 242 4444 418 4499; x_wconf 77' lang='grc' dir='ltr'>πάλιν</span> <span class='ocrx_word' id='word_1_673' title='bbox 451 4444 532 4506; x_wconf 85' lang='grc' dir='ltr'><strong>είς</strong></span> <span class='ocrx_word' id='word_1_674' title='bbox 563 4442 656 4495; x_wconf 74' lang='grc' dir='ltr'>τὸν</span> <span class='ocrx_word' id='word_1_675' title='bbox 687 4438 818 4492; x_wconf 84' lang='grc' dir='ltr'>Θεὸν</span> <span class='ocrx_word' id='word_1_676' title='bbox 856 4439 889 4506; x_wconf 81' lang='grc' dir='ltr'><strong>ἡ</strong></span> <span class='ocrx_word' id='word_1_677' title='bbox 921 4436 1067 4506; x_wconf 74' lang='grc' dir='ltr'>ψυχὴ</span> <span class='ocrx_word' id='word_1_678' title='bbox 1109 4431 1526 4528; x_wconf 66' lang='grc' dir='ltr'>μετοικίζεταιὶ</span> <span class='ocrx_word' id='word_1_679' title='bbox 1568 4427 1705 4531; x_wconf 75' lang='grc' dir='ltr'>εἶδεν</span> <span class='ocrx_word' id='word_1_680' title='bbox 1744 4425 1813 4528; x_wconf 66' lang='grc' dir='ltr'><strong>οῦι</strong></span> 
     </span>
    </p>
   </div>
   <div class='ocr_carea' id='block_1_91' title="bbox 1914 4425 3513 4531">
    <p class='ocr_par' dir='ltr' id='par_1_91' title="bbox 1940 4433 3513 4501">
     <span class='ocr_line' id='line_1_91' title="bbox 1940 4433 3513 4501; baseline 0.002 -19"><span class='ocrx_word' id='word_1_681' title='bbox 1940 4444 2162 4499; x_wconf 87' lang='lat' dir='ltr'><strong>sponsa,</strong></span> <span class='ocrx_word' id='word_1_682' title='bbox 2196 4447 2318 4501; x_wconf 59' lang='lat' dir='ltr'><strong>qua!</strong></span> <span class='ocrx_word' id='word_1_683' title='bbox 2356 4434 2499 4489; x_wconf 89' lang='lat' dir='ltr'><strong>sicut</strong></span> <span class='ocrx_word' id='word_1_684' title='bbox 2531 4436 2661 4488; x_wconf 85' lang='lat' dir='ltr'><strong>vitis</strong></span> <span class='ocrx_word' id='word_1_685' title='bbox 2726 4433 3049 4498; x_wconf 86' lang='lat' dir='ltr'><strong>abundans,</strong></span> <span class='ocrx_word' id='word_1_686' title='bbox 3113 4435 3300 4492; x_wconf 85' lang='lat' dir='ltr'><strong>statim</strong></span> <span class='ocrx_word' id='word_1_687' title='bbox 3347 4434 3513 4489; x_wconf 86' lang='lat' dir='ltr'><strong>etiam</strong></span> 
     </span>
    </p>
   </div>
   <div class='ocr_carea' id='block_1_92' title="bbox 242 4517 1813 4602">
    <p class='ocr_par' dir='ltr' id='par_1_92' title="bbox 242 4517 1813 4602">
     <span class='ocr_line' id='line_1_92' title="bbox 242 4517 1813 4602; baseline -0.011 -16"><span class='ocrx_word' id='word_1_688' title='bbox 242 4539 310 4586; x_wconf 81' lang='grc' dir='ltr'>ἐν</span> <span class='ocrx_word' id='word_1_689' title='bbox 340 4535 408 4602; x_wconf 80' lang='grc' dir='ltr'>τῇ</span> <span class='ocrx_word' id='word_1_690' title='bbox 430 4531 660 4598; x_wconf 83' lang='grc' dir='ltr'>δυνάμει</span> <span class='ocrx_word' id='word_1_691' title='bbox 689 4525 782 4602; x_wconf 79' lang='grc' dir='ltr'><strong>τοῦ</strong></span> <span class='ocrx_word' id='word_1_692' title='bbox 821 4523 1176 4585; x_wconf 69' lang='grc' dir='ltr'>κελεύσαντος</span> <span class='ocrx_word' id='word_1_693' title='bbox 1211 4520 1427 4589; x_wconf 79' lang='grc' dir='ltr'>ἑαυτὴν,</span> <span class='ocrx_word' id='word_1_694' title='bbox 1463 4518 1568 4586; x_wconf 87' lang='grc' dir='ltr'><strong>τῆς</strong></span> <span class='ocrx_word' id='word_1_695' title='bbox 1612 4518 1677 4570; x_wconf 83' lang='grc' dir='ltr'>ὲκ</span> <span class='ocrx_word' id='word_1_696' title='bbox 1725 4517 1813 4569; x_wconf 64' lang='grc' dir='ltr'><strong>τὼπ</strong></span> 
     </span>
    </p>
   </div>
   <div class='ocr_carea' id='block_1_93' title="bbox 1914 4517 3512 4602">
    <p class='ocr_par' dir='ltr' id='par_1_93' title="bbox 1944 4521 3512 4595">
     <span class='ocr_line' id='line_1_93' title="bbox 1944 4521 3512 4595; baseline 0.003 -22"><span class='ocrx_word' id='word_1_697' title='bbox 1944 4521 2111 4576; x_wconf 89' lang='lat' dir='ltr'><strong>tradit</strong></span> <span class='ocrx_word' id='word_1_698' title='bbox 2151 4537 2210 4578; x_wconf 82' lang='lat' dir='ltr'><strong>se</strong></span> <span class='ocrx_word' id='word_1_699' title='bbox 2255 4525 2508 4593; x_wconf 78' lang='lat' dir='ltr'><strong>agricolae</strong></span> <span class='ocrx_word' id='word_1_700' title='bbox 2538 4525 2632 4594; x_wconf 92' lang='lat' dir='ltr'><strong>qui</strong></span> <span class='ocrx_word' id='word_1_701' title='bbox 2693 4524 2842 4594; x_wconf 85' lang='lat' dir='ltr'><strong>scpis</strong></span> <span class='ocrx_word' id='word_1_702' title='bbox 2887 4525 3275 4580; x_wconf 88' lang='lat' dir='ltr'><strong>intermedium</strong></span> <span class='ocrx_word' id='word_1_703' title='bbox 3327 4524 3512 4595; x_wconf 90' lang='lat' dir='ltr'><strong>parie-</strong></span> 
     </span>
    </p>
   </div>
   <div class='ocr_carea' id='block_1_94' title="bbox 243 4607 1813 4696">
    <p class='ocr_par' dir='ltr' id='par_1_94' title="bbox 243 4607 1813 4696">
     <span class='ocr_line' id='line_1_94' title="bbox 243 4607 1813 4696; baseline -0.013 -18"><span class='ocrx_word' id='word_1_704' title='bbox 243 4625 466 4696; x_wconf 81' lang='grc' dir='ltr'>θηρίων</span> <span class='ocrx_word' id='word_1_705' title='bbox 486 4621 664 4690; x_wconf 85' lang='grc' dir='ltr'>λύμης</span> <span class='ocrx_word' id='word_1_706' title='bbox 697 4617 900 4671; x_wconf 86' lang='grc' dir='ltr'>τούτων</span> <span class='ocrx_word' id='word_1_707' title='bbox 931 4612 1373 4684; x_wconf 81' lang='grc' dir='ltr'>κεκαθαρμένην,</span> <span class='ocrx_word' id='word_1_708' title='bbox 1417 4611 1450 4679; x_wconf 84' lang='grc' dir='ltr'><strong>ή</strong></span> <span class='ocrx_word' id='word_1_709' title='bbox 1486 4608 1562 4671; x_wconf 85' lang='grc' dir='ltr'>ὡς</span> <span class='ocrx_word' id='word_1_710' title='bbox 1590 4607 1813 4677; x_wconf 76' lang='grc' dir='ltr'>ἅμπελο</span> 
     </span>
    </p>
   </div>
   <div class='ocr_carea' id='block_1_95' title="bbox 1914 4607 3514 4696">
    <p class='ocr_par' dir='ltr' id='par_1_95' title="bbox 1943 4613 3514 4687">
     <span class='ocr_line' id='line_1_95' title="bbox 1943 4613 3514 4687; baseline 0.006 -24"><span class='ocrx_word' id='word_1_711' title='bbox 1943 4617 2050 4664; x_wconf 90' lang='lat' dir='ltr'><strong>tem</strong></span> <span class='ocrx_word' id='word_1_712' title='bbox 2104 4613 2312 4668; x_wconf 88' lang='lat' dir='ltr'><strong>solvit:</strong></span> <span class='ocrx_word' id='word_1_713' title='bbox 2355 4630 2531 4684; x_wconf 89' lang='lat' dir='ltr'><strong>neque</strong></span> <span class='ocrx_word' id='word_1_714' title='bbox 2561 4617 2706 4671; x_wconf 86' lang='lat' dir='ltr'><strong>enim</strong></span> <span class='ocrx_word' id='word_1_715' title='bbox 2757 4617 2991 4686; x_wconf 90' lang='lat' dir='ltr'><strong>amplius</strong></span> <span class='ocrx_word' id='word_1_716' title='bbox 3041 4626 3260 4672; x_wconf 90' lang='lat' dir='ltr'><strong>arcetur</strong></span> <span class='ocrx_word' id='word_1_717' title='bbox 3307 4618 3514 4687; x_wconf 86' lang='lat' dir='ltr'><strong>pariete</strong></span> 
     </span>
    </p>
   </div>
   <div class='ocr_carea' id='block_1_96' title="bbox 241 4698 1813 4780">
    <p class='ocr_par' dir='ltr' id='par_1_96' title="bbox 241 4698 1813 4780">
     <span class='ocr_line' id='line_1_96' title="bbox 241 4698 1813 4780; baseline -0.015 -8"><span class='ocrx_word' id='word_1_718' title='bbox 241 4715 564 4772; x_wconf 82' lang='grc' dir='ltr'>εὐθύνουσα</span> <span class='ocrx_word' id='word_1_719' title='bbox 597 4711 828 4780; x_wconf 83' lang='grc' dir='ltr'>Νύμφη,</span> <span class='ocrx_word' id='word_1_720' title='bbox 883 4708 978 4762; x_wconf 77' lang='grc' dir='ltr'>καὶ</span> <span class='ocrx_word' id='word_1_721' title='bbox 1031 4706 1194 4768; x_wconf 76' lang='grc' dir='ltr'>εὐθὺς</span> <span class='ocrx_word' id='word_1_722' title='bbox 1253 4703 1467 4755; x_wconf 87' lang='grc' dir='ltr'>δίδωσιν</span> <span class='ocrx_word' id='word_1_723' title='bbox 1512 4699 1710 4770; x_wconf 79' lang='grc' dir='ltr'>ἑαυτὴν</span> <span class='ocrx_word' id='word_1_724' title='bbox 1756 4698 1813 4768; x_wconf 68' lang='grc' dir='ltr'>τᾷ</span> 
     </span>
    </p>
   </div>
   <div class='ocr_carea' id='block_1_97' title="bbox 1914 4698 3366 4780">
    <p class='ocr_par' dir='ltr' id='par_1_97' title="bbox 1943 4700 3366 4777">
     <span class='ocr_line' id='line_1_97' title="bbox 1943 4700 3366 4777; baseline 0.007 -25"><span class='ocrx_word' id='word_1_725' title='bbox 1943 4700 2097 4770; x_wconf 79' lang='lat' dir='ltr'><strong>legis,</strong></span> <span class='ocrx_word' id='word_1_726' title='bbox 2130 4719 2237 4772; x_wconf 90' lang='lat' dir='ltr'><strong>quo</strong></span> <span class='ocrx_word' id='word_1_727' title='bbox 2263 4707 2444 4762; x_wconf 89' lang='lat' dir='ltr'><strong>minus</strong></span> <span class='ocrx_word' id='word_1_728' title='bbox 2479 4721 2602 4761; x_wconf 90' lang='lat' dir='ltr'><strong>cum</strong></span> <span class='ocrx_word' id='word_1_729' title='bbox 2631 4706 2942 4762; x_wconf 84' lang='lat' dir='ltr'><strong>desiderato</strong></span> <span class='ocrx_word' id='word_1_730' title='bbox 2975 4707 3366 4777; x_wconf 86' lang='lat' dir='ltr'><strong>conjungatur.</strong></span> 
     </span>
    </p>
   </div>
   <div class='ocr_carea' id='block_1_98' title="bbox 241 4789 3600 4881">
    <p class='ocr_par' dir='ltr' id='par_1_98' title="bbox 241 4789 3600 4881">
     <span class='ocr_line' id='line_1_98' title="bbox 241 4789 3600 4881; baseline -0.001 -26"><span class='ocrx_word' id='word_1_731' title='bbox 241 4808 491 4881; x_wconf 78' lang='grc' dir='ltr'>γεωργῷ</span> <span class='ocrx_word' id='word_1_732' title='bbox 543 4806 603 4860; x_wconf 74' lang='grc' dir='ltr'>τὺ</span> <span class='ocrx_word' id='word_1_733' title='bbox 647 4803 958 4874; x_wconf 79' lang='grc' dir='ltr'>μεσότοιχον</span> <span class='ocrx_word' id='word_1_734' title='bbox 1015 4798 1110 4854; x_wconf 89' lang='grc' dir='ltr'><strong>τοῦ</strong></span> <span class='ocrx_word' id='word_1_735' title='bbox 1172 4793 1428 4867; x_wconf 77' lang='grc' dir='ltr'>φραγμοῦ</span> <span class='ocrx_word' id='word_1_736' title='bbox 1457 4791 1700 4846; x_wconf 86' lang='grc' dir='ltr'>λύσαντι·</span> <span class='ocrx_word' id='word_1_737' title='bbox 1731 4791 1831 4844; x_wconf 83' lang='grc' dir='ltr'><strong>οὐκ</strong></span> <span class='ocrx_word' id='word_1_738' title='bbox 1868 4789 1951 4849; x_wconf 78' lang='grc' dir='ltr'>ἔτι</span> <span class='ocrx_word' id='word_1_739' title='bbox 1987 4794 2096 4867; x_wconf 86' lang='grc' dir='ltr'>γὰρ</span> <span class='ocrx_word' id='word_1_740' title='bbox 2121 4797 2200 4868; x_wconf 85' lang='grc' dir='ltr'>τῷ</span> <span class='ocrx_word' id='word_1_741' title='bbox 2229 4797 2392 4870; x_wconf 86' lang='grc' dir='ltr'>τοίχῳ</span> <span class='ocrx_word' id='word_1_742' title='bbox 2420 4799 2513 4852; x_wconf 89' lang='grc' dir='ltr'><strong>τοῦ</strong></span> <span class='ocrx_word' id='word_1_743' title='bbox 2546 4799 2712 4868; x_wconf 77' lang='grc' dir='ltr'>νόμου</span> <span class='ocrx_word' id='word_1_744' title='bbox 2738 4799 2875 4870; x_wconf 80' lang='grc' dir='ltr'>πρὸς</span> <span class='ocrx_word' id='word_1_745' title='bbox 2900 4799 2998 4868; x_wconf 84' lang='grc' dir='ltr'><strong>τὴν</strong></span> <span class='ocrx_word' id='word_1_746' title='bbox 3061 4799 3354 4869; x_wconf 83' lang='grc' dir='ltr'>συνάφειαν</span> <span class='ocrx_word' id='word_1_747' title='bbox 3413 4796 3511 4853; x_wconf 88' lang='grc' dir='ltr'><strong>τοῦ</strong></span> <span class='ocrx_word' id='word_1_748' title='bbox 3591 4854 3600 4859; x_wconf 90' lang='lat'>_</span> 
     </span>
    </p>
   </div>
   <div class='ocr_carea' id='block_1_99' title="bbox 243 4889 1514 4973">
    <p class='ocr_par' dir='ltr' id='par_1_99' title="bbox 243 4889 1514 4973">
     <span class='ocr_line' id='line_1_99' title="bbox 243 4889 1514 4973; baseline -0.015 -13"><span class='ocrx_word' id='word_1_749' title='bbox 243 4903 596 4973; x_wconf 77' lang='grc' dir='ltr'>ποθουμένου</span> <span class='ocrx_word' id='word_1_750' title='bbox 621 4897 1029 4967; x_wconf 80' lang='grc' dir='ltr'>διατειχίζεται,</span> <span class='ocrx_word' id='word_1_751' title='bbox 1056 4893 1194 4951; x_wconf 81' lang='grc' dir='ltr'>ἀλλά</span> <span class='ocrx_word' id='word_1_752' title='bbox 1216 4907 1350 4960; x_wconf 83' lang='grc' dir='ltr'>φησι</span> <span class='ocrx_word' id='word_1_753' title='bbox 1382 4889 1514 4960; x_wconf 71' lang='grc'><strong>(40).</strong></span> 
     </span>
    </p>
   </div>
   <div class='ocr_carea' id='block_1_100' title="bbox 325 4979 1813 5063">
    <p class='ocr_par' dir='ltr' id='par_1_100' title="bbox 325 4979 1812 5063">
     <span class='ocr_line' id='line_1_100' title="bbox 325 4979 1812 5063; baseline -0.013 -11"><span class='ocrx_word' id='word_1_754' title='bbox 325 4999 459 5059; x_wconf 86' lang='grc' dir='ltr'>Τοῖς</span> <span class='ocrx_word' id='word_1_755' title='bbox 490 4995 591 5063; x_wconf 90' lang='grc' dir='ltr'><strong>τῆς</strong></span> <span class='ocrx_word' id='word_1_756' title='bbox 635 4990 965 5061; x_wconf 88' lang='grc' dir='ltr'>Ἐκκλησίας</span> <span class='ocrx_word' id='word_1_757' title='bbox 993 4986 1283 5058; x_wconf 89' lang='grc' dir='ltr'>τροφίμοις</span> <span class='ocrx_word' id='word_1_758' title='bbox 1312 4983 1614 5054; x_wconf 83' lang='grc' dir='ltr'>προτάσσει</span> <span class='ocrx_word' id='word_1_759' title='bbox 1657 4979 1812 5034; x_wconf 79' lang='grc' dir='ltr'>λοιπὺ</span> 
     </span>
    </p>
   </div>
   <div class='ocr_carea' id='block_1_101' title="bbox 1914 4979 3512 5063">
    <p class='ocr_par' dir='ltr' id='par_1_101' title="bbox 2011 4979 3512 5052">
     <span class='ocr_line' id='line_1_101' title="bbox 2011 4979 3512 5052; baseline -0.003 -16"><span class='ocrx_word' id='word_1_760' title='bbox 2011 4982 2148 5036; x_wconf 84' lang='lat' dir='ltr'><strong>Nili.</strong></span> <span class='ocrx_word' id='word_1_761' title='bbox 2184 5011 2252 5022; x_wconf 93' lang='lat'><strong>-—</strong></span> <span class='ocrx_word' id='word_1_762' title='bbox 2293 4983 2560 5038; x_wconf 72' lang='lat' dir='ltr'><strong>Caeterum</strong></span> <span class='ocrx_word' id='word_1_763' title='bbox 2594 4982 2709 5037; x_wconf 61' lang='lat' dir='ltr'><strong>hinc</strong></span> <span class='ocrx_word' id='word_1_764' title='bbox 2746 4979 2994 5052; x_wconf 65' lang='lat' dir='ltr'><strong>praecipit</strong></span> <span class='ocrx_word' id='word_1_765' title='bbox 3032 4981 3292 5037; x_wconf 65' lang='lat' dir='ltr'><strong>Ecclesia:</strong></span> <span class='ocrx_word' id='word_1_766' title='bbox 3333 4980 3512 5034; x_wconf 85' lang='lat' dir='ltr'><strong>alum-</strong></span> 
     </span>
    </p>
   </div>
   <div class='ocr_carea' id='block_1_102' title="bbox 242 5072 1813 5155">
    <p class='ocr_par' dir='ltr' id='par_1_102' title="bbox 242 5072 1813 5155">
     <span class='ocr_line' id='line_1_102' title="bbox 242 5072 1813 5155; baseline -0.012 -13"><span class='ocrx_word' id='word_1_767' title='bbox 242 5093 372 5155; x_wconf 83' lang='grc' dir='ltr'>τοῖς</span> <span class='ocrx_word' id='word_1_768' title='bbox 395 5089 478 5141; x_wconf 76' lang='grc' dir='ltr'>ἔτι</span> <span class='ocrx_word' id='word_1_769' title='bbox 525 5085 588 5137; x_wconf 77' lang='grc' dir='ltr'><strong>τὸ</strong></span> <span class='ocrx_word' id='word_1_770' title='bbox 620 5083 779 5144; x_wconf 81' lang='grc' dir='ltr'>ἄνθος</span> <span class='ocrx_word' id='word_1_771' title='bbox 820 5078 1286 5147; x_wconf 81' lang='grc' dir='ltr'>ἐπιδεικνυμένοις</span> <span class='ocrx_word' id='word_1_772' title='bbox 1329 5075 1430 5144; x_wconf 87' lang='grc' dir='ltr'><strong>τῆς</strong></span> <span class='ocrx_word' id='word_1_773' title='bbox 1469 5072 1694 5144; x_wconf 85' lang='grc' dir='ltr'>ἀρετῆς,</span> <span class='ocrx_word' id='word_1_774' title='bbox 1748 5088 1813 5124; x_wconf 84' lang='grc' dir='ltr'><strong>κα</strong></span> 
     </span>
    </p>
   </div>
   <div class='ocr_carea' id='block_1_103' title="bbox 1914 5072 3510 5155">
    <p class='ocr_par' dir='ltr' id='par_1_103' title="bbox 1941 5072 3510 5142">
     <span class='ocr_line' id='line_1_103' title="bbox 1941 5072 3510 5142; baseline 0.001 -16"><span class='ocrx_word' id='word_1_775' title='bbox 1941 5073 2048 5136; x_wconf 62' lang='lat' dir='ltr'><strong>nis,</strong></span> <span class='ocrx_word' id='word_1_776' title='bbox 2081 5073 2258 5128; x_wconf 85' lang='lat' dir='ltr'><strong>adhuc</strong></span> <span class='ocrx_word' id='word_1_777' title='bbox 2285 5074 2505 5128; x_wconf 87' lang='lat' dir='ltr'><strong>virtutis</strong></span> <span class='ocrx_word' id='word_1_778' title='bbox 2552 5072 2740 5131; x_wconf 80' lang='lat' dir='ltr'><strong>ﬂorem</strong></span> <span class='ocrx_word' id='word_1_779' title='bbox 2782 5074 3219 5137; x_wconf 86' lang='lat' dir='ltr'><strong>ostendentibus,</strong></span> <span class='ocrx_word' id='word_1_780' title='bbox 3262 5083 3315 5127; x_wconf 92' lang='lat' dir='ltr'><strong>et</strong></span> <span class='ocrx_word' id='word_1_781' title='bbox 3343 5074 3437 5142; x_wconf 91' lang='lat' dir='ltr'><strong>qui</strong></span> <span class='ocrx_word' id='word_1_782' title='bbox 3480 5087 3510 5127; x_wconf 89' lang='lat' dir='ltr'><strong>a</strong></span> 
     </span>
    </p>
   </div>
   <div class='ocr_carea' id='block_1_104' title="bbox 246 5163 1813 5250">
    <p class='ocr_par' dir='ltr' id='par_1_104' title="bbox 246 5163 1807 5250">
     <span class='ocr_line' id='line_1_104' title="bbox 246 5163 1807 5250; baseline -0.014 -13"><span class='ocrx_word' id='word_1_783' title='bbox 246 5179 580 5250; x_wconf 80' lang='grc' dir='ltr'>δυναμένοις</span> <span class='ocrx_word' id='word_1_784' title='bbox 644 5172 884 5243; x_wconf 83' lang='grc' dir='ltr'>εὐχερῶς</span> <span class='ocrx_word' id='word_1_785' title='bbox 930 5169 1256 5240; x_wconf 82' lang='grc' dir='ltr'>ἀδικηθῆναι</span> <span class='ocrx_word' id='word_1_786' title='bbox 1307 5166 1414 5219; x_wconf 82' lang='grc' dir='ltr'>ὑπὸ</span> <span class='ocrx_word' id='word_1_787' title='bbox 1464 5165 1572 5218; x_wconf 81' lang='grc' dir='ltr'><strong>τῶν</strong></span> <span class='ocrx_word' id='word_1_788' title='bbox 1618 5163 1807 5217; x_wconf 86' lang='grc' dir='ltr'>παθῶν</span> 
     </span>
    </p>
   </div>
   <div class='ocr_carea' id='block_1_105' title="bbox 1914 5163 3512 5250">
    <p class='ocr_par' dir='ltr' id='par_1_105' title="bbox 1941 5164 3512 5236">
     <span class='ocr_line' id='line_1_105' title="bbox 1941 5164 3512 5236; baseline 0.001 -18"><span class='ocrx_word' id='word_1_789' title='bbox 1941 5165 2294 5236; x_wconf 87' lang='lat' dir='ltr'><strong>passionibus</strong></span> <span class='ocrx_word' id='word_1_790' title='bbox 2329 5165 2470 5218; x_wconf 43' lang='lat' dir='ltr'><strong>‘ltedi</strong></span> <span class='ocrx_word' id='word_1_791' title='bbox 2529 5164 2691 5219; x_wconf 81' lang='lat' dir='ltr'><strong>facile</strong></span> <span class='ocrx_word' id='word_1_792' title='bbox 2749 5173 3027 5235; x_wconf 91' lang='lat' dir='ltr'><strong>possunt:</strong></span> <span class='ocrx_word' id='word_1_793' title='bbox 3081 5181 3190 5219; x_wconf 92' lang='lat' dir='ltr'><strong>non</strong></span> <span class='ocrx_word' id='word_1_794' title='bbox 3242 5165 3386 5219; x_wconf 88' lang='lat' dir='ltr'><strong>enim</strong></span> <span class='ocrx_word' id='word_1_795' title='bbox 3428 5165 3512 5219; x_wconf 90' lang='lat' dir='ltr'><strong>sic</strong></span> 
     </span>
    </p>
   </div>
   <div class='ocr_carea' id='block_1_106' title="bbox 245 5252 1813 5344">
    <p class='ocr_par' dir='ltr' id='par_1_106' title="bbox 245 5257 1812 5344">
     <span class='ocr_line' id='line_1_106' title="bbox 245 5257 1812 5344; baseline -0.013 -15"><span class='ocrx_word' id='word_1_796' title='bbox 245 5276 359 5344; x_wconf 78' lang='grc' dir='ltr'><strong>οὐχ</strong></span> <span class='ocrx_word' id='word_1_797' title='bbox 413 5269 558 5324; x_wconf 72' lang='grc' dir='ltr'>οὕτω</span> <span class='ocrx_word' id='word_1_798' title='bbox 608 5268 719 5336; x_wconf 88' lang='grc' dir='ltr'>γὰρ</span> <span class='ocrx_word' id='word_1_799' title='bbox 768 5263 1126 5335; x_wconf 82' lang='grc' dir='ltr'>ἀνδρυνθεῖσα</span> <span class='ocrx_word' id='word_1_800' title='bbox 1183 5261 1480 5330; x_wconf 81' lang='grc' dir='ltr'>βλάπτεται</span> <span class='ocrx_word' id='word_1_801' title='bbox 1527 5259 1560 5327; x_wconf 84' lang='grc' dir='ltr'><strong>ὴ</strong></span> <span class='ocrx_word' id='word_1_802' title='bbox 1600 5257 1812 5328; x_wconf 81' lang='grc' dir='ltr'>ἄμπελο</span> 
     </span>
    </p>
   </div>
   <div class='ocr_carea' id='block_1_107' title="bbox 1914 5252 3514 5344">
    <p class='ocr_par' dir='ltr' id='par_1_107' title="bbox 1942 5252 3514 5324">
     <span class='ocr_line' id='line_1_107' title="bbox 1942 5252 3514 5324; baseline 0 -17"><span class='ocrx_word' id='word_1_803' title='bbox 1942 5255 2128 5308; x_wconf 87' lang='lat' dir='ltr'><strong>adulta</strong></span> <span class='ocrx_word' id='word_1_804' title='bbox 2155 5254 2282 5309; x_wconf 91' lang='lat' dir='ltr'><strong>vitis</strong></span> <span class='ocrx_word' id='word_1_805' title='bbox 2316 5252 2551 5320; x_wconf 64' lang='lat' dir='ltr'><strong>laeditur,</strong></span> <span class='ocrx_word' id='word_1_806' title='bbox 2585 5256 2731 5309; x_wconf 91' lang='lat' dir='ltr'><strong>sicut</strong></span> <span class='ocrx_word' id='word_1_807' title='bbox 2757 5271 2820 5309; x_wconf 91' lang='lat' dir='ltr'><strong>ea</strong></span> <span class='ocrx_word' id='word_1_808' title='bbox 2850 5271 2971 5324; x_wconf 66' lang='lat' dir='ltr'><strong>qua:</strong></span> <span class='ocrx_word' id='word_1_809' title='bbox 2999 5256 3053 5308; x_wconf 91' lang='lat' dir='ltr'><strong>in</strong></span> <span class='ocrx_word' id='word_1_810' title='bbox 3085 5254 3371 5324; x_wconf 92' lang='lat' dir='ltr'><strong>principiis</strong></span> <span class='ocrx_word' id='word_1_811' title='bbox 3400 5255 3514 5324; x_wconf 83' lang='lat' dir='ltr'><strong>pri—</strong></span> 
     </span>
    </p>
   </div>
   <div class='ocr_carea' id='block_1_108' title="bbox 246 5344 1813 5433">
    <p class='ocr_par' dir='ltr' id='par_1_108' title="bbox 246 5348 1813 5433">
     <span class='ocr_line' id='line_1_108' title="bbox 246 5348 1813 5433; baseline -0.014 -11"><span class='ocrx_word' id='word_1_812' title='bbox 246 5369 331 5430; x_wconf 80' lang='grc' dir='ltr'>ὡς</span> <span class='ocrx_word' id='word_1_813' title='bbox 368 5367 427 5419; x_wconf 74' lang='grc' dir='ltr'><strong>ἐν</strong></span> <span class='ocrx_word' id='word_1_814' title='bbox 457 5361 768 5433; x_wconf 75' lang='grc' dir='ltr'>προοιμίοις</span> <span class='ocrx_word' id='word_1_815' title='bbox 802 5355 1262 5424; x_wconf 77' lang='grc' dir='ltr'>ὲπιῦουλευομένη</span> <span class='ocrx_word' id='word_1_816' title='bbox 1287 5369 1299 5382; x_wconf 87' lang='grc'>·</span> <span class='ocrx_word' id='word_1_817' title='bbox 1333 5351 1406 5414; x_wconf 83' lang='grc' dir='ltr'>ὡς</span> <span class='ocrx_word' id='word_1_818' title='bbox 1438 5349 1545 5421; x_wconf 79' lang='grc' dir='ltr'><strong>γὰρ</strong></span> <span class='ocrx_word' id='word_1_819' title='bbox 1581 5351 1614 5420; x_wconf 81' lang='grc' dir='ltr'>ἡ</span> <span class='ocrx_word' id='word_1_820' title='bbox 1647 5348 1813 5402; x_wconf 53' lang='grc' dir='ltr'>ἀνθοῦη</span> 
     </span>
    </p>
   </div>
   <div class='ocr_carea' id='block_1_109' title="bbox 1914 5344 3517 5433">
    <p class='ocr_par' dir='ltr' id='par_1_109' title="bbox 1944 5344 3517 5422">
     <span class='ocr_line' id='line_1_109' title="bbox 1944 5344 3517 5422; baseline -0.001 -22"><span class='ocrx_word' id='word_1_821' title='bbox 1944 5347 2046 5401; x_wconf 80' lang='lat' dir='ltr'><strong>ruis</strong></span> <span class='ocrx_word' id='word_1_822' title='bbox 2080 5346 2540 5412; x_wconf 85' lang='lat' dir='ltr'><strong>circumvenitur;</strong></span> <span class='ocrx_word' id='word_1_823' title='bbox 2569 5345 3028 5416; x_wconf 87' lang='lat' dir='ltr'><strong>quemadmodum</strong></span> <span class='ocrx_word' id='word_1_824' title='bbox 3068 5358 3262 5413; x_wconf 88' lang='lat' dir='ltr'><strong>nempe</strong></span> <span class='ocrx_word' id='word_1_825' title='bbox 3311 5344 3517 5422; x_wconf 57' lang='lat' dir='ltr'><strong>ﬂoreus</strong></span> 
     </span>
    </p>
   </div>
   <div class='ocr_carea' id='block_1_110' title="bbox 1532 5487 1970 5552">
    <p class='ocr_par' dir='ltr' id='par_1_110' title="bbox 1532 5487 1970 5552">
     <span class='ocr_line' id='line_1_110' title="bbox 1532 5487 1970 5552; baseline -0.002 -11"><span class='ocrx_word' id='word_1_826' title='bbox 1532 5489 1576 5524; x_wconf 69' lang='grc'><strong>⁸³</strong></span> <span class='ocrx_word' id='word_1_827' title='bbox 1601 5487 1758 5543; x_wconf 78' lang='lat' dir='ltr'><strong>Rom.</strong></span> <span class='ocrx_word' id='word_1_828' title='bbox 1792 5504 1843 5552; x_wconf 89' lang='lat' dir='ltr'><strong>v,</strong></span> <span class='ocrx_word' id='word_1_829' title='bbox 1879 5487 1970 5540; x_wconf 65' lang='lat'><strong>20.</strong></span> 
     </span>
    </p>
   </div>
   <div class='ocr_carea' id='block_1_111' title="bbox 1775 5583 2006 5638">
    <p class='ocr_par' dir='ltr' id='par_1_111' title="bbox 1775 5583 2006 5638">
     <span class='ocr_line' id='line_1_111' title="bbox 1775 5583 2006 5638; baseline -0.009 0"><span class='ocrx_word' id='word_1_830' title='bbox 1775 5583 2006 5638; x_wconf 69' lang='lat' dir='ltr'><strong>NOTAE.</strong></span> 
     </span>
    </p>
   </div>
   <div class='ocr_carea' id='block_1_112' title="bbox 309 5465 1428 5564">
    <p class='ocr_par' dir='ltr' id='par_1_112' title="bbox 309 5465 1428 5564">
     <span class='ocr_line' id='line_1_112' title="bbox 309 5465 1428 5564; baseline -0.011 -6"><span class='ocrx_word' id='word_1_831' title='bbox 309 5507 368 5538; x_wconf 73' lang='grc' dir='ltr'>-δί</span> <span class='ocrx_word' id='word_1_832' title='bbox 405 5465 544 5559; x_wconf 69' lang='lat' dir='ltr'><strong>Luc.</strong></span> <span class='ocrx_word' id='word_1_833' title='bbox 587 5516 745 5564; x_wconf 63' lang='grc' dir='ltr'>χχιιι,</span> <span class='ocrx_word' id='word_1_834' title='bbox 770 5497 860 5553; x_wconf 67' lang='lat'><strong>4‘2.</strong></span> <span class='ocrx_word' id='word_1_835' title='bbox 935 5493 1200 5549; x_wconf 75' lang='lat' dir='ltr'><strong>“Jeretu.</strong></span> <span class='ocrx_word' id='word_1_836' title='bbox 1244 5509 1339 5556; x_wconf 79' lang='lat' dir='ltr'><strong>xu,</strong></span> <span class='ocrx_word' id='word_1_837' title='bbox 1375 5494 1428 5546; x_wconf 85' lang='lat'><strong>8.</strong></span> 
     </span>
    </p>
   </div>
   <div class='ocr_carea' id='block_1_113' title="bbox 329 5659 2040 5744">
    <p class='ocr_par' dir='ltr' id='par_1_113' title="bbox 329 5659 2040 5744">
     <span class='ocr_line' id='line_1_113' title="bbox 329 5659 2040 5744; baseline 0.001 -23"><span class='ocrx_word' id='word_1_838' title='bbox 329 5670 684 5744; x_wconf 65' lang='grc' dir='ltr'>(δωραιτοι.</span> <span class='ocrx_word' id='word_1_839' title='bbox 719 5662 948 5726; x_wconf 73' lang='lat' dir='ltr'><strong>LXV&quot;.</strong></span> <span class='ocrx_word' id='word_1_840' title='bbox 978 5659 1406 5744; x_wconf 44' lang='lat' dir='ltr'><strong>col.n26{1.265l.</strong></span> <span class='ocrx_word' id='word_1_841' title='bbox 1589 5728 1602 5741; x_wconf 58' lang='grc'><em>,</em></span> <span class='ocrx_word' id='word_1_842' title='bbox 1660 5743 1669 5744; x_wconf 14' lang='lat'><em>7</em></span> <span class='ocrx_word' id='word_1_843' title='bbox 1881 5723 2040 5744; x_wconf 38' lang='lat' dir='ltr'><strong>Lm:</strong></span> 
     </span>
    </p>
   </div>
   <div class='ocr_carea' id='block_1_114' title="bbox 329 5723 2278 5824">
    <p class='ocr_par' dir='ltr' id='par_1_114' title="bbox 329 5723 2278 5824">
     <span class='ocr_line' id='line_1_114' title="bbox 329 5723 2278 5824; baseline -0.014 -21"><span class='ocrx_word' id='word_1_844' title='bbox 476 5723 613 5810; x_wconf 55' lang='lat' dir='ltr'><strong>Quae</strong></span> <span class='ocrx_word' id='word_1_845' title='bbox 664 5723 966 5807; x_wconf 81' lang='lat' dir='ltr'><strong>sequuntur</strong></span> <span class='ocrx_word' id='word_1_846' title='bbox 1008 5734 1060 5786; x_wconf 89' lang='lat' dir='ltr'><strong>in</strong></span> <span class='ocrx_word' id='word_1_847' title='bbox 1105 5731 1167 5784; x_wconf 90' lang='lat' dir='ltr'><strong>C.</strong></span> <span class='ocrx_word' id='word_1_848' title='bbox 1204 5732 1262 5785; x_wconf 87' lang='grc' dir='ltr'><strong>Β.</strong></span> <span class='ocrx_word' id='word_1_849' title='bbox 1312 5731 1416 5785; x_wconf 89' lang='lat' dir='ltr'><strong>sub</strong></span> <span class='ocrx_word' id='word_1_850' title='bbox 1454 5728 1686 5824; x_wconf 20' lang='lat' dir='ltr'><strong>nomine.</strong></span> <span class='ocrx_word' id='word_1_851' title='bbox 1731 5725 1836 5780; x_wconf 78' lang='lat' dir='ltr'><strong>Nili</strong></span> <span class='ocrx_word' id='word_1_852' title='bbox 1881 5723 2278 5779; x_wconf 85' lang='lat' dir='ltr'><strong>inscribuntur.</strong></span> 
     </span>
    </p>
   </div>
   <div class='ocr_carea' id='block_1_115' title="bbox 488 5813 3159 5902">
    <p class='ocr_par' dir='ltr' id='par_1_115' title="bbox 488 5813 3159 5902">
     <span class='ocr_line' id='line_1_115' title="bbox 488 5813 3159 5902; baseline -0.016 -1"><span class='ocrx_word' id='word_1_853' title='bbox 488 5842 768 5902; x_wconf 70' lang='lat' dir='ltr'><strong>I‘ATnOL.</strong></span> <span class='ocrx_word' id='word_1_854' title='bbox 811 5835 928 5894; x_wconf 76' lang='lat' dir='ltr'><strong>Gn.</strong></span> <span class='ocrx_word' id='word_1_855' title='bbox 970 5830 1320 5892; x_wconf 66' lang='lat' dir='ltr'><strong>LXXXVII.</strong></span> <span class='ocrx_word' id='word_1_856' title='bbox 1682 5820 1704 5838; x_wconf 59' lang='grc'><strong><em>³</em></strong></span> <span class='ocrx_word' id='word_1_857' title='bbox 3086 5813 3159 5884; x_wconf 57' lang='grc' dir='ltr'><strong>εί</strong></span> 
     </span>
    </p>
   </div>
  </div>
