3970 6296
224 322 350 388 1617

1144 279 1676 390 ΕΟΜΜΕΝΤΑΗΙΙ
1701 328 1782 389 ΙΝ
1806 327 2122 390 CANTICA
2153 329 2444 392 CANTIC.

3328 325 3464 391 1618
3511 320 3522 331 '

223 434 478 503 συλλαόήν
502 475 517 487 .
563 432 791 505 ἐζήτουν
833 436 941 507 γὰρ
977 437 1143 491 αὑτὸν
1177 440 1273 492 ἐπὶ
1317 438 1415 510 τὴν
1446 439 1636 510 κοίτην
1670 456 1793 509 μου,

1906 456 2029 495 rens
2067 456 2192 496 eum
2227 442 2321 511 qui
2369 440 2582 495 latebat
2615 439 2718 496 sub
2746 438 3014 510 caligine;
3072 446 3200 494 tunc
3240 438 3462 507 quidem

224 526 574 594 ὥπεγνῶναι
599 528 683 591 τίς
702 528 770 584 ,ἐν
798 528 946 592 νυξὶν
975 531 1007 598 ή
1038 530 1219 596 οὐσία,
1244 530 1410 584 ποθεν
1435 530 1677 602 ἔρχεται,
1708 533 1786 595 είς

142 674 153 687 I
222 618 271 670 τί
297 619 612 686 καταλήγει,
643 619 701 671 ἐν
746 618 852 672 τίνι
877 619 991 689 ἔχει
1016 619 1077 673 τὸ
1102 616 1263 685 εἶναι,
1303 621 1419 674 ἀλλ’
1460 622 1557 690 οὐχ
1601 616 1778 693 εὗρον.

225 705 347 762 Εἶτά
382 725 564 779 φησιν,
597 709 863 764 Ἔκάλεσα
907 711 1071 764 αὐτὸν
1085 712 1178 764 τὸν
1206 712 1668 782 ἀκατανόμαστον
1691 714 1785 775 ’ὡς

225 801 345 871 ἐνῆν
370 799 705 871 ὀνομάζουσα
738 802 837 857 καὶ
862 802 965 856 οὑκ
1015 804 1294 872 ἐπήκουσέ
1342 821 1471 874 μου·
1499 805 1560 857 οὺ
1586 804 1695 875 γὰρ
1722 800 1791 874 ἦν

224 892 470 962 ὀνόματος
499 886 741 963 ἔμφασις
765 897 799 965 ή
841 894 1243 965 καθικνουμένη
1287 896 1383 950 τοῦ
1417 895 1752 966 ζητουμένου
1773 911 1788 926 ο

225 983 337 1036 τότε
363 983 538 1038 τοίνυν
569 983 765 1053 ἔγνων,
797 987 881 1040 ὅτι
915 986 1015 1055 τῆς
1065 987 1543 1058 μεγαλοπρεπείας
1579 988 1681 1056 τῆς
1706 987 1792 1040 δό-

229 1074 316 1142 ξης
342 1075 436 1145 τῆς
475 1077 786 1148 ἁγιωσύνης
813 1076 984 1132 αὑτοῦ
1017 1078 1117 1131 οὐκ
1144 1078 1264 1132 ἐστι
1300 1078 1499 1149 πέρας.
1524 1078 1689 1131 Ὅθεν
1711 1079 1792 1132 δι-

216 1166 489 1236 ανίστησιν
515 1169 716 1239 ἑαυτὴν
736 1168 832 1223 καὶ
853 1168 1142 1237 περιπολεῖ
1173 1171 1239 1239 τῇ
1263 1169 1473 1240 διανοίᾳ
1496 1169 1593 1240 τὴν
1617 1170 1792 1240 ὑπερ-

228 1259 438 1328 κόσμιον
463 1257 646 1327 φύσιν,
691 1260 758 1331 ἣν
800 1260 1032 1314 ἐκάλεσε
1081 1261 1261 1327 πόλιν,
1306 1263 1364 1313 ἐν
1502 1261 1794 1333 ἀρχαὶκαὶ

227 1351 534 1422 κυριότητες
565 1352 660 1406 καὶ
684 1353 735 1405 oi
760 1355 880 1416 ταῖς
903 1354 1178 1420 ἐξουσίαις
1209 1353 1642 1423 ἀποτεταγμένοι
1663 1353 1792 1423 θρό-

227 1457 322 1508 νοι,
353 1442 388 1512 ἥ
418 1460 478 1497 τε
510 1443 624 1497 τῶν
652 1446 993 1515 ἐπουρανίων
1020 1446 1327 1517 πανήγυρις
1347 1462 1360 1477 ·
1379 1444 1412 1498 ὃ
1431 1446 1494 1497 τὸ
1522 1443 1623 1514 τῆς
1657 1445 1794 1497 πλα-

225 1531 365 1595 τείας
384 1532 737 1604 διασημαίνει
759 1535 1020 1606 ὀνόματιο
1052 1536 1128 1607 μὴ
1162 1535 1399 1606 εὑροῦσα
1430 1535 1487 1588 δὲ
1521 1537 1579 1588 ἐν
1608 1537 1793 1599 αὐτοῖς

229 1623 287 1676 τὸ
311 1623 666 1695 ποθούμενον,
698 1626 819 1680 καθ’
858 1627 1059 1697 ἑαυτὴν
1079 1627 1395 1696 ἐλογίσατοο
1438 1627 1511 1699 μὴ
1556 1627 1667 1698 ἄρα
1689 1629 1792 1684 κᾶν

229 1715 447 1780 ἐκείνοις
470 1716 679 1787 ληπτόν
707 1719 821 1771 ἐστι
854 1719 916 1771 τὸ
942 1721 1074 1789 παρ’
1099 1718 1234 1789 ἐμοῦ
1272 1718 1637 1788 ἀγαπώμενον
1660 1736 1673 1749 ·
1704 1719 1792 1774 διὰ

228 1806 280 1859 δὲ
306 1810 402 1876 τῆς
440 1810 656 1879 σιωπῆς
704 1809 1088 1878 ἐνδειξαμένου
1124 1810 1187 1863 τὸ
1228 1809 1634 1881 ἀκατάληπτον,
1681 1811 1791 1864 πᾶν

226 1898 283 1950 τὸ
308 1900 699 1970 εὑρισκόμενον
738 1902 938 1969 ἀφεῖσα
977 1900 1131 1972 μόλις
1163 1901 1307 1970 ἔγνω
1343 1902 1406 1954 τδ
1437 1901 1789 1972 ζητούμενον,

225 1989 293 2051 ὡς
321 1990 477 2059 ἐντῷ
508 1989 591 2060 μὴ
610 1991 960 2062 εὑρίσκεσθαι
992 1992 1045 2045 τί
1069 1994 1239 2059 ἐστιν,
1271 1993 1354 2046 ὅτι
1383 1993 1501 2046 ἐστὶ
1524 1991 1791 2060 γινώσκε-

226 2095 326 2134 ται.
372 2080 463 2135 Διό
507 2083 857 2152 φησιν,⁶’οτε
902 2083 1099 2154 μικρὸν
1148 2083 1427 2155 παρῆλθον
1478 2084 1586 2138 ἀπὸ
1612 2084 1794 2153 πάσης

230 2171 464 2238 κτίσεως,
515 2175 700 2227 πᾶσαν
751 2175 954 2241 ἀφεῖσα
988 2174 1407 2245 καταληπτικὴν
1455 2175 1665 2243 ἔφοδον,
1724 2178 1790 2245 τῇ

228 2263 397 2316 πίστει
426 2264 518 2318 τὸν
549 2265 920 2336 ἀγαπώμενον
941 2261 1098 2336 εὗρον
1121 2284 1135 2297 ⁸
1160 2268 1228 2321 δι’
1254 2262 1320 2338 ἧς
1351 2268 1514 2321 αὒτὸν
1540 2268 1635 2320 καὶ
1667 2283 1799 2334 κρα-

227 2354 388 2422 τήσω,
423 2353 529 2419 ἕως
565 2355 633 2410 ἂν
659 2358 808 2420 ἐντὸς
848 2358 1074 2428 γένηται
1105 2359 1199 2411 τοῦ
1239 2359 1375 2429 ἐμοῦ
1410 2358 1686 2427 ταμιείου,
1717 2357 1796 2409 εῖ-

229 2459 346 2496 τουν
372 2445 606 2517 καρδίας
624 2464 640 2478 ·
669 2448 702 2517 ἢ
743 2447 864 2501 τότε
894 2448 1104 2516 γίνεται
1132 2450 1353 2520 δεκτικὴ
1386 2450 1486 2518 τῆς
1515 2449 1667 2511 θείας
1698 2449 1797 2501 αὺ-

229 2537 317 2600 τοῦ
363 2539 720 2610 ἐνοικήσεως,
769 2540 898 2594 ὃταν
943 2539 1072 2610 ἔλθῃ
1128 2541 1265 2610 πρὸς
1316 2541 1413 2610 τὴν
1462 2539 1796 2597 κατάστασιν

231 2630 436 2703 ἐκείνην
462 2633 522 2686 ἐν
623 2632 687 2686 τδ
708 2635 832 2688 κατ’
856 2635 1028 2707 ἀρχὰς
1056 2632 1123 2707 ἦν
1149 2636 1239 2689 ὅτε
1268 2634 1544 2704 irriderqu
1574 2633 1677 2686 ὑπὸ
1698 2633 1796 2702 τῆς

231 2724 599 2797 συλλαϐούσης
651 2731 889 2801 μητρός·
919 2729 1040 2800 ἣτις
1083 2729 1229 2782 ἐστὶν
1260 2730 1295 2798 ή
1334 2730 1526 2799 πρώτη
1562 2725 1662 2796 τῆς
1703 2741 1796 2778 συ-
1848 2788 1851 2791 ν

1825 2863 1829 2867 .
1904 2811 2005 2867 [ide
2020 2813 2299 2880 dilectum,
2341 2831 2436 2885 per
2469 2831 2630 2886 quam
2665 2817 2838 2885 ipsum
2864 2815 3029 2869 etiam
3059 2814 3273 2878 tenebo,
3313 2812 3491 2866 ilonec

231 2816 466 2879 στάσεως
484 2821 666 2890 ’ήμῶν
694 2824 865 2876 αίτία.

1819 1778 1866 1836 Β

1894 531 2156 586 habebam
2193 532 2542 587 dilectionem
2599 532 2652 585 in
2697 546 2820 585 eum
2873 531 2967 600 qui
3004 528 3463 601 desiderabatur;

1895 623 2137 694 idipsum
2179 623 2360 679 autem
2388 622 2536 693 quod
2558 621 2892 693 diligebatur
2922 622 3179 676 evola‘aat
3208 630 3263 673 ιιι
3292 620 3343 674 id
3371 637 3464 689 ap-

1896 716 2231 788 prchendere
2272 731 2381 773 non
2441 723 2673 784 possent
2725 713 3116 783 cogitationes.
3152 712 3466 778 Quaerebam

1892 807 2037 862 enim
2070 806 2244 877 ipsum
2275 807 2328 860 in
2373 805 2518 861 lecto
2552 820 2674 860 meo
2700 814 2868 861 noctu
2910 812 2969 858 ut
3001 817 3222 858 nossem
3252 819 3373 873 qua!
3398 805 3469 857 sit

1892 897 2013 966 ejus
2044 897 2305 959 essentia,
2337 896 2483 952 unde
2535 895 2784 966 incipiat,
2819 911 2928 966 quo
2962 895 3197 959 desinat,
3235 897 3289 948 in
3332 909 3469 963 quo-

1895 1002 2021 1042 nam
2055 1002 2210 1043 suam
2237 987 2434 1043 habeat
2470 987 2773 1043 essentiam
2807 1004 2820 1040 :
2853 986 2947 1041 sed
2997 1001 3106 1040 non
3138 986 3345 1041 iuveni.
3374 986 3471 1039 De-

1894 1079 2040 1145 inde,
2066 1077 2290 1143 Vocavi,
2308 1079 2509 1148 inquit,
2537 1078 2815 1149 ipsumqui
2840 1092 2947 1132 non
2974 1086 3153 1149 potest
3171 1077 3469 1139 nominari.

1894 1168 2072 1238 quoad
2106 1169 2221 1225 ﬁeri
2256 1178 2476 1238 poterat
2527 1184 2652 1225 eum
2683 1168 3013 1224 nominans:
3050 1175 3105 1221 et
3141 1183 3249 1222 non
3299 1168 3472 1221 obau-

1892 1259 2025 1313 divit
2054 1267 2155 1315 ‘me
2199 1277 2212 1313 :
2251 1274 2360 1314 non
2383 1260 2530 1314 enim
2563 1269 2680 1314 erat
2712 1259 2954 1313 nominis
2989 1256 3316 1328 signiﬁcatio
3349 1272 3471 1326 qme
3554 1274 3560 1280 ·

1880 1351 2227 1429 .pertingeret
2267 1363 2442 1419 usque
2481 1349 2547 1404 ad
2602 1350 2657 1403 id
2719 1348 2868 1419 quod
2914 1349 3287 1418 quaerebatur.
3330 1345 3467 1421 Tum

1895 1441 2061 1510 igitur
2111 1442 2340 1511 cognovi
2363 1439 2512 1512 quod
2544 1441 2991 1512 magniﬁcentiae,
3023 1440 3229 1511 gloriae,
3268 1439 3472 1493 sancti-

1894 1536 2022 1588 tatis
2050 1532 2174 1602 ejus
2210 1548 2315 1585 non
2378 1539 2462 1587 est
2505 1530 2654 1586 ﬁnis.
2696 1529 2853 1585 Unde
2880 1531 3086 1585 excitat
3118 1530 3477 1598 semetipsam

1894 1631 1948 1677 et
1999 1624 2114 1678 obit
2173 1624 2508 1695 c0gitatione
2570 1638 2735 1694 super
2793 1623 3124 1678 mundanam
3182 1630 3473 1684 naturam,

1895 1731 2057 1787 quam
2108 1725 2285 1772 'vocat
2355 1716 2667 1782 civitatem,
2717 1715 2775 1769 in
2841 1730 2948 1785 qua
3019 1723 3148 1770 sunt
3203 1714 3476 1784 principa-

1894 1818 1983 1866 tus
2046 1821 2101 1866 et
2168 1810 2609 1877 dominationes,
2665 1825 2728 1865 ac
2793 1809 3156 1880 potestatibus
3214 1808 3511 1876 assignati'
3560 1808 3573 1888 ς

1894 1901 2096 1967 throni,
2144 1909 2218 1957 'et
2257 1902 2562 1956 cmlestium
2625 1909 2951 1966 conventus,
2994 1914 3153 1970 quem
3208 1899 3477 1968 signiﬁcat

1896 1993 2115 2047 nomine
2158 1994 2367 2062 plateae.
2411 1991 2527 2045 Non
2565 1991 2848 2045 inveniens
2890 1990 2961 2044 ibi
3012 1990 3290 2055 dilectum,
3336 1989 3475 2056 apud

1897 2098 1956 2138 se
1982 2083 2259 2153 cogitabat
2286 2080 2462 2136 :Num
2490 2081 2630 2136 forte
2653 2083 2819 2136 etiam
2858 2080 2912 2134 in
2940 2082 3054 2135 illis
3085 2079 3477 2150 comprehendi

1898 2183 2079 2244 potest
2112 2174 2243 2227 illud
2274 2174 2418 2243 quod
2451 2188 2479 2225 a
2513 2189 2597 2226 me
2618 2172 2912 2242 diligitur?
2938 2171 3074 2224 Cum
3106 2178 3285 2225 autem
3320 2169 3482 2224 silen-

1906 2267 1983 2319 tio
2035 2265 2373 2319 iudicassent
2423 2272 2644 2334 raptum
2687 2280 2903 2319 euntem
2969 2279 3254 2335 superare,
3291 2262 3481 2319 reiicto

1907 2358 2169 2408 universo
2221 2355 2366 2423 (ιυρά
2420 2353 2827 2417 inveniebatur,
2894 2353 2982 2406 vix
3038 2352 3289 2423 cognovit
3335 2350 3480 2420 quod

1905 2446 2275 2514 quaerebatur,
2310 2444 2469 2514 quasi
2504 2445 2554 2497 in
2588 2458 2653 2497 eo
2670 2444 2813 2513 quod
2854 2458 2958 2497 non
2986 2444 3324 2498 inveniretur
3352 2443 3483 2511 quid

1903 2545 2074 2601 esset,
2098 2546 2547 2611 cognosceretur.
2573 2533 2871 2605 Propterea
2903 2534 3035 2589 dicit
3062 2553 3075 2588 :
3101 2532 3334 2599 Quando
3354 2548 3485 2601 pau—

1904 2633 2073 2685 lulum
2105 2635 2396 2702 pertransii
2435 2633 2502 2686 ab
2551 2632 2701 2685 omni
2731 2643 2980 2687 creatura
3015 2646 3230 2686 omnem
3290 2629 3474 2683 dimit-

1900 2729 2024 2780 tens
2073 2726 2619 2792 comprehensibilem
2664 2725 2806 2780 viam
2859 2740 2921 2778 ac
2978 2724 3264 2785 rationem,
3301 2721 3481 2774 inveni

231 2906 389 2964 fuerit
452 2883 608 2967 intra
629 2930 806 2969 meum
837 2883 1116 2979 conclave,
1149 2915 1263 2969 sive
1305 2928 1421 2985 cor,
1453 2911 1597 2982 quod
1623 2919 1752 2967 tunc
1779 2910 1836 2964 lit
1872 2924 2045 2979 capax
2092 2908 2290 2964 divinae
2343 2883 2467 2978 ejus
2488 2883 2888 2971 'habitationis,
2916 2906 3136 2974 quando
3169 2905 3389 2960 redierit
3418 2905 3485 2958 ad

232 3004 373 3058 illum
405 3014 612 3062 statum
645 3008 701 3063 in
725 3024 834 3078 quo
866 3020 982 3065 erat
1011 3009 1080 3063 ab
1138 3009 1297 3065 initio
1327 3009 1549 3081 quando
1602 3008 1705 3063 fuit
1766 3006 2083 3063 eﬂictnmab
2104 3022 2166 3064 ea
2186 3014 2360 3061 matre
2381 3020 2503 3078 quae
2536 3005 2808 3074 concepit,
2850 3017 2975 3073 qlia:
2992 3011 3075 3057 est
3095 3003 3267 3072 prima
3320 3017 3489 3057 causa

230 3104 425 3151 nostra
448 3098 892 3154 constitutionis.

294 3190 535 3244 Νείλου.
566 3220 635 3231 —-
666 3191 1044 3256 Καταστάσεις
1081 3191 1281 3260 ἑαυτῆς
1306 3192 1362 3243 ἐν
1399 3185 1485 3253 αἶς
1516 3187 1732 3257 ἐγένετο
1765 3188 1795 3256 ἡ

1977 3184 2113 3240 Nili.
2143 3184 2414 3241 -——Statns
2445 3188 2574 3240 suos
2594 3166 2647 3239 in
2673 3185 2876 3255 quibus
2896 3147 3132 3242 versata.
3149 3172 3248 3239 fuit
3275 3186 3489 3255 Sponsa

228 3280 427 3352 Νύμφη
470 3281 743 3351 διηγεῖται
767 3283 860 3335 τὸν
889 3284 1061 3352 Λόγον
1087 3282 1324 3352 ζητοῦσα
1362 3281 1457 3335 καὶ
1489 3281 1586 3350 τὴν
1609 3278 1810 3332 τελειό-

230 3386 363 3440 τητα
392 3372 489 3426 xal.
517 3373 622 3441 τὴν
673 3375 733 3426 ἐν
786 3374 1085 3443 τελειότητι
1134 3374 1409 3444 ἑπομένην
1436 3389 1451 3404 ο
1499 3371 1597 3425 καὶ
1636 3368 1811 3424 ταῦτά

233 3481 359 3533 φησι
389 3464 531 3534 πρὸς
561 3464 663 3535 τὴν
694 3463 804 3518 τῶν
832 3464 1040 3518 λοιπῶν
1068 3463 1339 3533 ὠφέλειαν
1357 3483 1369 3494 ·
1395 3463 1708 3516 διδάσκουσι
1729 3462 1810 3515 ὃτι

233 3554 329 3607 οὐκ
350 3554 467 3608 ἐστι
503 3555 649 3625 μετὰ
686 3556 1048 3619 ἀναπαύσεως
1089 3554 1358 3626 ζητοῦντα
1385 3554 1446 3608 τὺ
1474 3552 1811 3625 ποθούμενον

234 3645 410 3716 εὑρεῖν
429 3665 443 3677 ·
470 3647 714 3716 ἀσκήσει
737 3647 846 3718 γὰρ
870 3647 978 3700 τῶν
998 3647 1200 3710 καλῶν,
1236 3644 1487 3717 ῥᾳστώνη
1518 3646 1776 3716 πολέμιον
1793 3660 1805 3675 ο

233 3734 291 3788 τὸ
314 3736 442 3804 γὰρ,
500 3737 638 3792 Ἐπὶ
675 3732 791 3806 τὴν
818 3738 1030 3806 κοίτην
1054 3755 1176 3807 μου
1219 3738 1292 3791 ἐν
1331 3736 1512 3800 νυξὶν
1552 3736 1812 3803 ἐζήτησα

234 3827 304 3881 ὃν
329 3828 660 3899 ἠγάπησεν
684 3830 724 3898 ή
751 3829 923 3899 ψυχή
956 3847 1096 3899 μου,
1126 3827 1367 3883 τοιοῦτόν
1396 3828 1575 3892 ἐστιν,
1607 3827 1810 3880 ὡσανεὶ

235 3919 327 3990 τῆς
354 3920 598 3991 Νύμφης
627 3920 991 3991 διηγουμένης
1019 3923 1140 3979 ταῖς
1174 3920 1434 3985 νεάνισιν,
1477 3921 1559 3974 ὅτι
1585 3920 1812 3991 ἐνόμισα

236 4009 432 4081 κοῦφον
462 4008 609 4066 εἶναι
649 4012 744 4066 καὶ
764 4012 1012 4084 εὐχερὲς,
1044 4012 1104 4065 τὸ
1133 4012 1439 4083 κτήσασθαι
1469 4013 1569 4083 τήν
1609 4011 1812 4085 ἀρετὴν

238 4107 327 4157 καὶ
345 4105 447 4176 τὴν
485 4105 687 4175 σοφίαν
732 4103 1124 4159 οἰκειώσασθαι
1143 4120 1158 4135 ο
1187 4105 1286 4159 καί⁸
1314 4105 1543 4176 ἐζήτουν
1575 4104 1637 4157 οὐ
1671 4105 1813 4175 μετὰ

137 4218 145 4225 ι
237 4194 417 4261 πόνου,
448 4196 574 4250 ἀλλ’
600 4196 905 4266 ἀνειμένως
926 4195 1021 4249 καὶ
1050 4195 1331 4267 ῥαθύμως,
1358 4197 1452 4250 καὶ
1480 4197 1594 4259 τοῖς
1624 4212 1808 4267 σωμα-

237 4289 401 4350 τικοῖς
432 4288 511 4351 ώς
536 4285 699 4360 κλίνῃ
727 4287 1226 4357 ἐπαναπαυομένη·
1257 4286 1443 4357 ἐπειδὴ
1480 4287 1538 4340 δέ
1584 4289 1619 4358 ἡ
1648 4285 1812 4356 ζήτη-

241 4397 319 4444 σις
345 4379 486 4451 αὕτη
516 4380 622 4448 τῆς
651 4379 1007 4450 καταλήψεως
1035 4380 1275 4449 ἠστόχει,
1306 4380 1599 4450 μετέδαλον
1636 4381 1728 4432 ἐπὶ
1753 4380 1812 4433 τὸ

1910 3285 2306 3332 commemorat
2344 3276 2579 3332 Verbum
2617 3292 2873 3347 quaerens
2895 3293 2960 3333 ac
2992 3276 3403 3348 perlectionem,
3435 3288 3490 3331 ct

1911 3368 1966 3422 in
2002 3367 2339 3437 perfectione
2369 3368 2715 3423 mansionem
2746 3385 2760 3423 :
2805 3377 2970 3438 atque
3003 3368 3117 3423 haec
3157 3369 3223 3422 ad
3256 3369 3493 3439 reliquo-

1911 3474 2032 3514 rum
2064 3457 2195 3513 dicit
2225 3459 2543 3521 utilitatem,
2581 3458 2786 3513 docens
2817 3459 2934 3513 fieri
2969 3474 3077 3514 non
3116 3476 3278 3531 posse
3340 3472 3395 3514 nt
3436 3462 3489 3515 in

1910 3551 2092 3620 quiete
2124 3564 2377 3619 quaerens
2434 3552 2562 3621 quis
2606 3551 2981 3606 desideratum
3027 3553 3288 3608 inveniat.
3324 3553 3494 3608 Exer-

1911 3643 2161 3696 citationi
2235 3644 2382 3695 enim
2448 3644 2713 3697 virtutum
2780 3643 3000 3698 inimica
3058 3645 3287 3699 desidia.
3356 3644 3491 3700 Illud

1911 3734 2055 3790 enim
2088 3750 2102 3787 :
2140 3733 2205 3787 In
2240 3733 2428 3788 lectulo
2487 3750 2600 3789 meo
2630 3737 2686 3788 in
2715 3735 2950 3790 noctibus
2976 3737 3193 3805 quwsivi
3224 3753 3375 3805 quem
3413 3736 3496 3789 div

1912 3827 2039 3881 (exit
2079 3828 2257 3880 anima
2281 3842 2396 3879 mea
2431 3865 2446 3889 ,
2476 3835 2559 3880 est
2610 3826 2771 3880 istius
2806 3827 2952 3881 modi
2984 3842 3047 3880 ac
3079 3828 3125 3882 si
3166 3827 3378 3894 Sponsa
3417 3827 3497 3902 di-

1912 3924 2064 3973 ceret
2109 3916 2539 3972 adolescentulis
2571 3935 2584 3972 :
2624 3917 3006 3972 existimabam
3061 3918 3234 3971 levent
3273 3933 3397 3972 esse
3430 3934 3503 3973 ao

1914 4011 2132 4066 facilem
2160 4009 2382 4063 virtutis
2413 4009 2816 4078 possessionem
2844 4016 2900 4062 et
2941 4008 3225 4078 sapientia:
3268 4008 3498 4063 familia-

1911 4102 2152 4168 ritatem,
2184 4109 2239 4156 et
2267 4099 2507 4170 quaesivi
2532 4113 2645 4152 non
2696 4113 2821 4152 cum
2852 4099 3064 4164 labore,
3104 4099 3198 4154 sed
3243 4100 3494 4166 remisse,

1911 4207 1976 4247 ac
2000 4193 2055 4246 in
2081 4190 2247 4246 rebus
2291 4187 2571 4259 corporeis
2604 4194 2866 4257 tanquam
2903 4188 2957 4242 in
3006 4188 3148 4243 lecto
3176 4186 3513 4258 quiescens..

1913 4282 2020 4337 Sed
2048 4296 2173 4336 cum
2201 4280 2451 4351 quaesitio
2487 4280 2591 4335 ista
2638 4278 3134 4350 comprehensione
3154 4279 3493 4344 aberrasset,

1912 4390 2180 4431 conversa
2241 4388 2363 4430 sum
2394 4371 2461 4427 ad
2510 4371 2731 4427 virtutis
2790 4371 3204 4440 operationem:
3236 4370 3511 4441 quocirca

240 4470 572 4539 ἐργάζεσθαι
609 4470 708 4542 τὴν
757 4471 995 4543 ἀρετήν·
1040 4471 1122 4525 διὸ
1154 4467 1328 4537 εἷπον,
1368 4470 1804 4541 Ἀναστήσομαι

1914 4466 2061 4525 dixi:
2092 4466 2393 4538 Exsurgam
2419 4482 2576 4528 nunc,
2593 4473 2722 4529 etc.,
2748 4464 3073 4535 relinquens
3094 4464 3293 4519 lectum
3322 4473 3379 4517 ut
3402 4479 3498 4533 per

240 4558 336 4627 δὴ,
366 4561 464 4616 καὶ.
491 4560 566 4615 τά
591 4563 779 4625 λοιπὰ,
825 4561 1202 4617 καταλιποῦσα
1229 4562 1328 4632 τὴν
1377 4561 1586 4632 κλίνην,
1616 4562 1709 4615 ἐπὶ
1734 4561 1811 4631 τῷ

240 4650 305 4703 δι’
336 4652 514 4723 ἔργων
548 4652 881 4722 ποιήσασθαι
904 4654 1005 4724 τὴν
1046 4654 1272 4727 ζήτησιν
1292 4670 1307 4685 °
1343 4653 1458 4707 ἀλλ’
1500 4654 1622 4707 οὐδὲ
1654 4652 1812 4708 τοῦτό

245 4759 309 4810 με
337 4742 476 4812 πρὸς
495 4743 603 4813 τὴν
634 4741 851 4814 εὕρεσιν
882 4745 1157 4816 ὡδήγησε.
1188 4746 1315 4799 Δέον
1360 4746 1468 4817 γὰρ
1508 4740 1815 4816 ἐργαζομέ-

243 4849 337 4902 νης
365 4834 434 4888 τὰ
459 4834 567 4904 τῆς
596 4834 800 4905 ἀρετῆς
824 4835 1030 4907 κρύψαι
1060 4836 1153 4890 τὸν
1193 4837 1376 4901 πόνον,
1425 4834 1812 4890 ἐπιδεικτιῶσα

241 4922 426 4977 τοῦτον
474 4923 830 4993 ἐδημοσίευον
866 4926 928 4978 ἐν
960 4926 1262 4989 πλατείαις,
1304 4926 1398 4979 καὶ
1437 4927 1685 4996 ἀγοραῖς,
1722 4926 1815 4978 τὸν

244 5013 550 5084 ἀνθρώπων
592 5015 824 5069 ἔπαινον
839 5016 1157 5089 θηρωμένη.
1202 5019 1290 5069 Διδ
1313 5015 1421 5069 οὐδ’
1444 5016 1616 5080 οὕτως
1635 5017 1815 5086 εὑρεῖν

243 5104 541 5177 δεδύνημαι
571 5122 585 5135 '
619 5106 774 5160 οὐδὲν
804 5107 913 5178 γὰρ
959 5108 1206 5161 συντελεῖ
1233 5102 1367 5177 πρὸς
1409 5108 1506 5176 τὴν
1539 5108 1644 5161 τῶν
1672 5110 1814 5177 ἀγα·

247 5193 353 5247 θῶν
384 5196 583 5267 κτῆσιν
624 5196 809 5258 πόνος.
854 5196 986 5249 ὅταν
1044 5195 1182 5265 μετὰ
1230 5194 1536 5264 φιλοδοξίας
1579 5180 1821 5264 γίνηταιέ

260 5285 398 5338 Ἀλλ’
426 5287 561 5340 ὅταν
588 5282 772 5353 εὗρον
801 5287 1079 5354 αὐτὴνιοὶ
1116 5287 1386 5354 φύλακας
1421 5290 1474 5339 οἱ
1505 5286 1825 5352 τηροῦντες

249 5377 316 5429 ἐν
345 5376 419 5446 τῇ
449 5377 627 5430 πόλει
649 5393 665 5407 ⁶
690 5368 835 5430 οὗτοι
876 5375 932 5430 δὲ
977 5376 1085 5429 εἰσὶ
1130 5375 1483 5447 λειτουργικὰ
1535 5373 1827 5443 πνεύματα

248 5453 602 5522 διακονοῦντα
624 5470 690 5539 τῇ
725 5467 970 5539 σωτηρίᾳ
996 5467 1105 5521 τῶν
1126 5464 1453 5536 ἀνθρώπων,
1477 5465 1596 5535 ἦτοι
1618 5465 1826 5534 διοική-

252 5572 331 5609 σει
364 5555 461 5609 τοῦ
496 5556 614 5626 βίου
662 5556 943 5625 ἐφεστῶτα
965 5574 979 5588 ·
1012 5557 1107 5609 καὶ
1144 5556 1514 5627 ἐρωτηθέντες
1561 5555 1689 5625 περὶ
1728 5553 1821 5607 τοῦ

253 5645 645 5716 ἀγαπωμένου,
692 5649 871 5717 σιωπῇ
919 5645 1201 5718 παρῆλθον
1227 5644 1396 5715 αὐτὴν
1427 5644 1501 5708 ὼς
1545 5644 1646 5696 οὐκ
1668 5644 1824 5709 ἀξίαν

257 5739 637 5810 ἁποκρίσεως’
691 5739 754 5791 ἐκ
786 5739 883 5807 τῆς
929 5738 1278 5807 ἀποστροφῆς
1326 5736 1705 5806 στοχασαμένη
1750 5736 1824 5800 ὼς

1836 4515 1891 4573 1)

1916 4573 2081 4629 opera
2115 4558 2397 4613 instituam
2420 4556 2830 4626 inquisitionem
2863 4555 2995 4611 :sed
3040 4570 3144 4609 nec
3173 4555 3275 4609 hoc
3310 4568 3396 4607 me
3429 4553 3498 4607 ad

1916 4646 2286 4703 inventionem
2318 4645 2567 4701 adduxit.
2606 4644 2838 4700 Decebat
2863 4644 3009 4700 enim
3042 4652 3251 4715 ea‘quae
3283 4639 3500 4697 virtutis

1917 4749 2046 4794 sunt
2067 4746 2386 4808 operantem
2421 4736 2763 4793 abscondere
2797 4736 3041 4792 laborem
3075 4754 3091 4803 ;
3126 4735 3222 4791 sed
3245 4737 3393 4790 hunc
3415 4751 3498 4789 os-

1882 4822 1887 4829 ’
1918 4840 2132 4885 tentans
2166 4827 2440 4898 publicavi
2474 4827 2529 4883 in
2548 4829 2765 4899 plateis,
2794 4836 2848 4883 et
2878 4827 2932 4881 in
2964 4827 3125 4891 foris,
3157 4827 3369 4881 laudem
3400 4826 3497 4880 ho-

1916 4921 2123 4975 minum
2156 4930 2367 4977 venata.
2394 4917 2572 4985 Quare
2594 4935 2695 4974 nec
2721 4919 2801 4974 sic
2832 4920 3079 4974 invenire
3109 4918 3258 4989 potui
3306 4935 3319 4972 :
3359 4918 3495 4973 nihil

1918 5011 2063 5066 enim
2099 5008 2312 5065 confert
2342 5010 2408 5064 ad
2436 5010 2703 5065 bonorum
2740 5013 3150 5079 possessionem
3181 5010 3337 5063 labor
3365 5025 3493 5063 cunt

1919 5102 2293 5157 ostentatione
2317 5099 2515 5155 factus.
2541 5101 2649 5155 Sed
2677 5102 2899 5168 quando
2927 5102 3231 5155 invenerunt
3259 5117 3372 5154 eam
3403 5115 3499 5152 cu-

1922 5192 2099 5247 stodes
2129 5193 2220 5262 qui
2272 5193 2644 5246 circumierunt
2682 5193 2735 5246 in
2770 5194 3028 5255 civitate;
3076 5191 3129 5244 lti
3161 5199 3345 5245 autem
3382 5200 3517 5245 sunt

1923 5275 2379 5338 administratorii
2410 5280 2664 5351 spiritus,
2708 5282 2799 5350 qui
2838 5281 3005 5335 saluti
3050 5278 3332 5331 hominum
3366 5279 3499 5332 sub-

1922 5370 2174 5434 veniunt,
2195 5371 2309 5424 sive
2328 5369 2715 5438 gubernationi
2742 5368 2865 5423 vitas
2887 5376 3129 5439 praesunt
3154 5382 3170 5433 ;
3195 5377 3249 5420 et
3276 5368 3502 5421 interro-

1924 5462 2035 5530 gati
2068 5460 2137 5515 de
2173 5461 2371 5515 dilecto
2401 5460 2574 5530 ipsam
2608 5461 2753 5514 velut
2782 5474 3050 5529 responso
3099 5458 3378 5529 indignam
3422 5460 3501 5515 si—

1928 5552 2097 5607 lentio
2132 5550 2592 5621 pcrtransierunt,
2619 5538 2682 5605 ei
2719 5551 2821 5603 hac
2874 5549 3159 5604 aversione
3197 5550 3503 5617 conjicicns

1928 5643 2241 5698 istiusmodi
2272 5658 2616 5711 nequaquam
2648 5643 2765 5705 illis
2796 5642 3011 5712 placere
3037 5657 3054 5709 ;
3084 5649 3391 5711 Opportune
3409 5656 3505 5693 eo-

1929 5737 2118 5808 gitavit
2147 5750 2213 5791 nc
2253 5736 2468 5791 inutilia
2504 5726 2800 5802 laboraret,
2835 5751 3007 5805 neque
3047 5734 3263 5790 virtutis
3296 5732 3504 5801 aspcri~
