3970 6296
240 320 371 389 169.1

1236 298 1771 381 COMMENTARII
1805 316 1885 379 IN
1926 312 2246 378 CANTICA
2281 309 2571 374 CANTIC.

3358 286 3489 359 1623

247 439 605 510 Ἰερουσαλὴμ
627 442 661 511 η
685 436 890 509 Νύμφη
920 437 1190 507 ἐξεγεῖραι
1218 437 1318 507 τὴν
1347 437 1570 505 ἀγάπην
1606 436 1819 499 πάντως

1949 445 1982 488 ιι
2040 430 2379 488 exsuscitcnt
2425 425 2773 483 dilectionem
2830 418 3056 476 omnino
3105 414 3485 473 dormientem,

240 531 612 585 καθεύδουσαν
630 548 644 562 ·
677 533 710 599 ἡ
737 530 791 581 δὲ
815 529 993 581 ἔννοια
1023 528 1343 597 δεδήλωται.

316 625 389 685 ς’.
429 621 527 686 Τίς
553 619 706 687 αὕτη
736 620 775 686 ἡ
801 618 1211 672 ἀναϐαίνουσα
1240 618 1310 672 ἐκ
1332 612 1443 687 τῆς
1478 616 1701 687 ἐρήμου
1741 617 1821 681 ὡς

240 709 506 780 στελέχη
532 710 766 765 καπνοῦ
794 709 1223 779 τεθυμιαμένη;
1253 712 1491 779 σμύρνα
1531 711 1629 763 καὶ
1656 711 1819 764 λίϐα·

241 818 353 868 νος
376 802 496 857 ἀπὸ
528 801 768 855 πάντων
787 799 1109 867 κονιορτιῖηθ
1131 800 1444 869 μυρεψοῦ;

317 890 672 960 (“my-optat).
698 918 769 930 ——
801 888 890 945 'Ev
917 891 1036 952 ταῖς
1061 889 1180 943 κατ’
1213 891 1414 960 ἀρετὴν
1439 891 1740 961 προκοπαῐς
1759 889 1819 941 οὐ

246 981 477 1034 πάντοτε
500 979 578 1051 τῷ
606 980 754 1051 αὐτῷ
801 979 1180 1050 παραμένουσι
1224 980 1576 1051 χαρακτῆρι,
1620 980 1670 1033 οἱ
1716 979 1825 1032 ἀπὸ

246 1067 408 1138 δόξης
435 1072 515 1133 είς
541 1071 699 1135 δόξαν
734 1070 820 1124 διὰ
848 1070 946 1140 τῆς
979 1071 1088 1124 τῶν
1125 1070 1475 1142 ὑψηλοτέρων
1528 1071 1823 1140 ἐπιθυμίαν

251 1160 763 1231 μεταμορφούμενοι
788 1177 802 1191 ·
836 1160 974 1214 ἀλλά
1000 1160 1138 1231 πρὸς
1158 1160 1251 1214 τὸν
1275 1161 1432 1229 λόγον
1453 1162 1553 1230 τῆς
1579 1161 1668 1215 ἀεὶ
1695 1156 1850 1213 κατ·”

246 1251 582 1322 ορθωθείσης
603 1253 816 1323 ἑκάστῳ
843 1252 929 1305 διὰ
958 1254 1055 1322 τῆς
1083 1251 1192 1304 τῶν
1220 1252 1440 1320 ἀγαθῶν
1467 1252 1822 1322 τελειότητος,

252 1341 385 1405 ίδιός
417 1360 500 1406 τις
522 1346 810 1412 χαρακτὴρ
844 1341 924 1413 τῷ
953 1340 1053 1411 βίῳ
1085 1341 1409 1410 ἐπιλάμπει,
1444 1341 1602 1404 ἄλλος
1631 1341 1690 1407 ἐξ
1728 1340 1822 1393 ἀλ·-

249 1431 344 1485 λου
375 1432 667 1501 γενόμενός
695 1448 754 1484 τε
784 1431 874 1484 καὶ
906 1430 1251 1501 φαινόμενος,
1293 1430 1381 1483 διὰ
1409 1429 1510 1499 τῆς
1543 1430 1651 1482 τῶν
1690 1431 1825 1497 ἀγα·

252 1523 363 1577 θῶν
414 1522 786 1593 ἐπαυξήσεως.
819 1522 911 1574 Διό
969 1538 1060 1590 μοι
1100 1520 1316 1574 δοκοῦσι
1348 1519 1652 1584 ξενίζεσθαι
1689 1518 1827 1587 πρὸς

251 1615 313 1667 τὸ
338 1614 661 1684 φαινόμενον
686 1614 735 1666 oi
764 1613 908 1683 φίλοι
932 1612 1026 1665 τοῦ
1048 1611 1305 1680 Νυμφίου
1321 1626 1335 1639 ⁶
1364 1611 1413 1663 οἱ
1442 1609 1704 1681 πρότερον
1730 1609 1829 1680 μὲν

251 1705 423 1773 αὐτὴν
450 1703 754 1772 ἐγνωκότες
780 1702 971 1773 καλὴν,
1009 1700 1124 1755 ἀλλ’
1159 1701 1234 1764 ὡς
1282 1701 1340 1752 ἐν
1369 1700 1586 1769 γυναιξὶ
1633 1698 1827 1769 καλὴν,

1928 538 2124 581 sensus
2149 529 2330 576 autem
2363 519 2673 574 declaratus
2705 512 2827 568 fuit.

1998 608 2236 667 Vsas.6.
2274 610 2403 675 Qum
2428 616 2505 663 est
2528 607 2636 660 ista
2657 618 2774 675 qua
2805 599 3043 656 ascendit
3076 616 3103 654 e
3123 597 3348 663 deserto,
3373 607 3492 649 tan-

1926 722 2086 777 quam
2121 713 2337 757 truncus
2362 700 2496 771 [uini
2525 701 2761 759 incensa,
2792 693 3028 766 myrrha,
3058 693 3177 746 thus
3224 689 3288 745 ab
3319 688 3490 744 omni-

1932 799 2026 852 bus
2059 792 2353 864 puleeribus
2383 788 2757 863 unguentarii?

2001 888 2259 958 Gregorii.
2297 883 2446 939 -—-ln
2496 883 2713 938 virtutis
2745 877 3120 951 progressibus
3147 890 3252 930 non
3282 886 3496 941 semper

1930 959 2179 1033 eamdem
2213 975 2450 1029 retinent
2487 971 2720 1027 formam
2753 968 2849 1039 qui
2884 981 2913 1020 a
2949 966 3202 1020 claritate
3236 963 3293 1016 in
3323 961 3489 1015 clari-

1932 1077 2096 1122 tatem
2125 1080 2223 1136 per
2276 1063 2661 1120 sublimiorum
2698 1058 2970 1116 desideria
3010 1053 3491 1116 transformamur,

1933 1159 2029 1216 sed
2059 1172 2159 1229 pro
2204 1156 2418 1211 ratione
2451 1150 2811 1224 perfectionis
2872 1150 3140 1204 bonorum
3178 1147 3249 1213 in
3295 1145 3496 1216 quibus
3552 1148 3563 1155 '

1933 1265 1991 1305 se
2016 1249 2247 1318 quisque
2279 1258 2492 1313 semper
2524 1240 2791 1303 exercuit,
2821 1238 3076 1309 proprius
3108 1235 3328 1306 quidam
3373 1234 3497 1288 vim

1933 1326 2200 1395 illucescit
2227 1336 2528 1398 character,
2557 1332 2696 1386 alius
2716 1330 2891 1385 iactus
2918 1345 2983 1383 ex
3007 1328 3135 1391 alio,
3159 1334 3213 1380 et
3231 1320 3499 1395 apparens

1934 1446 2033 1503 per
2070 1436 2428 1499 augmentum
2489 1424 2780 1479 bonorum.
2834 1420 3016 1486 Quare
3065 1417 3199 1472 mihi
3246 1416 3500 1470 videntur

1933 1519 2097 1574 amici
2119 1516 2316 1588 Sponsi
2345 1523 2603 1583 tanquam
2629 1526 2744 1566 rem
2770 1522 2967 1565 novam
2994 1506 3251 1561 admirari
3275 1504 3327 1559 id
3352 1506 3497 1574 qutnl

1935 1618 2198 1680 apparet;
2232 1606 2326 1677 qui
2391 1605 2542 1675 prius
2571 1601 2786 1672 quidem
2828 1614 2946 1654 eam
2986 1607 3356 1668 cognoverunt
3385 1596 3503 1664 pul-

1937 1704 2125 1757 chram
2155 1740 2170 1766 ,
2204 1709 2394 1770 postea
2416 1712 2546 1753 vero
2579 1694 2701 1749 auri
2736 1708 2956 1764 quoque
2984 1689 3345 1746 similitudine
3375 1704 3499 1743 cum

257 1769 393 1863 μετά
415 1794 471 1846 δὲ
494 1769 672 1846 ταῦτα
698 1792 766 1846 δι’
785 1769 1104 1862 ὁμοιότητος
1148 1789 1379 1861 χρυσίου
1417 1788 1558 1858 μετά
1599 1788 1832 1858 στιγμά-

1949 1795 2081 1849 aotis
2139 1769 2350 1863 argenti
2420 1788 2545 1858 ejus
2604 1783 3070 1855 pulchritudinem
3132 1781 3501 1836 dccorarunt.

254 1896 359 1938 των
382 1885 671 1954 ἀργυρίου,
700 1884 761 1937 τὸ
795 1884 992 1946 κάλλος
1020 1882 1192 1952 αὐτῆς
1233 1880 1560 1953 ὼραῖζοντες
1580 1895 1597 1911 ·
1629 1880 1744 1933 νυνὶ
1775 1878 1832 1932 δὲ

260 1977 424 2046 μηδὲν
455 1975 563 2028 τῶν
607 1973 989 2044 προλαϐόντων
1036 1970 1285 2041 σημείων
1314 1971 1444 2041 περὶ⁵
1497 1969 1664 2041 αὐτὴν
1697 1970 1832 2022 καθ-

255 2067 507 2140 ορῶντες,
539 2066 676 2121 ἀλλά
703 2066 762 2122 τὸ
789 2065 897 2117 τῶν
928 2063 1285 2133 ὑψηλοτέρων
1314 2059 1832 2132 χαρακτηρίζοντες,

257 2157 648 2227 θαυμάζουσιν,
699 2156 759 2209 οὑ
797 2155 959 2225 μόνον
991 2155 1090 2223 τὴν
1142 2150 1349 2213 ἄνοδον,
1405 2149 1544 2204 ἀλλά
1585 2149 1681 2202 καὶ
1712 2146 1834 2200 ὅθεν

256 2250 526 2320 ἀνέδραμε
546 2264 562 2280 ·
586 2247 743 2302 τοῦτο
778 2247 885 2316 γάρ
918 2247 1065 2297 ἐστιν
1109 2243 1137 2297 ὃ
1166 2245 1260 2296 καὶ
1284 2241 1535 2295 ἐπίτασιν
1559 2240 1702 2293 ποιεῖ
1732 2238 1836 2310 τῆς

256 2336 612 2410 ἑκπλήξεως·
669 2339 809 2409 ὅπερ,
857 2338 1116 2406 μέγιστον
1164 2337 1228 2405 τῇ
1287 2333 1498 2404 Νύμφῃ
1536 2327 1841 2400 ἐγκώμιον,

260 2430 575 2505 μαρτυροῦν
630 2431 729 2502 τὴν
777 2430 913 2499 πρὸς
949 2427 1011 2481 τδ
1049 2428 1299 2497 κρεῖττον
1344 2421 1699 2494 παραλλαγὴν
1742 2418 1838 2473 καὶ

260 2525 624 2597 μετάστασιν·
661 2522 886 2593 μέλαινα
911 2519 1021 2590 γὰρ
1042 2519 1192 2588 ἡμῖν,
1229 2518 1416 2586 φησὶν,
1451 2513 1661 2584 ἑωρᾶτο
1697 2509 1835 2581 πρό-

260 2635 437 2687 τερον,
462 2616 605 2685 αὕτη
634 2616 668 2684 ή
701 2612 1069 2668 ἀναϐαίνουσα
1098 2611 1164 2663 ὲκ
1191 2607 1292 2677 τῆς
1326 2606 1561 2677 ἐρήμου·
1594 2604 1690 2657 καὶ
1721 2601 1837 2664 πῶς

258 2712 358 2785 τὴν
380 2709 661 2779 σκοτεινὴν
688 2705 903 2778 μορφὴν
926 2700 1271 2766 ἀπεδόσατος
1305 2696 1421 2760 πῶς
1469 2695 1604 2766 αὐτῇ
1643 2690 1841 2765 χιονῶ-

257 2784 348 2870 δες
379 2801 758 2872 ἀπαστράπτει
781 2797 842 2850 τὸ
869 2794 1102 2857 κάλλοςς
1141 2791 1177 2861 ἢ
1217 2789 1420 2862 ἔρημός
1452 2788 1599 2841 ἐστιν
1622 2786 1701 2849 ὡς
1728 2784 1839 2838 ἔοι-

260 2912 357 2951 κεν
385 2894 481 2948 καὶ
505 2892 658 2946 αἰτία
678 2890 901 2953 τούτων,
934 2889 971 2960 ἡ
1008 2884 1261 2954 καθάπερ
1313 2880 1468 2952 ἔρνος
1518 2878 1840 2934 ἀναθάλλειν

261 2986 432 3059 αὐτὴν
456 2988 535 3048 εἰς
563 2984 696 3054 ὕψος
722 2982 998 3051 ποιήσασα
1030 2979 1124 3032 καί
1151 2974 1289 3047 πρὸς
1315 2974 1377 3027 τὸ
1408 2972 1652 3026 τοιοῦτον
1678 2986 1842 3041 μετα-

263 3079 537 3134 ϐάλλουσα
568 3075 795 3140 κάλλος;
823 3072 882 3137 ἐξ
929 3069 1151 3124 οἰκείων
1175 3067 1286 3138 γὰρ
1313 3065 1492 3119 πόνων
1539 3064 1607 3118 δι’
1637 3067 1841 3133 ἐγκρα-

261 3172 415 3234 τείας
435 3187 495 3222 τε
525 3168 622 3223 κα)⁸
667 3164 985 3234 ἐπιμελείας
1017 3161 1325 3229 ἐκτήσατο·
1371 3158 1527 3212 τοῦτο
1549 3156 1658 3228 γὰρ
1682 3155 1744 3210 τὸ
1777 3155 1844 3209 ὲκ

261 3263 365 3331 τῆς
395 3262 607 3332 ἐρήμου
629 3257 943 3312 ἀναϐαίνειν
972 3253 1143 3323 αὑτήν
1161 3271 1174 3285 ·
1204 3250 1348 3305 οὑτω
1387 3249 1517 3303 ποτὲ
1559 3250 1655 3303 καὶ
1680 3246 1725 3317 ὴ
1751 3247 1847 3301 τοῦ

264 3357 553 3426 προφήτου
591 3350 739 3421 ψυχὴ
778 3346 1011 3417 διψώδης
1043 3345 1258 3413 ἐγένετο
1300 3341 1401 3410 τῆς
1447 3339 1599 3403 θείας
1640 3338 1847 3408 πηγῆς,

264 3448 461 3518 ὲπειδὴ
484 3444 633 3515 αὑτῷ
658 3446 693 3515 η
726 3440 863 3512 σὰρξ
895 3438 1097 3502 ἀϐατός
1123 3454 1184 3490 τε
1220 3435 1315 3490 καὶ
1356 3433 1561 3505 ἕρημος
1599 3434 1693 3485 καὶ
1718 3431 1848 3485 dvo-

263 3540 395 3612 ὅρος
421 3537 710 3607 γενομένη,
732 3533 795 3587 τὸ
822 3533 964 3585 θεῖον
987 3529 1137 3598 δίψος
1168 3524 1345 3596 ἑαυτῷ
1368 3521 1731 3596 παρεδέξατο·
1762 3520 1852 3574 διὰ

267 3630 485 3686 πολλῶν
525 3629 706 3681 τοίνυν
739 3622 1150 3692 ὑποδειγμάτων
1180 3618 1241 3672 τὸ
1263 3616 1459 3679 κάλλος
1482 3614 1651 3683 αὑτῆς
1679 3614 1854 3683 ἑρμη-

268 3723 528 3778 νεύουσι·
557 3717 746 3787 ἐπειδὴ
773 3715 841 3769 δι’
868 3714 983 3776 ἐνὸς
1011 3711 1155 3767 ἅπαν
1183 3707 1586 3778 περιληφθῆναι
1616 3705 1714 3773 οὐχ
1743 3696 1854 3757 οἷόν

270 3833 337 3870 τε
358 3809 428 3885 ἦν
449 3828 464 3843 ·
497 3810 715 3881 πρῶτον
741 3808 841 3878 μὲν
863 3805 974 3873 γὰρ
997 3801 1207 3867 στέλεξι
1233 3801 1330 3868 τὴν
1355 3798 1505 3869 ὥραν
1522 3794 1694 3885 αὑτῆς
1716 3793 1859 3846 εἰκά-

274 3882 454 3968 ζουσι,
485 3900 580 3953 καὶ
608 3897 730 3950 οὐδὲ
773 3894 932 3946 τοῦτο
959 3891 1039 3945 ἑνί
1062 3906 1076 3922 ·
1099 3890 1235 3943 ἀλλά
1274 3888 1362 3941 διὰ
1391 3885 1486 3938 τοῦ
1529 3882 1768 3954 πλήθους
1799 3882 1858 3936 τὸ

278 3992 562 4054 πολυειδὲς
594 3990 689 4043 καὶ
713 3985 982 4049 ποικίλον,
1017 3982 1128 4036 τῶν
1160 3981 1374 4053 ἀρετῶν
1416 3977 1851 4049 ὑπογράφουσιν·

281 4081 405 4139 εἶτα
430 4081 636 4144 καπνὸς
665 4082 730 4132 ὲκ
750 4076 1134 4147 θυμιαμάτων,
1158 4073 1238 4135 είς
1260 4071 1362 4141 τὴν
1394 4068 1582 4123 εἰκόνα
1605 4066 1701 4121 τοῦ
1731 4067 1862 4121 κάλ-

280 4177 408 4238 λους
436 4170 955 4244 παραλαμϐάνεται·
989 4166 1084 4220 καὶ
1113 4163 1237 4239 abiis
1282 4156 1434 4225 οὗτος
1468 4159 1693 4223 ἁπλοῦς,
1725 4158 1861 4213 ἀλλὰ

283 4266 501 4337 σμύρνῃ
530 4264 628 4316 καὶ
648 4260 855 4330 λιϐάνῳ
894 4253 1363 4326 συγκεκραμένος,
1410 4251 1485 4314 ὡς
1532 4250 1663 4320 μίαν
1709 4248 1864 4318 γενέ-

282 4358 411 4413 σθαι
429 4356 544 4408 τῶν
575 4352 767 4423 ἀτμῶν
801 4350 901 4419 τὴν
919 4350 1079 4419 χάριν
1099 4363 1115 4377 α
1143 4348 1171 4399 ὁ
1204 4345 1383 4399 τοίνυν
1427 4342 1634 4413 μέλλων
1666 4341 1862 4396 ἑαυτὸν

1937 1882 2092 1939 Nunc
2120 1889 2302 1936 autem
2338 1876 2760 1948 praecedentium
2796 1883 3049 1929 notarum
3074 1872 3279 1927 nullam
3305 1872 3359 1924 iu
3384 1870 3502 1939 ipsa

1930 1976 2234 2039 intuentes,
2291 1970 2386 2027 sed
2422 1985 2453 2024 a
2486 1967 2883 2024 sublimoribus
2917 1965 3065 2020 illam
3120 1962 3503 2033 insignienles,

1938 2065 2206 2120 mirantur
2236 2076 2345 2116 non
2377 2061 2551 2116 solum
2572 2059 3007 2123 ascensutn,sed
3040 2055 3204 2111 etiam
3232 2053 3375 2108 unde
3413 2068 3508 2107 as-

1937 2155 2199 2214 cenderit.
2229 2152 2343 2208 Hoc
2370 2162 2455 2208 est
2481 2151 2628 2208 enim
2655 2149 2800 2221 quod
2835 2147 3101 2217 majorem
3131 2145 3285 2200 all'ert
3312 2152 3507 2213 stupo-

1928 2232 2071 2314 rem,
2106 2245 2251 2317 quod
2278 2246 2571 2300 maximum
2601 2252 2685 2298 est
2710 2239 2935 2309 Sponsae
2960 2238 3290 2302 encomium,
3319 2235 3512 2292 testiﬁv

1938 2354 2070 2395 cans
2094 2338 2215 2408 ejus
2242 2336 2299 2390 in
2328 2337 2529 2390 virtute
2557 2346 2935 2404 progressum,
2972 2337 3029 2385 et
3053 2329 3108 2384 id
3139 2326 3285 2399 quod
3312 2328 3513 2383 melius

1938 2437 2025 2485 est
2057 2433 2413 2484 mutationem
2447 2441 2511 2481 ac
2537 2423 3109 2480 trausiormationem.
3163 2419 3297 2489 Quae
3341 2419 3511 2484 enim,

1941 2520 2139 2590 inquit.
2170 2517 2324 2588 prius
2356 2514 2641 2572 videbatur
2662 2512 2818 2569 nobis
2842 2513 3020 2582 nigra;
3052 2512 3168 2566 haec
3208 2509 3514 2567 ascendens

1941 2609 2010 2666 de
2064 2611 2303 2675 deserto,
2348 2608 2744 2663 tenebricosam
2776 2604 3011 2675 quodam
3068 2602 3228 2659 modo
3286 2602 3514 2658 formam

1942 2701 2088 2756 exuit
2103 2707 2156 2755 et
2178 2701 2341 2755 nivea
2359 2697 2590 2767 refulget
2605 2695 3033 2766 pulchritudine.
3052 2691 3191 2748 Num
3210 2694 3519 2757 desertum,

1944 2802 2002 2846 ut
2033 2790 2264 2856 videtur,
2298 2796 2382 2844 est
2415 2803 2584 2843 causa
2617 2777 2766 2856 quod
2794 2785 2911 2856 ipsa
2933 2784 3076 2838 sicut
3103 2783 3395 2854 virgultum
3425 2798 3516 2837 as-

1945 2890 2134 2952 surgat
2166 2880 2221 2934 in
2257 2882 2451 2945 altum,
2483 2879 2654 2949 ipsam
2686 2878 2743 2932 in
2775 2892 2895 2932 eam
2925 2885 3145 2931 mutans
3204 2873 3517 2945 pulchritu-

1946 2974 2162 3028 dinem?
2200 2970 2278 3027 Ex
2307 2971 2544 3042 propriis
2576 2984 2772 3040 nempe
2802 2968 3082 3023 laboribus
3115 2982 3212 3037 per
3232 2966 3519 3020 continen-

1922 3112 1925 3114 .
1948 3066 2079 3119 tiam
2104 3071 2159 3120 et
2184 3064 2524 3135 diligentiam
2548 3060 2839 3132 acquisivit
2864 3057 3352 3131 pulchritudinem.
3389 3055 3516 3112 llznc

1947 3167 2029 3214 est
2095 3156 2239 3211 enim
2295 3155 2471 3224 ipsius
2523 3154 2591 3208 de
2632 3152 2847 3208 deserto
2903 3150 3174 3206 ascensio.
3220 3149 3302 3203 lla
3355 3148 3517 3203 etiam

1948 3248 2241 3320 aliquando
2299 3247 2579 3314 Propheta;
2637 3244 2819 3298 anima
2876 3242 2981 3297 fuit
3025 3242 3219 3299 sitiens
3274 3241 3518 3295 divinum

1951 3340 2153 3395 fontem
2185 3338 2253 3401 ι’,
2284 3348 2573 3408 postquam
2599 3346 2730 3390 caro
2761 3349 2883 3404 quae
2903 3334 2952 3389 ei
2982 3340 3235 3389 evaserat
3277 3330 3519 3393 deserta.

1951 3439 2005 3484 et
2028 3429 2196 3490 invia,
2221 3437 2274 3482 et
2305 3428 2592 3495 inaquosa,
2624 3424 2864 3478 divinam
2896 3424 2951 3477 in
2981 3439 3039 3478 se
3079 3420 3322 3491 suscepit
3351 3421 3518 3476 sitim.

1907 3518 2134 3574 -Multis
2156 3518 2326 3588 igitur
2374 3515 2637 3586 exemplis
2682 3515 2803 3584 ejus
2849 3514 3123 3584 explicant
3151 3509 3522 3583 pulchritudi-

1954 3626 2101 3676 nem,
2157 3607 2606 3680 quandoquidem
2655 3620 2767 3659 uno
2822 3619 2932 3660 non
2988 3612 3201 3675 poterat
3260 3603 3519 3657 universa

1955 3699 2362 3771 comprehendi.
2400 3698 2532 3753 Nam
2560 3697 2796 3767 primum
2826 3695 3048 3765 quidem
3075 3693 3401 3749 caudicibus
3425 3707 3524 3748 seu

1955 3794 2210 3865 virgultis
2242 3795 2362 3865 ejus
2394 3791 2707 3849 assimilant
2758 3787 3227 3858 pulchritudinem
3264 3800 3364 3840 nec
3421 3785 3514 3838 uni

1959 3887 2135 3942 solum
2159 3901 2225 3940 ex
2258 3885 2389 3950 illis,
2419 3883 2514 3938 sed
2546 3895 2642 3951 per
2672 3879 3077 3934 multitudinem
3108 3892 3171 3931 ac
3216 3878 3525 3946 specierum

1959 3975 2350 4038 diversitatem,
2370 3975 2629 4028 virtutum
2649 3973 2966 4025 varietatem
3000 3968 3342 4022 describunt.
3366 3966 3530 4021 Dein-

1960 4067 2028 4122 de
2089 4065 2274 4119 fumus
2330 4078 2396 4117 ex
2446 4060 2718 4117 suﬂltibus
2781 4059 3087 4113 assumitur
3136 4058 3201 4109 ad
3233 4056 3525 4125 imaginem

1962 4154 2412 4228 pulchritudinis,
2470 4167 2648 4222 neque
2686 4151 2779 4206 hic
2819 4150 3072 4220 simplex,
3114 4150 3209 4205 sed
3262 4148 3531 4204 sullitibus

1964 4246 2199 4317 myrrhae
2248 4254 2299 4299 et
2356 4243 2532 4298 thuris
2573 4243 2739 4297 simul
2808 4242 3133 4307 commistis,
3197 4249 3256 4294 ut
3299 4253 3405 4294 una
3462 4239 3533 4295 sit

1967 4337 2184 4408 vaporis
2207 4337 2404 4408 gratia.
2426 4336 2528 4403 Qui
2553 4350 2687 4406 ergo
2711 4351 2770 4391 se
2794 4335 2909 4388 vult
2935 4332 3031 4389 Dei
3058 4333 3314 4389 dedicare
3336 4334 3530 4397 cultui,

275 4445 597 4504 ἀνατιθέναι
639 4444 706 4512 τῇ
745 4439 841 4494 τοῦ
877 4436 1013 4492 Θεοῦ
1062 4435 1351 4506 θεραπείᾳ.
1375 4432 1475 4484 οὑκ
1510 4431 1671 4493 ἄλλος
1694 4429 1843 4482 ἔσται

1962 4445 2070 4483 non
2096 4430 2254 4483 aliter
2276 4430 2381 4483 erit
2418 4429 2544 4483 thus
2575 4427 2709 4495 Deo,
2743 4427 2851 4481 nisi
2907 4428 3064 4497 prius
3122 4425 3535 4480 mortiﬁcavcrit

275 4540 499 4600 λίϐανος
528 4534 625 4589 τοῦ
651 4533 788 4586 Θεοῦ
838 4527 1206 4601 θυμιώμενος,
1263 4523 1423 4577 τοῦτο
1472 4522 1580 4592 γὰρ
1634 4523 1703 4591 τῇ
1765 4519 1856 4573 τοῦ

280 4630 421 4685 Θεοῦ
477 4630 612 4696 τιμῇ
660 4625 997 4693 ἀφιέρωται,
1056 4619 1106 4671 εί
1162 4616 1238 4687 μὴ
1268 4613 1534 4684 πρότερον
1564 4608 1859 4680 νεκρὼσειε

279 4725 356 4779 τὰ
388 4726 482 4776 ἐπὶ
507 4721 609 4790 τῆς
634 4720 740 4787 γῆς
765 4715 899 4787 μέλη
918 4731 933 4745 ·
962 4716 995 4784 ἡ
1022 4711 1132 4781 γάρ
1161 4707 1377 4779 σμύρνα
1417 4704 1553 4790 πρὸς
1589 4701 1677 4754 τὸν
1704 4701 1860 4753 ἐντα-

282 4815 528 4887 φιασμόν
551 4788 660 4866 τῶν
693 4807 961 4878 σωμάτων
982 4801 1197 4864 οἰκείως
1227 4798 1343 4869 ἔχει
1362 4812 1376 4826 ·
1425 4788 1502 4849 ὧν
1523 4790 1857 4887 γενομένωνέ

282 4879 399 4962 Ιπᾶν
418 4879 556 4968 εἶδος
584 4904 695 4956 τῶν
716 4899 839 4953 κατ’
862 4894 1062 4968 ἀρετὴν
1074 4890 1384 4962 ἀρωμάτων
1405 4887 1462 4939 ιν
1476 4884 1552 4955 τῷ
1569 4880 1752 4948 κύκλῳ
1765 4879 1860 4934 τοῦ

285 5000 431 5068 βίου,
455 4994 706 5064 καθάπερ
724 4989 880 5061 θυείᾳ
895 4988 1002 5041 τινὶ
1021 4981 1426 5038 λεπτυνθίντων
1454 4976 1546 5030 τὸν
1568 4973 1699 5045 ἡδὺν
1723 4973 1863 5026 ὲκεί-

284 5062 380 5143 νον
399 5062 695 5156 κονιορτὸν,
712 5082 772 5135 ὃν
791 5077 1073 5134 ἀναλαϐὼν
1096 5077 1154 5128 ὲν
1170 5072 1251 5144 τῷ
1264 5070 1363 5126 ἀσθ
1374 5084 1503 5139 ματι
1519 5064 1752 5156 εὔπνους
1768 5062 1859 5131 γί-

281 5194 440 5232 νεται
456 5154 979 5242 τοῦίμεμυρισμένου
996 5164 1306 5235 πνεύματος
1317 5159 1536 5228 πλήρης
1551 5154 1675 5223 γενό
1683 5169 1863 5225 μενος.

1967 4522 2208 4577 membra
2247 4536 2366 4590 quae
2396 4530 2522 4576 sunt
2551 4535 2716 4589 super
2735 4530 2956 4573 terrain.
2987 4516 3209 4589 Myrrha
3239 4519 3381 4573 enim
3408 4527 3534 4588 apta

1966 4623 2050 4668 est
2081 4612 2147 4665 ad
2179 4626 2469 4681 corporum
2492 4611 2829 4680 sepulturam
2860 4626 2873 4663 :
2908 4620 3029 4677 quae
3062 4622 3189 4663 cum
3219 4605 3361 4661 iacta
3415 4605 3536 4662 iue-

1965 4704 2095 4767 rint,
2138 4717 2300 4759 omne
2368 4717 2543 4773 genus
2594 4710 2898 4755 aromatum
2934 4716 2998 4755 ex
3057 4700 3255 4754 virtute
3309 4698 3363 4753 in
3409 4699 3537 4755 vitae

1964 4795 2168 4849 circulo
2216 4802 2473 4864 tanquam
2529 4794 2584 4847 in
2645 4793 2828 4862 aliquo
2874 4794 3153 4859 mortario,
3209 4793 3265 4846 in
3311 4791 3535 4847 subtiles

1967 4892 2149 4955 partes
2176 4884 2660 4944 comminutorum,
2687 4896 2909 4936 suavem
2950 4880 3101 4936 illum
3149 4881 3312 4936 cﬂicit
3347 4881 3537 4949 pulve-

1966 4989 2081 5029 rem
2115 4989 2274 5043 quem
2306 4975 2396 5042 qui
2439 4971 2653 5042 accepit
2681 4972 2736 5036 in
2767 4972 3008 5026 anhelitu
3040 4971 3245 5027 odorus
3279 4967 3533 5034 edicitur,

1967 5065 2161 5135 plenus
2190 5063 2385 5133 Spirilll
2441 5069 2719 5133 unguenta
2747 5061 3059 5119 redolente-

2045 5232 2307 5314 Origem's.
2335 5252 2405 5282 --'—
2440 5240 2609 5295 Valde
2662 5242 2891 5311 pulchra
2933 5249 3017 5296 est
3052 5238 3247 5294 ειιίιιτιιν
3277 5255 3392 5310 qua:
3432 5236 3540 5293 vita

1890 5412 1897 5421 ‘
1975 5337 2292 5406 rationeque
2325 5332 2590 5401 ascendit,
2624 5339 2731 5388 etc.

1810 5619 2040 5677 ΝΟΤλΕ.

365 5729 478 5802 (ιϐ)
524 5725 736 5782 I’atrol.
760 5733 801 5777 t.
840 5721 999 5784 XVII,
1036 5721 1140 5815 (ιρι.
1178 5720 1301 5776 269.
