3950 6294
487 258 623 357 ιϋει

1813 226 2167 336 PROCOPII
2189 239 2450 339 IGAZ.‘E[

3571 275 3576 280 ’
3612 285 3753 351 16ἓ1

553 388 695 448 Nili.
728 389 1052 460 —Sponsa
1115 397 1400 462 stuporem
1467 392 1639 447 movit
1695 390 2033 448 intuentibus

2139 442 2145 450 .
2237 395 2482 451 Νείλου.
2532 423 2604 440 -υ
2643 393 3240 469 Ἐκπληξινπαρέσχε
3287 399 3416 476 τοῖς⁵
3459 399 3664 473 ὁρῶσιν
3717 405 3751 475 ὴ

477 483 627 555 quod
652 491 709 540 et
735 500 765 538 a
794 484 1014 542 deserto
1045 485 1364 542 ascenderet
1415 495 1470 558 et
1495 487 1638 546 sicut
1667 493 1898 542 truncus
1928 485 2061 542 fumi

437 573 706 632 ‘incensa
757 575 920 642 foret,
983 591 1088 634 nec
1118 577 1344 635 aliunde
1369 578 1598 636 incensa
1627 593 1794 650 quam
1836 593 1866 634 a
1900 594 2060 651 myr-

477 667 576 723 rha
605 677 662 724 et
689 669 874 734 thure,
913 684 977 725 ac
1013 671 1239 740 pulvere
1265 671 1651 742 unguentaria.
1698 671 1822 727 llaec
1873 678 2056 727 autem

475 755 661 810 omnia
713 756 1026 828 signiﬁcant
1077 775 1357 816 recessum
1417 775 1448 814 a
1496 762 1736 818 terrenis
1803 763 2056 830 negotiis.

473 845 671 911 Anima
700 849 846 904 enim
871 864 900 904 a
927 851 1072 907 malo
1101 851 1386 907 abstinens
1433 861 1487 908 et
1519 867 1548 906 a
1594 854 1776 924 pravis
1833 868 2061 910 cessans

475 939 810 1010 actionibus,
853 951 1017 1014 atque
1072 945 1406 1000 zizaniorum
1455 953 1753 1003 sementem
1803 947 2058 1014 rejicieus

471 1032 531 1088 in
561 1033 781 1091 deserto
809 1044 914 1092 est.
955 1036 1012 1092 In
1061 1037 1221 1093 bonis
1269 1053 1400 1092 vero
1448 1039 1712 1109 operibus
1762 1039 2057 1110 proﬁciens

471 1123 666 1195 incipit
695 1126 996 1182 ascendere
1044 1127 1113 1182 de
1163 1127 1384 1184 deserto
1428 1128 1573 1184 sicut
1629 1139 1858 1184 truncus
1921 1129 2055 1185 fumi

469 1217 719 1272 incensa.
754 1218 1226 1284 Quemadmodum
1257 1221 1402 1276 enim
1439 1220 1624 1276 fumus
1652 1235 1680 1274 a
1723 1231 1869 1277 terra
1915 1222 2054 1277 inci-

471 1308 627 1379 piens
649 1311 975 1366 caudicatur
1017 1311 1264 1382 quidem,
1297 1299 1390 1370 sed
1421 1313 1473 1368 in
1507 1329 1634 1370 aere
1681 1313 1848 1369 haeret
1899 1315 2053 1384 quasi

465 1399 657 1459 radice
702 1415 828 1456 cum
875 1399 1096 1457 ﬁamma
1122 1403 1396 1472 lignorum
1453 1404 1744 1475 implexam
1797 1404 2050 1460 habens:

465 1497 524 1546 at
539 1500 664 1546 cum
701 1491 916 1548 inferne
947 1495 1176 1550 materia
1211 1485 1467 1560 defuerit,
1506 1509 1536 1550 a
1579 1503 1727 1550 terra
1765 1495 2054 1567 seiunctus

463 1583 694 1640 omnino
727 1585 953 1650 secedit,
996 1587 1136 1658 parti
1165 1587 1490 1666 commistus
1515 1595 1570 1644 et
1591 1588 1646 1642 in
1695 1580 2048 1659 semetipsum

462 1677 766 1744 resolutus;
798 1679 879 1734 sic
910 1679 1092 1734 anima
1122 1678 1386 1736 recedens
1415 1695 1446 1735 a
1482 1681 1736 1746 terrenis,
1761 1689 1816 1736 et
1850 1683 1894 1736 si
1921 1684 2048 1756 pro-

2164 485 2372 558 Νύμφη
2397 503 2412 518 ο
2445 487 2528 542 ὅτι
2562 489 2655 544 καὶ
2682 489 2791 544 ἀπὸ
2821 491 3028 562 ἐρήμου
3059 490 3333 560 ἀνέϐαινε,
3365 493 3460 548 καὶ
3499 492 3576 558 ὡς
3623 511 3756 549 στε-

2163 579 2296 652 λέχη
2327 581 2539 635 καπνοῦ
2567 580 2968 652 τεθυμιαμένη,
3017 581 3112 635 καὶ
3141 583 3224 636 ὅτι
3269 581 3370 636 οὐκ
3397 582 3620 639 ἄλλοθεν
3657 599 3754 639 τι-

2165 670 2486 742 θυμίασται,
2523 671 2641 726 ἀλλ’
2669 671 2777 726 ἀπὺ
2825 671 3071 744 σμύρνης
3113 673 3208 727 καὶ
3253 673 3498 740 λιϐάνου,
3531 675 3626 729 καὶ
3654 691 3750 730 xo-

2164 759 2394 832 νιορτῶν
2449 760 2694 833 μυρεψοῦ
2721 775 2738 792 ·
2779 760 2956 816 ταῦτα
3003 759 3060 814 δὲ
3116 761 3294 818 πάντα
3342 762 3597 834 σημαίνει
3645 763 3749 836 τὴν

2161 849 2510 922 ἀναχώρησιν
2558 851 2669 906 τῶν
2703 849 2944 922 γηΐνων
3003 853 3037 922 ή
3092 852 3202 924 γάρ
3255 843 3606 924 ἀποσχομένη
3643 855 3747 925 τῆς

2162 941 2360 1005 κακίας
2387 941 2556 1014 ψυχὴ,
2583 943 2678 996 καλ⁵
2699 941 2808 996 τῶν
2837 928 3056 1012 φαύλων
3085 941 3340 1014 πράξεων
3357 943 3554 1014 ἀργίαν
3571 942 3748 1012 ἀγον-

2163 1050 2252 1098 σα,
2280 1035 2374 1087 καὶ
2427 1035 2518 1086 τὸν
2573 1032 2684 1087 τῶν
2731 1031 2984 1098 ζιζανίων
3035 1032 3244 1104 σπορὲα
3293 1034 3654 1104 ἀρνησαμένη
3685 1035 3749 1087 ὲν

2159 1126 2354 1198 ἐρήμῳ
2379 1126 2517 1193 ἐστὶ,
2553 1127 2942 1196 προκόπτουσα
2969 1125 3028 1178 ὲν
3059 1127 3174 1190 τοῖς
3201 1119 3428 1195 ἀγαθοῖς
3451 1125 3638 1196 ἔργοις
3661 1123 3747 1190 δὲ,

2158 1219 2388 1288 ἄρχεται
2419 1216 2729 1272 ἀναϐαίνειν
2756 1216 2866 1272 ἀπὸ
2894 1217 2994 1286 τῆς
3035 1217 3244 1289 ἐρήμου
3283 1216 3359 1280 ὡς
3389 1213 3618 1287 στελέχη
3645 1235 3746 1271 κα-

2159 1310 2294 1364 πνοῦ
2327 1309 2703 1382 τεθυμιαμένη
2730 1327 2743 1341 ·
2779 1309 2854 1374 ὼς
2876 1309 2986 1380 γὰρ
3008 1307 3036 1363 6
3063 1311 3274 1374 καπνὸς
3297 1309 3604 1380 ἀρξάμενος
3634 1309 3747 1363 ἀπὸ

2155 1401 2257 1471 τῆς
2289 1401 2413 1473 γῆς,
2445 1402 2795 1473 στελεχοῦται
2824 1396 2880 1455 δὲ
2912 1401 3005 1454 ἐπὶ
3037 1401 3128 1454 τὸν
3161 1401 3322 1472 ἀέρα,
3353 1402 3502 1472 ὅμως
3525 1401 3744 1472 δέχεται

2155 1491 2232 1556 ώς
2259 1491 2416 1564 ῥίζης
2441 1495 2542 1562 τῆς
2595 1491 3085 1562 συμπεπνιγμένης
3128 1493 3240 1556 τοῖς
3295 1485 3471 1556 ξύλοις
3499 1494 3700 1562 φλογός
3725 1509 3741 1526 ο

2154 1585 2286 1639 ὅταν
2317 1585 2373 1638 δὲ
2405 1585 2604 1657 ἐκλίπῃ
2631 1584 2876 1639 κάτωθεν
2911 1583 2944 1656 ἡ
2971 1581 3093 1656 ὕλη,
3123 1581 3462 1656 διαζευχυεὶς
3485 1586 3584 1657 τῆς
3611 1589 3738 1658 γῆς,

2154 1676 2292 1740 ὅλως
2324 1677 2600 1750 ἀναχωρεῖ
2627 1677 2702 1750 τῷ
2735 1681 2850 1752 ίδίῳ
2878 1675 3036 1753 μέρει
3065 1683 3612 1754 συναναμιγνύμενος
3645 1684 3743 1738 καὶ

461 1769 614 1824 ticiat
638 1769 703 1824 ad
735 1771 1002 1836 ccelestia,
1036 1786 1143 1827 non
1169 1767 1346 1842 primo
1373 1773 1426 1827 in
1451 1773 1556 1829 ista
1591 1774 1832 1844 perfecte
1860 1780 2033 1828 trans-

2149 1767 2696 1841 ἀναστοιχειούμενος
2721 1767 2800 1836 είς
2834 1768 3048 1827 ἑαυτόν’
3085 1773 3260 1838 οὕτως
3301 1777 3332 1846 ἡ
3367 1775 3476 1828 τῶν
3528 1779 3741 1845 γηΐνων

459 1862 506 1914 it
560 1875 726 1930 quam
756 1861 985 1916 omnino
1007 1861 1221 1934 integre
1267 1871 1481 1919 terrena
1527 1863 1830 1936 reliquerit.
1881 1854 2054 1919 Porro

459 1955 768 2028 myrrham
814 1963 870 2010 et
919 1955 1048 2010 thus
1096 1970 1220 2014 esse
1271 1957 1612 2014 cummistam
1669 1965 1865 2013 trunco
1917 1955 2050 2012 fumi

460 2029 686 2102 odorem
741 2048 968 2114 bonum,
1023 2049 1278 2119 corporis
1328 2049 1809 2106 mortiﬁcationem
1873 2061 1928 2107 et
1983 2067 2048 2107 ex

460 2138 803 2194 rontinentia
817 2139 1193 2196 subactionem
1209 2139 1475 2207 declarat,
1503 2157 1627 2196 cum
1655 2143 1858 2212 quibus
1882 2145 2050 2214 proﬁ-

460 2223 617 2287 ciens
635 2232 780 2288 velut
799 2241 1078 2303 unguento
1105 2233 1434 2289 accedentes
1463 2234 1678 2290 imbuit.
1713 2234 1820 2290 Sed
1843 2244 1896 2291 et
1919 2252 2046 2292 aro-

461 2330 670 2377 matum
697 2324 879 2394 pulvis
910 2326 1321 2395 praedicationis
1353 2327 1540 2383 sensui
1568 2329 1872 2393 consentit,
1917 2346 2043 2385 nam

459 2427 515 2470 et
567 2417 656 2472 hic
720 2425 978 2474 contactu
1050 2428 1212 2476 terrae
1255 2418 1441 2487 tritus,
1493 2427 1827 2478 extenuatus
1884 2422 2041 2477 faciei

459 2509 636 2578 ipsius
689 2519 1038 2580 supernatat;
1091 2521 1273 2570 motus
1306 2529 1436 2571 vero
1493 2513 1724 2584 pedibus
1756 2525 2043 2572 transeun-

457 2602 594 2658 tium
620 2603 874 2662 sublimis
911 2605 1120 2665 tollitur
1153 2606 1208 2660 in
1249 2606 1418 2670 altum
1459 2607 1672 2663 abiens.
1712 2605 1842 2663 item
1869 2608 2039 2664 haere-

2157 1853 2514 1934 ἀναχωροῦσα
2539 1861 2710 1934 ψυχὴ,
2741 1863 2844 1918 κᾶν
2874 1864 3160 1936 προκόπτῃ
3196 1867 3286 1919 ἐπὶ
3307 1865 3376 1920 τὰ
3400 1867 3653 1938 οὐράνια,
3674 1867 3738 1920 οὐ

2155 1949 2421 2027 πρότερον
2451 1953 2772 2028 μεθίσταται
2794 1955 3014 2020 τελείως
3044 1945 3322 2021 gressu,
3357 1958 3490 2029 πρὶν
3520 1957 3743 2029 ὁλοσχε-

2157 2044 2265 2116 ρῶς
2295 2045 2492 2116 ἐκλίπῃ
2546 2047 2614 2100 τὰ
2667 2048 2867 2114 γήϊναο
2913 2048 2974 2101 τδ
3017 2049 3074 2102 δὲ
3117 2049 3363 2122 σμύρναν
3402 2051 3494 2103 καὶ
3518 2049 3740 2105 λίϐανον

2151 2132 2290 2191 εῖναι
2317 2137 2414 2207 τὴν
2456 2140 3009 2211 συναναμεμιγμὲνην
3031 2141 3260 2195 εὐωδίαν
3290 2145 3355 2213 τῇ
3385 2141 3611 2216 στελέχῃ
3641 2141 3737 2196 τοῦ

2151 2229 2388 2295 καπνοῦ,
2425 2231 2524 2301 τὴν
2563 2230 2834 2300 νέκρωσιν
2880 2231 2974 2286 τοῦ
3012 2231 3286 2304 σώματος,
3309 2237 3403 2288 καὶ
3439 2234 3534 2288 τὸν
3561 2235 3622 2301 ἐξ
3644 2235 3742 2304 ἐγ-

2149 2322 2408 2393 κρατείας
2438 2323 2788 2395 ὑποπιασμὸν
2831 2323 3014 2396 δηλοίο
3073 2327 3196 2396 μεθ’
3225 2319 3300 2386 ὧν
3345 2327 3735 2398 προκόπτουσα

2145 2414 2376 2486 ἑμύριξε
2398 2417 2526 2479 τοὺς
2583 2417 3102 2488 παρατυγχάνοντας
3122 2435 3134 2447 ·
3180 2419 3273 2474 καὶ
3301 2421 3329 2474 ὀ
3361 2421 3641 2492 κονιορτὸς
3675 2421 3732 2479 δὲ

2143 2507 2254 2564 τῶν
2281 2508 2614 2582 ἀρωμάτων,
2651 2509 2944 2580 σύμφωνός
2986 2513 3102 2566 ἔστι
3145 2511 3223 2584 τῷ
3250 2513 3342 2566 τοῦ
3369 2513 3732 2584 κηρύγματος

2145 2605 2374 2676 νοήματι
2393 2621 2407 2636 ’
2433 2603 2529 2658 καὶ
2563 2605 2672 2678 γάρ
2697 2597 2850 2668 οὗτος
2876 2604 2984 2659 ἀπὸ
3003 2605 3196 2678 τριϐῆς
3217 2605 3314 2676 τῆς
3347 2609 3574 2678 παχείας
3598 2609 3729 2679 γῆς,

455 2693 560 2748 tica
581 2693 802 2764 quidem
831 2695 1036 2758 anima,
1059 2711 1184 2750 cum
1204 2694 1342 2752 forte
1368 2697 1567 2754 bonum
1587 2697 1808 2768 prepteir
1830 2699 2033 2770 aliquid

2140 2698 2334 2763 λεπτὸς
2369 2699 2688 2764 ἐπιπολάζει
2723 2697 2802 2769 τῷ
2831 2701 3108 2770 προσώπῳ
3137 2697 3342 2769 ταύτης
3361 2714 3375 2728 ·
3407 2698 3732 2769 κινούμενος

453 2794 508 2840 et
539 2793 761 2857 propter
793 2803 850 2842 se
881 2785 1034 2854 facit,
1061 2788 1240 2860 pulvis
1273 2797 1359 2846 est
1397 2789 1801 2862 aliquantulum
1830 2806 1860 2846 a
1885 2799 2033 2848 terra

2139 2790 2193 2844 δὲ
2225 2792 2340 2855 τοῖς
2387 2791 2496 2844 τῶν
2529 2792 2952 2864 ὁδοιπορούντων
3002 2793 3130 2846 ποσὶ
3177 2795 3452 2864 μετέωρος
3485 2796 3728 2866 αἴρεται,

448 2872 722 2946 elevatus,
754 2884 808 2934 et
845 2895 1064 2937 rursum
1117 2879 1278 2938 facile
1324 2884 1378 2937 in
1421 2883 1705 2954 proprium
1747 2884 2033 2940 descendit

2139 2879 2273 2952 πρὸς
2321 2881 2456 2952 ὕψος
2513 2872 2731 2952 χωρῶν.
2774 2879 2920 2937 Ἀλλ’
2961 2880 3056 2936 ἐὰν
3093 2881 3343 2953 αἱρετικὴ
3389 2882 3534 2952 ψυχὴ
3585 2883 3730 2936 οὖσα

454 2971 658 3032 locum,
695 2978 791 3043 per
830 2988 988 3028 suum
1019 2971 1382 3030 adiuieriora
1411 2975 1664 3030 aﬂ‘ectum
1699 2975 1824 3032 :sin
1853 2977 2030 3033 eccle-

2139 2973 2294 3045 τύχῃ.
2328 2974 2360 3043 ἢ
2385 2973 2444 3026 τὸ
2471 2974 2632 3026 καλὸν
2681 2973 2771 3028 διά
2817 2990 2869 3029 τι
2929 2973 3159 3033 ποιοῦσα
3192 2974 3286 3028 καὶ
3316 2973 3377 3027 τὸ
3403 2973 3471 3027 δι’
3501 2975 3725 3040 ἑαυτὸν,

453 3065 677 3119 siaslica
715 3075 976 3136 rectaque
1023 3065 1129 3122 ﬁde
1178 3065 1289 3123 Deo
1337 3068 1588 3137 placendi
1646 3068 1752 3124 ﬁne
1806 3085 2026 3127 sursum

2139 3063 2414 3136 κονιορτός
2441 3067 2556 3119 ἐστι
2595 3068 2720 3138 γῆς,
2751 3063 2928 3134 ὀλίγον
2958 3061 3260 3138 ὐψουμὲνη,
3305 3067 3400 3126 καὶ
3435 3067 3596 3122 πάλιν
3628 3069 3726 3122 εὐ-

450 3158 771 3228 germinans
802 3159 984 3229 pulvis
1022 3159 1079 3214 ﬁt
1109 3161 1483 3231 unguentarii,
1517 3177 1638 3230 quae
1675 3162 1896 3218 sublimi
1936 3179 2026 3217 ra-

447 3251 600 3306 tione
623 3249 838 3306 vivendi
883 3251 1084 3306 bonum
1132 3253 1446 3322 degmatum
1477 3253 1701 3309 odorem
1733 3253 2028 3311 admistqu

450 3340 673 3407 habeat,
725 3349 909 3414 potest
953 3345 1116 3398 etiam
1171 3344 1482 3414 dogmatice
1513 3345 1620 3424 dici
1660 3345 1729 3401 de
1761 3345 2026 3404 Ecclesia.

447 3426 729 3505 Siquidem
776 3432 891 3494 haec
925 3433 993 3498 de
1021 3435 1243 3493 deserto
1273 3452 1384 3493 non
1419 3437 1654 3494 habente
1693 3439 1875 3495 virum
1935 3455 2027 3495 as-

451 3521 636 3584 cendit
677 3529 951 3602 myrrham
983 3535 1038 3586 et
1065 3529 1192 3586 ιιιιιε
1227 3531 1466 3601 spirans,
1496 3541 1560 3586 eo
1612 3532 1758 3602 quod
1797 3533 2028 3602 conjun-

446 3631 534 3682 cta
552 3620 622 3677 sit
641 3621 883 3687 Christo,
903 3621 1159 3692 quodque
1177 3623 1398 3692 pulvere
1419 3637 1600 3677 rerum
1621 3621 2025 3678 mundanarum

446 3725 615 3786 prout
650 3729 750 3784 par
777 3725 863 3770 cst
903 3723 1108 3780 utatur,
1140 3721 1200 3769 ut
1238 3729 1303 3768 ex
1339 3714 1424 3768 his
1457 3707 1736 3786 pulverem
1769 3715 2028 3771 conﬁciat

451 3803 1152 3876 unguentariietperusum
1186 3804 1571 3859 rationabilem
1609 3805 1664 3860 id
1712 3803 1860 3884 quod
1898 3806 2022 3876 pul-

444 3897 788 3958 verulentum
813 3904 896 3950 est
921 3896 976 3950 in
1001 3896 1203 3951 bonum
1225 3895 1432 3954 Christi
1455 3903 1743 3952 convertat
1771 3896 2017 3953 odorem.

439 3978 578 4044 Nam
629 3986 720 4056 qui
792 3985 1017 4045 minime
1078 3987 1442 4042 consistentia
1498 3987 1592 4043 sed
1631 4002 1662 4041 a
1728 3986 2024 4042 mundanae

441 4089 592 4138 θυι-ιε
625 4079 805 4136 ventis
837 4080 1015 4135 delata
1058 4081 1201 4137 bona
1256 4097 1350 4150 per
1395 4081 1801 4152 elcemosynam
1843 4081 2023 4137 reddit

439 4175 700 4252 pretiosa,
721 4181 880 4228 terra:
899 4173 1178 4245 pulverem
1205 4171 1334 4228 facit
1355 4173 1632 4243 pulverem
1647 4174 2018 4243 unguentarii,

438 4265 702 4322 laudabili
732 4279 1030 4336 egenorum
1061 4281 1184 4332 usu,
1219 4265 1366 4336 quod
1392 4267 1448 4320 in
1479 4265 1548 4320 iis
1572 4265 2016 4335 pulverulentum

435 4366 491 4413 ct
523 4357 848 4428 dissipabile
882 4365 990 4422 est,
1019 4365 1374 4413 commutans
1400 4357 1454 4410 in
1487 4358 1849 4411 aromaticum
1885 4357 2019 4414 odo-

432 4467 550 4510 rem
577 4466 816 4509 suavem
838 4459 894 4507 et
934 4449 1046 4505 fere
1077 4451 1318 4505 amicum
1355 4447 1486 4504 Deo.

2132 3157 2309 3230 χερῶς
2339 3158 2476 3230 πρὸς
2501 3154 2592 3212 τὸν
2619 3159 2817 3212 οἰκεῖον
2840 3159 3258 3230 καταφερομένη
3285 3156 3473 3225 τόπον,
3499 3155 3588 3216 διὰ
3621 3163 3726 3232 τὴν

2131 3250 2269 3322 πρὸς
2295 3249 2363 3304 τὰ
2396 3249 2548 3305 κάτω
2575 3249 2952 3322 προσπάθειαν
2973 3267 2986 3280 ·
3043 3249 3138 3304 saw
3183 3251 3240 3305 δὲ
3289 3251 3722 3324 ἐκκλησιαστικῇ

2131 3343 2312 3395 πίστει
2348 3341 2536 3412 σκοπῷ
2583 3341 2684 3412 τῆς
2717 3342 2854 3412 πρὸς
2900 3341 2960 3397 τὸ
2991 3342 3146 3396 Θεῖον
3195 3345 3611 3416 εὐαρεστήσεως
3657 3346 3724 3400 τὸ

2129 3433 2242 3488 ἀνω
2265 3434 2428 3502 φυτὸν
2450 3433 2668 3504 ἔχουσα,
2696 3433 2975 3504 κονιορτός
2998 3437 3114 3490 ἐστι
3140 3434 3406 3506 μυρεψοῦ,
3434 3438 3502 3506 τῇ
3535 3437 3719 3508 ὑψηλῇ

2131 3523 2377 3596 πολιτείᾳ
2406 3524 2506 3594 τὴν
2540 3523 2648 3578 τῶν
2682 3522 2970 3596 δογμάτων
3001 3525 3236 3582 εὐωδίαν
3282 3527 3720 3597 ἀνακεκραμμέ-

2129 3634 2225 3688 νην
2255 3608 2487 3688 ἐχουσα’
2539 3617 2762 3671 δύναται
2796 3619 2856 3672 δὲ
2913 3618 3008 3672 καὶ
3055 3618 3402 3688 δογματικῶς
3436 3620 3565 3688 περὶ
3613 3621 3720 3686 τῆς

2141 3707 2469 3778 Ἐκκλησίας
2489 3707 2747 3776 λέγεσθαι
2773 3725 2786 3741 ·
2823 3707 2930 3762 ἀπὸ
2950 3709 3052 3780 ὲρή
3064 3727 3163 3779 μου
3194 3711 3304 3780 γάρ
3331 3711 3431 3778 τῆς
3458 3709 3535 3782 μὴ
3561 3712 3723 3779 ἐχού-

2129 3815 2226 3872 σης
2259 3797 2450 3870 ἀνδρα,
2481 3797 2619 3870 αὕτη
2659 3797 2825 3869 ἀνέϐη
2847 3816 2861 3829 ·
2906 3799 3152 3868 σμύρναν
3182 3797 3278 3853 καὶ
3313 3799 3531 3853 λίϐανον
3583 3803 3720 3853 πνέ-

2125 3911 2260 3948 ουσα
2290 3894 2378 3947 διὰ
2398 3893 2458 3948 τὸ
2494 3893 2856 3964 συντετάφθαι
2877 3893 3137 3965 Χριστῷ·
3169 3896 3263 3948 καὶ
3290 3895 3380 3950 διὰ
3415 3895 3478 3948 τὸ
3507 3896 3600 3948 τὸν
3624 3913 3720 3949 κου

2123 3986 2336 4059 νιορτδν
2363 3987 2471 4040 τῶν
2491 3986 2775 4058 κοσμικῶν
2815 3987 3157 4057 πραγμάτων
3189 3987 3250 4041 τὸ
3295 3989 3376 4051 είς
3421 3987 3540 4042 δέον
3569 3991 3715 4059 χρή-

2126 4080 2322 4135 σασθαι
2357 4080 2590 4146 τούτοις,
2617 4078 2894 4148 κονιορτὸν
2919 4079 3145 4151 ποιῆσαι
3183 4081 3426 4152 μυρεψοῦ
3448 4099 3462 4112 ·
3503 4085 3597 4136 καὶ
3622 4079 3716 4139 διὰ

2121 4173 2220 4244 τὴν
2247 4172 2471 4240 εὔλογον
2499 4170 2723 4242 χρῆσιν,
2774 4171 2836 4224 τὸ
2882 4172 3238 4242 κονιορτῶδες
3271 4174 3599 4243 μεταϐαλεῖν
3629 4177 3714 4239 είς

2121 4264 2350 4319 εὐωδίαν
2379 4263 2616 4335 Χριστοῦ
2643 4279 2656 4292 '
2695 4263 2726 4315 6
2755 4262 2865 4334 γὰρ
2894 4262 2961 4316 τὰ
2991 4264 3065 4334 μὴ
3115 4263 3351 4331 ἑστῶτα,
3381 4265 3520 4318 ἀλλά
3542 4268 3712 4336 φερό-

2125 4372 2262 4426 μενα
2303 4352 2407 4408 ὑπὸ
2455 4353 2564 4405 τῶν
2619 4353 2838 4423 ἀνέμων
2893 4353 2994 4424 τῆς
3053 4356 3326 4426 κοσμικῆς
3367 4356 3562 4428 αὔρας,
3617 4359 3714 4412 διὰ

2046 4438 2100 4500 D
2127 4445 2500 4518 ἐλεημοσύνην
2554 4446 2724 4499 ποιῶν
2773 4446 2930 4516 τίμια
2955 4487 2970 4509 .
3013 4447 3105 4500 τὸν
3157 4451 3433 4516 κονιορτὸν
3469 4453 3569 4521 τῆς
3601 4451 3710 4520 γῆς

432 4539 661 4617 ἐποίησε
698 4539 976 4612 κονιορτὸν
1017 4535 1263 4614 μυρεψοῦ
1289 4555 1302 4570 ο
1331 4539 1398 4609 τῇ
1426 4537 1634 4610 εὐλόγῳ
1665 4541 1859 4611 χρήσει
1910 4541 2016 4595 τῶν
2049 4538 2340 4610 δεομένων,
2399 4537 2460 4590 τὸ
2493 4536 2850 4609 κονιορτῶδες
2917 4536 3100 4591 αὐτῶν
3146 4539 3241 4594 καὶ
3285 4541 3704 4612 ἐσκεδασμένον,

437 4635 760 4711 μεταϐαλὼν
779 4637 860 4702 εἰς
889 4633 1249 4706 ἀρωματικὴν
1278 4631 1506 4685 εὐωδίαν
1539 4633 1635 4685 καὶ
1683 4633 1858 4703 φίλιον
1881 4633 2048 4698 ὅντως
2070 4632 2228 4686 Θεοῦ.
2981 4645 2984 4648 ’
3533 4639 3538 4643 ’

505 4731 721 4802 Cyrifli.
768 4761 826 4772 —
861 4729 1080 4802 Myrrha
1107 4727 1330 4798 quidem
1407 4727 1627 4796 quando
1693 4727 2013 4798 consepulta

432 4825 680 4890 Christo,
711 4823 840 4880 thus
877 4837 1010 4878 vero
1034 4819 1260 4892 quando
1286 4821 1450 4874 simul
1483 4835 1606 4873 cum
1651 4821 1772 4889 ipso
1825 4837 2010 4876 resur-

427 4919 575 4975 rexit
601 4927 656 4974 et
686 4909 1030 4975 divinitatem
1057 4914 1180 4984 ejus
1205 4913 1556 4985 participavit
1587 4931 1602 4969 :
1632 4923 1688 4968 ct
1720 4929 1830 4969 non
1855 4915 2010 4972 hisce

427 5012 564 5068 solis
609 5009 992 5067 ecclesiastica
1025 5007 1252 5062 incensa
1283 5003 1368 5060 est
1395 5003 1605 5066 anima,
1633 5019 1823 5059 verum
1841 5005 2006 5060 etiam

425 5103 596 5158 variis
637 5099 976 5173 cognitionis
1055 5095 1654 5167 contemplationibus;
1703 5096 1798 5166 qui
1860 5097 2006 5150 enim

378 5175 686 5256 :accurate
733 5191 1045 5261 distinguit,
1097 5195 1152 5243 et
1179 5201 1268 5242 res
1313 5185 1479 5240 etiam
1550 5187 1743 5242 obvias
1796 5189 2007 5242 minute
2079 5247 2084 5251 _

423 5296 708 5344 scrutatur
762 5284 870 5340 dici
899 5281 1077 5354 possit
1140 5282 1544 5350 unguentarius
1597 5280 2005 5350 quodammodo

421 5396 564 5445 esse,
607 5392 732 5432 cum
759 5375 1097 5432 comminuat
1123 5383 1179 5428 et
1207 5373 1260 5426 in
1296 5373 1572 5443 pulverem
1603 5373 1790 5428 odoris
1820 5373 2006 5427 suavi-

421 5473 552 5527 tatis
580 5469 807 5524 reducat
837 5467 1020 5523 omnia
1050 5465 1274 5522 oracula
1298 5479 1420 5534 quae
1441 5479 1588 5518 nunc
1617 5479 1822 5533 sponsa
1869 5463 2008 5519 dici-

422 5575 512 5624 tur
540 5561 872 5625 adolevisse.
901 5557 1176 5616 Fortassis
1193 5571 1328 5614 vero
1351 5557 1516 5612 etiam
1551 5557 1646 5628 qui
1667 5571 1775 5611 non
1799 5572 2002 5612 secun-

346 5685 363 5708 ς
415 5664 545 5714 ilum
579 5675 802 5716 carnem
830 5651 1098 5720 vivit,sed
1132 5648 1437 5705 secundum
1472 5649 1752 5719 spiritum,
1791 5639 2001 5718 nequa-

414 5761 580 5830 quam
622 5753 789 5811 corde
817 5755 1152 5810 incnissatus
1188 5741 1506 5800 varietatem
1541 5749 1596 5821 ct
1623 5738 1996 5797 onmimodam

1391 5840 1403 5860 :
1439 5827 1496 5860 ff?

1302 5852 1411 5880 ...ινα-ὀξ-
1433 5861 1438 5866 ·

2191 4727 2519 4793 Κιιρίλλου.
2545 4757 2617 4768 -
2646 4724 2867 4796 Σμύρνα
2893 4726 3008 4794 μὲν,
3051 4726 3139 4778 ὅτε
3178 4725 3542 4782 συντέθαπται
3563 4728 3706 4799 Χρια

2120 4818 2230 4888 στῷ
2267 4817 2356 4872 διὰ
2404 4819 2495 4873 τοῦ
2549 4815 2810 4873 λιϐάνου·
2842 4818 3058 4882 λίϐανος
3094 4819 3173 4886 δὲ,
3234 4820 3323 4874 ὅτε
3359 4822 3705 4886 συναναστάς
3753 4869 3758 4874 .

2117 4910 2269 4982 αὐτῷ
2299 4910 2664 4981 κεκοινώνηκε
2705 4909 2810 4980 τῆς
2865 4909 3118 4981 θεότητος
3155 4911 3352 4965 αὐτοῦ·
3385 4911 3481 4966 καὶ
3503 4913 3566 4974 οὐ
3599 4917 3704 4982 μό-

2117 5019 2230 5068 νοις
2281 5001 2494 5065 τούτοις
2553 5003 2588 5072 η
2647 5000 3078 5074 ἐκκλησιαστικὴ
3119 5002 3480 5074 τεθυμίασται
3525 5005 3700 5077 ψυχὴ,

2115 5095 2254 5149 ἀλλὰ
2310 5094 2404 5150 καὶ
2442 5091 2708 5158 ποικίλοις
2761 5093 3020 5164 γνώσεως
3077 5095 3461 5166 θεωρήμασινο
3503 5101 3534 5151 6
3587 5100 3702 5172 γὰρ

2115 5189 2302 5260 ἄκρως
2325 5185 2550 5256 διαιρῶν
2578 5186 2673 5240 καὶ
2701 5185 2865 5256 μέχρι
2889 5185 2984 5240 τοῦ
3014 5186 3267 5256 τυχόντος
3294 5187 3509 5252 λεπτῶς
3539 5191 3702 5260 ἐρευ-

2115 5281 2221 5333 νῶν
2251 5281 2320 5334 τά
2369 5279 2692 5350 πράγματα,
2728 5279 2926 5348 λέγοιτ’
2964 5279 3030 5334 ἂν
3072 5279 3314 5352 μυρεψός
3372 5298 3489 5346 πως
3528 5279 3695 5348 εἶναι,

2116 5373 2397 5428 λεπτύνων
2421 5373 2513 5426 καὶ
2546 5375 2625 5436 είς
2654 5371 2804 5426 κόνιν
2828 5373 2978 5442 ἄγων
3006 5371 3184 5428 πάντα
3225 5373 3294 5427 τά
3335 5375 3434 5444 τῆς
3462 5375 3701 5436 εὐωδίας

2114 5451 2270 5532 λόγια
2291 5481 2306 5496 ο
2335 5465 2370 5519 ὃ.
2403 5464 2496 5518 νῦν
2529 5463 2785 5535 ἡΝύμφη
2819 5465 3035 5532 λέγεται
3061 5465 3440 5535 τεθυμίασται.
3462 5461 3621 5538 Τάχα
3641 5469 3700 5523 δὲ

2113 5560 2208 5610 καὶ
2229 5558 2258 5609 6
2294 5557 2370 5628 μὴ
2394 5556 2536 5610 κατά
2582 5555 2762 5626 σάρκα
2789 5555 2959 5626 βιοῦς,
2991 5555 3128 5611 ἀλλά
3157 5557 3298 5612 κατά
3329 5557 3570 5628 πνεῦμα,
3594 5578 3699 5632 μη-

2109 5647 2299 5717 δαμῶς
2328 5647 2623 5718 παχυνοεὶς
2660 5647 2760 5716 τὴν
2797 5648 3028 5720 καρδίαν
3062 5651 3122 5702 τὸ
3147 5649 3396 5714 ,ποικίλον
3426 5653 3522 5704 καὶ
3544 5642 3698 5707 παν.

2109 5739 2337 5801 τοδαττὸν
2394 5738 2567 5806 σῶζον
2623 5740 2724 5812 τῆς
2768 5739 3017 5808 εὐωδίας,
3061 5741 3286 5797 εὐωδῖαν
3334 5741 3440 5798 ἀπὸ
3471 5744 3698 5802 πάντων
