3950 6294
177 341 300 406 ιβιδ
1100 340 1635 403 COMMENTAltII
1676 341 1760 403 1N
1781 342 2100 408 CANTICA
2127 306 2418 416 CANTIC:
2690 386 2693 389 -
3260 351 3394 417 meo
3484 380 3485 383 ~
3584 338 3590 346 '

176 455 304 509 ποιεί
328 449 433 503 τῶν
457 449 554 503 νῦν
592 449 765 513 οὕτως
794 447 1522 523 ὀνομαζομένωηκονιορτδν
1555 468 1725 522 μυρεο

1829 454 2013 511 odoris
2047 472 2273 512 servans
2308 458 2661 525 suavitatem,
2696 472 2763 513 ex
2812 458 3066 514 omnibus
3099 475 3217 528 quae
3248 478 3389 518 nunc

174 540 285 609 ψοῦ.
304 540 464 606 Λέγει
496 538 542 592 δ’
562 540 629 593 ἄν
653 555 738 602 τις
757 539 853 592 καὶ
873 539 950 602 ὡς
972 540 1006 610 ἡ
1031 539 1163 606 ἁγία
1187 540 1281 593 καὶ
1303 540 1728 613 ὲκκλησιαστικὴ

1833 554 1960 600 sunt
1989 546 2168 614 pulvis
2193 533 2473 614 nominata
2525 546 2656 601 facit
2707 547 2980 616 pulverem
3023 552 3386 617 unguentarii.

175 630 323 701 ψυχὴ,
351 627 411 683 τὸ
440 630 634 682 τέκνον
662 626 804 683 ποτὲ’
825 630 1033 700 ἐρήμου
1063 629 1222 699 Θεοῦ,
1254 630 1364 684 ἀπὸ
1410 631 1730 701 συναγωγῆς

1840 638 2041 693 Dixerit
2074 654 2237 709 porro
2264 638 2463 710 aliquis
2490 634 2766 709 quomodo
2801 650 2993 694 Sancta
3043 647 3097 692 et
3129 640 3400 694 ecclesia:

175 722 326 775 ὲθνῶν
351 720 632 775 ἀναδαίνει
664 719 776 774 ἀπὸ
801 719 902 790 τῆς
934 721 1142 792 ἐρήμου
1162 739 1178 754 °
1216 721 1595 776 καταλιποῦσα
1630 723 1730 792 μὲν

1830 729 1966 784 stica
1987 730 2178 783 anima
2203 730 2313 784 lilia
2344 716 2620 803 quondam
2653 730 2884 785 deserta:
2912 748 2939 782 a
2978 727 3092 783 Deo
3153 744 3388 799 congre-

176 815 398 882 δόγματα
435 813 533 866 καὶ
568 812 763 881 λόγους
798 814 894 865 καὶ⁹
929 811 1180 883 πράξεις,
1231 813 1300 868 τὰ
1339 811 1521 885 ἔρημα
1548 812 1686 868 Θεοῦ
1710 829 1725 844 ·

1832 820 2065 890 gationis
2090 823 2358 890 gentium,
2389 821 2656 879 ascendat
2684 820 2753 877 tle
2804 821 3045 884 deserto,
3078 820 3392 891 relinquens

176 903 523 959 ἀναδαίνουσα
549 904 644 958 ἐπὶ
668 903 743 981 τὰ,
767 902 860 957 τοῦ
888 903 1047 958 Θεοῦ.

1835 914 2048 983 quidem
2081 914 2334 985 dogmata
2356 923 2411 969 et
2438 915 2679 969 rationes
2726 921 2892 983 atque
2929 926 3090 983 opera
3142 912 3250 968 Deo
3302 928 3395 966 va-

1829 1018 1949 1066 cua,
1974 1002 2041 1057 ad
2061 1017 2121 1058 ea
2154 990 2283 1059 vero
2305 1018 2426 1074 qua:
2456 1003 2546 1058 Dei
2568 1011 2697 1058 sunt
2726 1002 3047 1058 ascendens.-

238 1083 299 1149 δ”
332 1090 397 1155 η’·
443 1083 604 1138 Ἰδοὺ
636 1083 677 1152 ἦ
710 1084 890 1150 κλίνη
923 1080 1241 1151 Σαλομώνο
1289 1082 1588 1152 ἐξήκοντα
1618 1085 1726 1140 δυ-

1899 1094 2062 1150 Vens.
2100 1095 2151 1160 7,
2185 1094 2238 1151 8.
2274 1093 2406 1150 Ecce
2428 1097 2593 1150 lectus
2619 1092 2923 1149 Salomonis
2952 1111 2971 1151 :
2996 1092 3272 1163 sexaginta
3299 1109 3395 1162 po-

175 1175 321 1230 ratol
350 1176 560 1241 κύκλῳ
575 1168 914 1259 αὑτῆςζάπὸ
942 1172 1215 1228 δυνατῶν
1253 1172 1492 1241 Ἰσραήλ
1514 1190 1530 1205 ’
1572 1174 1727 1228 πάν-

1834 1195 1991 1241 tentes
2016 1186 2069 1241 in
2098 1172 2327 1241 circuitu
2348 1187 2462 1256 ejus
2484 1201 2549 1241 ea:
2572 1185 2870 1254 potentibus
2903 1180 3096 1253 Israej,
3121 1194 3298 1237 amnes
3318 1192 3394 1235 te-

176 1284 260 1332 τες
283 1264 636 1332 κατέχοντες
650 1263 974 1332 ῥομφαίαν,
1005 1261 1414 1332 δεδιδαγμένοι
1439 1266 1724 1333 πόλεμον·

1835 1286 2003 1333 rtentes
2028 1278 2286 1348 gladium,
2322 1278 2466 1332 docti
2497 1277 2721 1342 bellum;
2744 1277 2823 1330 vir
2848 1276 3060 1346 gladius
3092 1275 3205 1344 ejus
3242 1290 3395 1344 super

173 1358 310 1426 ἀνὴρ
335 1358 604 1428 ῥομφαία
670 1355 856 1411 αὐτοῦ
901 1355 1000 1410 ἐπὶ
1045 1356 1151 1410 τὸν
1168 1356 1366 1426 μηρὸν
1385 1355 1573 1411 αὐτοῦ
1608 1356 1728 1413 ἀπὸ

1224 1356 1366 1425 ηρὸν
1385 1355 1573 1411 αὑτοῦ
1608 1356 1728 1413 ἀπὸ
1827 1369 1998 1438 femur
2023 1369 2136 1439 ejus
2155 1386 2187 1424 a
2216 1384 2406 1440 pavore
2448 1370 2502 1424 in
2526 1367 2784 1425 noctibus.

173 1449 413 1520 θάμϐους
440 1451 512 1504 ἐν
529 1449 735 1512 νυξίν.
1046 1450 1059 1465 ‘
3057 1499 3064 1505 .

233 1543 508 1607 Φίλωνος.
524 1570 597 1581 -
616 1540 728 1611 (47)
756 1539 958 1611 Κλίνην
979 1540 1042 1593 τὸ
1076 1541 1264 1612 μνῆμα
1288 1540 1530 1614 Χριστοῦ
1552 1540 1722 1609 λέγει.

1893 1545 2157 1601 Philonis.
2218 1545 2461 1602 Lectum
2494 1551 2654 1599 vocat
2701 1542 2907 1599 Christi
2961 1550 3393 1597 monumentum.

241 1631 534 1702 Ἐξήκοντα
560 1632 800 1694 δυνατοὶ,
826 1633 887 1685 τὸ
928 1632 1205 1704 πλήρωμα
1246 1635 1347 1704 τῆς
1393 1634 1727 1698 τελειώσεως

1838 1636 2118 1707 Sexaginta
2141 1636 2312 1692 fortes
2333 1642 2463 1691 sunt
2481 1626 2760 1705 plenitudo
2776 1632 3149 1703 perfectionis,
3169 1634 3259 1702 qui
3278 1648 3398 1686 cus-

171 1723 215 1775 oi
242 1722 535 1793 τηροῦντες
556 1722 650 1776 τὸν
678 1723 847 1792 τάφον
864 1741 879 1756 ο
913 1723 1082 1777 οἱκαὶ
1123 1724 1216 1778 τοῦ
1245 1725 1473 1795 σεισμοῦ
1498 1726 1726 1796 γενομέ-

1834 1727 2396 1797 todiuntsepulcrum,
2433 1726 2528 1797 qui
2555 1735 2608 1780 et
2630 1733 2789 1781 terra:
2808 1732 2957 1779 motu
2978 1724 3122 1779 facto
3152 1723 3394 1779 exterriti

172 1830 271 1880 νου,
290 1784 743 1885 ἕξεθαμδήθησαν
759 1784 888 1868 ’καθ’
908 1815 977 1886 ἢν
992 1815 1190 1885 ἀνέστη
1221 1818 1250 1869 ὀ
1270 1784 1725 1885 Χριστὸςνύκτα.

1838 1816 2053 1873 luerunt
2102 1784 2167 1873 ea
2212 1825 2375 1873 nocte
2403 1784 2513 1887 qua
2562 1816 2816 1871 Christus
2885 1816 3210 1871 resurrexit.
3283 1814 3398 1866 Duo

172 1906 269 1957 Δύο
295 1906 349 1958 δὲ
378 1906 655 1976 ῥομφαίας
709 1904 926 1975 ἔχουσιν
958 1906 1008 1958 οί
1046 1905 1142 1959 τοῦ
1186 1904 1426 1976 Χριστοῦ
1449 1921 1465 1940 θ
1506 1907 1605 1976 τὴν
1630 1907 1728 1977 μὲν

1837 1918 2012 1965 autem
2046 1909 2255 1980 gladios
2280 1908 2485 1963 habent
2535 1908 2589 1962 hi
2627 1908 2719 1977 qui
2754 1914 2883 1962 sunt
2899 1906 3107 1961 Christi
3140 1920 3156 1958 :
3220 1919 3397 1959 unum

173 1994 444 2066 είργουσαν
495 1996 566 2049 τά
619 1996 993 2068 σπερματικὰ,
1025 1995 1060 2066 ἦ
1087 1996 1172 2060 τίς
1204 1998 1353 2051 ἐστιν
1389 1997 1483 2050 ἐπὶ
1516 1996 1726 2067 μηρῶν,

1841 2000 2045 2073 quidem
2079 1999 2362 2055 seminalia
2391 2008 2691 2061 arcentem,
2740 1998 2831 2067 qui
2866 2006 2952 2052 est
2994 2006 3163 2067 soper
3223 1995 3401 2050 lentur

172 2085 249 2140 διὰ
269 2087 363 2157 τὴν
393 2089 492 2157 τῆς
523 2089 884 2159 σωφροσύνης
912 2089 1238 2158 ἐγκράτειαν
1262 2106 1277 2120 ο
1304 2090 1406 2162 τὴν
1430 2089 1485 2142 δὲ
1510 2091 1577 2142 τά
1598 2089 1730 2159 ψευσ-

1841 2101 2055 2161 propter
2084 2090 2459 2158 temperantiae
2497 2089 2917 2151 continentiam,
2972 2089 3205 2157 alterum
3267 2100 3401 2141 vero

174 2174 231 2245 δῆ
271 2177 662 2232 διακόπτουσαν
707 2177 1060 2249 δόγματαήή
1104 2178 1162 2233 δὲ
1206 2180 1474 2252 ῥομφαία,
1507 2179 1643 2251 πρὸς
1669 2179 1730 2232 τὸ

1842 2183 1967 2240 Falsa
2022 2184 2274 2255 dogmata
2324 2190 2686 2238 resecantem.
2747 2178 2978 2235 Gladius
3005 2188 3189 2234 autem
3246 2179 3402 2235 adest

176 2267 244 2339 μὴ
265 2269 589 2340 θαμδείσθαι
623 2270 686 2324 τὺ
710 2271 922 2334 σκότος.
1312 2348 1318 2353 θ

917 2311 922 2324 ›
1312 2348 1318 2353 δ
1830 2288 1899 2328 ne
1932 2273 2186 2329 tenebras
2208 2278 2477 2328 metuant.

234 2362 578 2430 Γρηγυριου.
610 2383 682 2401 -έ
713 2361 867 2415 Μετά
902 2362 1002 2431 τὴν
1058 2361 1152 2415 ἐπὶ
1201 2361 1276 2432 τῷ
1307 2361 1493 2415 κάλλει
1525 2379 1729 2435 μαρτυ-

1901 2363 2159 2435 Gregorii.
2191 2390 2261 2404 —
2290 2361 2416 2417 Post
2440 2361 2627 2417 datum
2666 2360 2734 2417 de
2802 2359 3212 2431 pulchritudine
3243 2359 3400 2415 testi-

176 2450 304 2520 ρίαν,
340 2454 390 2505 οί
419 2453 564 2520 φίλοι
591 2453 689 2506 τοῦ
726 2451 1001 2523 Νυμφίου,
1027 2456 1122 2507 καὶ
1146 2456 1601 2524 παρασκευασταὶ
1631 2449 1727 2509 τοῦ

1840 2457 2102 2519 monium,
2157 2452 2321 2508 amici
2352 2452 2555 2523 Sponsi
2618 2459 2672 2508 et
2700 2452 2796 2522 qui
2848 2458 3046 2521 parant
3102 2451 3400 2506 thalamum

176 2541 316 2608 ἁγίου
339 2542 603 2613 θαλάμου,
635 2542 731 2596 καὶ
762 2541 865 2612 τῆς
912 2541 1159 2612 καθαρᾶς
1206 2542 1448 2611 Νύμφης
1480 2544 1731 2613 προμνή-

1841 2547 2171 2618 impollutum
2201 2558 2267 2598 ac
2286 2558 2436 2613 purae
2468 2542 2704 2613 Sponsas
2746 2541 2986 2612 pronnbi
3016 2541 3322 2597 ostendunt
3351 2541 3401 2595 ei

176 2650 370 2705 στορες,
402 2632 848 2688 ὑποδεικνύουσιν
903 2635 1038 2704 αὐτῇ
1078 2633 1179 2703 τῆς
1230 2634 1516 2704 βασιλικῆς
1542 2634 1728 2702 κλίνης

1842 2639 2027 2710 regalis
2083 2636 2205 2693 lecti
2233 2635 2721 2705 pulchritudinem,
2777 2644 2836 2689 ut
2861 2634 3136 2706 Sponsam
3202 2631 3402 2703 maiori

173 2724 231 2779 τὸ
249 2726 436 2790 κάλλος
455 2726 529 2789 ὡς
554 2725 756 2796 μᾶλλον
781 2727 861 2789 είς
887 2725 1183 2794 ἐπιθυμίαν
1204 2725 1302 2798 τὴν
1332 2726 1566 2797 Νύμφην
1589 2728 1731 2796 ἀγά-

1840 2730 2132 2787 accendant
2162 2726 2438 2783 desiderio
2461 2727 2661 2781 divina:
2677 2736 2733 2781 et
2758 2727 3120 2781 immaculatte
3148 2741 3272 2780 cum
3331 2739 3400 2778 eo

177 2829 330 2883 γοιεν,
355 2817 453 2887 τῆς
479 2815 633 2879 θείας
671 2832 731 2868 τε
767 2815 862 2869 καὶ
892 2814 1165 2887 ἀχράντου
1219 2816 1335 2886 μετ’
1386 2817 1553 2871 αὐτοῦ
1588 2836 1729 2886 συμ-

1838 2824 1957 2878 νὶιαι
1985 2819 2425 2877 consuetudinis.
2455 2819 2633 2888 Atque
2688 2818 2836 2872 hunc
2866 2817 3086 2887 quidem
3129 2817 3199 2871 de
3256 2817 3398 2870 lecto

177 2902 424 2969 ϐιώσεως.
452 2905 577 2959 Ὀτι
621 2904 720 2975 μὲν
755 2896 854 2958 ὀῦν
899 2905 964 2956 ὲκ
994 2904 1093 2973 τῆς
1131 2905 1370 2974 ἱστορίας
1414 2908 1443 2959 ὁ
1475 2908 1730 2978 περὶτῆς

1844 2929 2134 2971 sermonem
2171 2928 2279 2968 non
2301 2928 2424 2968 esse
2452 2927 2516 2965 ex
2551 2910 2779 2965 historia
2810 2910 3214 2980 depromptum,
3257 2916 3404 2978 patet

177 2995 352 3067 κλίνης
375 2996 530 3064 λόγος
556 2996 658 3049 οὐκ
690 2994 855 3055 ἔστιν.
886 2991 1110 3065 εὔδηλον
1149 2998 1215 3049 ὲκ
1260 2996 1371 3050 τῶν
1400 2998 1730 3067 σωματικῶς

1888 3023 1895 3062 ι
1924 3007 1992 3062 iis
2024 3020 2147 3077 quae
2170 3002 2529 3074 corporaliter
2545 3002 2611 3056 de
2636 3001 2932 3058 Salomone
2965 3002 3214 3057 historiae
3247 3018 3404 3055 man-
3444 3031 3448 3036 ι

177 3088 296 3158 περὶ
318 3087 408 3141 τοῦ
430 3086 788 3158 Σαλομῶντος
819 3085 1239 3157 ἱστορηθέντων,
1268 3080 1330 3141 οῦ
1359 3087 1455 3140 καὶ
1477 3086 1546 3140 τὰ
1577 3087 1731 3158 βασί-

1842 3097 1961 3151 data
1995 3102 2142 3158 sunt,
2176 3093 2339 3162 cujus
2371 3101 2425 3148 et
2457 3092 2678 3163 regalia,
2731 3099 2785 3148 et
2819 3106 3060 3146 mensam
3091 3106 3154 3146 ac
3195 3091 3402 3161 reliqua

176 3175 288 3230 λεια
316 3180 405 3233 καὶ
431 3178 531 3247 τὴν
558 3178 857 3247 τράπεζαν,
887 3177 982 3230 καὶ
1030 3175 1103 3229 τὰ
1150 3176 1337 3242 λοιπὰ,
1371 3179 1400 3230 ὀ
1423 3177 1580 3246 λόγος
1626 3179 1731 3232 ὁπ-

1846 3187 1972 3242 liber
2005 3185 2210 3255 Regum
2247 3191 2502 3239 accurate
2552 3183 2890 3254 descripsit:
2936 3183 3062 3238 novi
3106 3191 3287 3237 auten
3353 3193 3406 3238 et

178 3268 400 3339 ἔγραψεν
430 3268 702 3340 ἀκριϐῶς’
737 3267 921 3322 καινὸν
946 3266 1057 3338 γάρ
1077 3285 1132 3320 τι
1161 3267 1255 3320 καὶ
1281 3267 1733 3339 παρηλλαγμένον

1844 3277 2042 3334 diversi
2085 3275 2153 3331 de
2180 3275 2323 3330 lecto
2352 3274 2488 3328 nihil
2513 3273 2673 3329 dixit.
2698 3276 2887 3344 Itaque
2905 3289 3130 3331 necesse
3155 3266 3261 3338 est,
3296 3289 3404 3328 non

181 3360 300 3428 περὶ
324 3360 414 3429 τῆς
435 3358 623 3429 κλίνης
646 3357 802 3412 οὐδὲν
825 3353 1000 3410 εἶπεν.
1017 3357 1183 3413 Ὥστε
1210 3357 1425 3427 ἀνάγκη
1452 3358 1526 3429 μὴ
1556 3374 1735 3428 παρα-

1844 3367 2106 3422 inhaarere
2132 3365 2343 3430 litterae,
2373 3363 2467 3440 sed
2502 3378 2598 3432 per
2625 3374 2947 3417 accuratam
2989 3364 3404 3434 intelligentiam

182 3453 346 3517 μεῖναι
365 3449 443 3521 τῷ
472 3450 783 3520 γράμματι.
813 3448 949 3503 ἀλλά
968 3447 1036 3502 δι’
1063 3446 1328 3519 ἀκριϐοῦς
1352 3449 1733 3518 κατανοήσεως

1845 3472 2141 3512 sermonem
2177 3455 2323 3510 hunc
2342 3453 2408 3508 ad
2454 3453 2761 3523 spiritalem
2808 3452 3108 3510 transferre
3157 3462 3405 3509 contem-

187 3535 486 3601 μεταὸαλεῖν
513 3536 609 3590 τὸν
646 3535 806 3604 λόγον
838 3537 920 3599 εἰς
950 3535 1329 3606 πνευματικὴν
1354 3535 1609 3606 θεωρίαν,
1631 3535 1733 3606 τῆς

1847 3547 2153 3618 plationem,
2179 3562 2210 3602 a
2241 3544 2507 3600 materiali
2543 3544 2946 3614 signiﬁcatione
2972 3554 3207 3601 mentem
3232 3546 3407 3600 abdu-

182 3624 357 3697 ὐλικῆς
379 3627 669 3698 ἐμφάσεως
701 3629 793 3680 τὸν
838 3626 965 3680 νοῦν
1010 3628 1422 3699 ἀποστήσαντες
1445 3645 1459 3659 ·
1498 3626 1644 3681 ἔοικε
1675 3628 1734 3682 τὸ

1850 3639 2046 3707 :cndo;
2074 3646 2500 3695 consentaneum
2534 3644 2619 3692 est
2646 3638 2863 3703 ostendi
2892 3638 3132 3691 divinam
3160 3637 3410 3707 pulchri-

188 3717 315 3772 θεῖον
339 3720 549 3785 κάλλος,
580 3722 640 3773 ὲν
666 3718 748 3791 τῷ
780 3719 996 3791 φοϐερῷ
1019 3719 1081 3772 τὸ
1116 3721 1380 3791 ἐράσμιον
1426 3719 1593 3790 ἔχειν,
1627 3720 1734 3772 ἀπὸ

1850 3732 2078 3787 .udinem
2106 3732 2160 3786 in
2185 3742 2394 3786 terrore
2416 3731 2618 3787 habere
2655 3731 2784 3801 quid
2823 3730 3195 3794 amabilitatis,
3228 3745 3292 3785 ex
3342 3732 3410 3788 iis

187 3810 283 3864 τῶν
332 3813 583 3871 ἐναντίων
623 3811 704 3883 τῷ
759 3812 1057 3883 σωματικῷ
1104 3812 1295 3867 κάλλει
1342 3813 1729 3882 δεικνύμενον.

1846 3838 1958 3894 quae
1987 3831 2117 3879 sunt
2141 3823 2420 3878 contraria
2463 3838 2742 3894 corporeae
2797 3821 3214 3893 pulchritudini.
3272 3821 3406 3875 Nam

200 3900 387 3974 Ἐπειδὴ
418 3905 525 3975 γάρ
551 3905 585 3974 ἡ
607 3903 862 3973 ἐμπαθὴς
887 3902 995 3956 τῶν
1021 3905 1289 3974 σωμάτων
1308 3903 1573 3977 ἐπιθυμία
1623 3907 1736 3969 τοῖς

1848 3915 2099 3987 quoniam
2135 3914 2489 3986 passionibus
2516 3915 2754 3969 obnoxia
2808 3927 3105 3982 corporum
3135 3912 3408 3979 cupiditas

192 3993 275 4060 τῆς
299 3993 484 4063 σαρκὸς
514 3994 736 4064 μέλεσιν
771 3992 1147 4064 ἐγκαθημένη,
1178 3994 1434 4065 καθάπερ
1459 4013 1510 4049 τι
1542 3994 1736 4049 σύνταη

1845 4007 2100 4063 membris
2131 4007 2318 4061 carnis
2344 3999 2610 4066 insidens,
2638 4004 2785 4059 velut
2807 4003 3052 4071 quaedam
3088 4001 3405 4070 praedonum

193 4088 291 4151 γ’μα
335 4084 618 4157 λῃστρικὸν
653 4084 924 4155 ὲνεδρεύει
948 4087 1039 4137 τὸν
1077 4085 1202 4141 νοῦν
1243 4087 1338 4140 καὶ
1384 4087 1735 4157 αἰχμάλωτον

1846 4106 2018 4152 turma
2056 4096 2220 4149 menti
2249 4094 2559 4157 insidiatur,
2589 4107 2708 4145 eam
2741 4104 3114 4160 saepenumero
3137 4092 3406 4158 captivam

193 4172 313 4239 ἄγει.
341 4175 465 4245 πρὸς
519 4175 584 4227 τὸ
641 4176 839 4245 ἑαυτῆς
897 4174 1146 4245 βούλημα
1178 4178 1577 4248 συναρπάσασα
1600 4219 1614 4242 ,
1646 4178 1735 4231 διά

1849 4189 1904 4243 ιιι
1929 4204 2082 4242 suam
2115 4187 2381 4255 a.ripiens
2425 4186 2760 4240 voluntatem
2784 4199 2799 4249 ;
2853 4191 3140 4252 propterea
3165 4188 3250 4236 est
3275 4196 3409 4235 con-

195 4260 323 4314 τοῦτο
346 4262 633 4317 ἀκόλουθόν
663 4263 813 4316 ἐστιν
866 4266 932 4316 ὲκ
962 4264 1072 4316 τῶν
1106 4263 1367 4318 ἐναντίων
1401 4266 1500 4335 τῆς
1546 4283 1735 4335 σωμα-

1850 4295 2076 4350 seqnens
2108 4286 2168 4333 ut
2197 4278 2417 4333 divinus
2458 4292 2613 4331 amor
2640 4276 2733 4330 liat
2758 4291 2824 4330 ex
2880 4275 2949 4329 iis
2973 4290 3094 4344 qua:
3122 4280 3249 4328 sunt
3281 4288 3410 4326 con-

198 4353 324 4423 τικῆς
347 4355 632 4417 διαθέσεως
662 4355 755 4408 τὸν
785 4356 928 4410 θεῖον
971 4356 1152 4427 ἔρωτα
1183 4356 1430 4424 γίνεσθαι
1451 4374 1465 4389 ο
1505 4358 1645 4412 ὥστε
1679 4361 1728 4412 εί

1896 4372 2009 4425 aria
2030 4368 2302 4438 corporali
2324 4367 2634 4438 cupiditati.
2664 4365 2787 4432 Quo
2820 4364 2878 4418 lit
2925 4377 2985 4417 ut
3012 4366 3055 4418 si
3086 4363 3250 4433 hujus
3301 4363 3409 4417 dux
3442 4382 3456 4397 ·

200 4443 250 4495 ἐκ
271 4446 452 4517 ταύτης
505 4446 715 4515 γίνεται
764 4447 922 4511 λύσις
971 4449 1063 4501 καὶ
1101 4448 1285 4512 ἄνεσις
1334 4449 1429 4503 καὶ
1455 4436 1760 4522 βλακώδηςῘ

1849 4463 2004 4516 fuerit
2067 4435 2411 4524 dissolutio,—
2438 4456 2731 4527 mollisque
2790 4464 2844 4510 et
2874 4464 3132 4510 enervata
3165 4453 3409 4514 dillusio,

201 4536 415 4606 διάθεσις,
441 4544 557 4596 ἐκεῖ
587 4541 686 4612 τὴν
738 4543 832 4595 ἐπὶ
882 4541 1050 4610 φόϐον
1090 4560 1151 4596 τε
1180 4543 1274 4596 καὶ
1312 4544 1733 4610 ἀκατάπληκτον

1856 4558 1946 4612 llic
1969 4556 2261 4610 vehemens
2291 4561 2345 4608 et
2375 4568 2498 4623 qua:
2532 4550 2838 4622 perturbari
2896 4564 3003 4604 non
3031 4556 3212 4618 potest
3243 4549 3409 4602 animi

206 4627 431 4698 ἀνδρείαν,
466 4631 602 4703 ὕλην
634 4630 731 4685 τοῦ
764 4631 910 4685 θείου
931 4631 1132 4702 ἔρωτος
1170 4631 1419 4719 γίνεσθαι
1441 4651 1457 4665 ο
1499 4633 1595 4687 τοῦ
1622 4634 1733 4705 γὰρ

1851 4645 2162 4716 nagnitudo
2195 4645 2268 4700 sit
2297 4643 2525 4698 materia
2553 4642 2724 4696 divini
2779 4640 3024 4704 amoris;
3082 4653 3205 4693 cum
3266 4638 3411 4693 enim

206 4719 455 4791 ἀνδρώδους
483 4723 658 4794 θυμοῦ
691 4724 783 4777 τὸν
825 4724 927 4794 τῆς
984 4723 1182 4795 ἡδονῆς
1230 4724 1389 4793 λόγον
1414 4728 1730 4796 καταπτοή-

1856 4752 1914 4791 ra
1950 4735 2111 4792 fortis
2142 4751 2208 4790 ac
2240 4734 2419 4789 virilis
2476 4730 2794 4787 insidiantis
2844 4728 3145 4800 voluptatis
3207 4736 3415 4781 turmas

208 4816 357 4879 σαντός
387 4833 444 4870 τε
475 4817 572 4877 καὶ
601 4814 1065 4887 φυγαδεύσαντος,
1100 4815 1247 4870 οὕτω
1269 4816 1333 4870 τὸ
1362 4815 1603 4889 καθαρὸν
1632 4818 1733 4888 τῆς

1853 4826 2290 4900 terterruerit,et
2321 4824 2375 4877 in
2396 4823 2578 4900 fugam
2603 4819 2856 4882 verterit,
2891 4828 3004 4873 tum
3036 4825 3262 4888 apparet
3280 4831 3413 4885 pura

206 4901 346 4975 ψυχῆς
364 4908 714 4978 ἀναφαίνεται
749 4907 967 4972 κάλλος,
996 4908 1188 4978 μηδενὶ
1223 4908 1390 4962 πάθει
1415 4909 1733 4979 σωματικῆς
1763 4929 1766 4937 ·

1854 4919 2036 4972 mima;
2076 4905 2448 4987 pulchritudo,
2482 4913 2633 4967 nullo
2660 4922 2810 4966 motu
2846 4910 3119 4964 maculata
3152 4922 3414 4976 corpora-

208 4994 454 5066 ὲπιθομίας
501 4990 1047 5072 καταρρυπούμενον.
1097 4998 1311 5053 Οὐκοῦν
1355 4999 1670 5068 ἀναγκαίως
1697 5002 1732 5069 ἡ

1864 5009 1912 5062 is
1940 5005 2287 5075 cupiditatis.
2325 5001 2651 5058 Necessario
2714 5002 2902 5073 igitur,
2968 4998 3226 5066 nuptialis
3285 4996 3419 5063 legis

208 5087 408 5159 Voluptin
438 5088 532 5142 τοῦ
562 5089 838 5159 βασιλέως
863 5088 1044 5159 κλίνη,
1095 5092 1210 5153 τοῖς
1239 5089 1487 5154 ὁπλίταις
1544 5092 1603 5143 ὲν
1635 5089 1736 5143 κύ-

1855 5107 2017 5154 eetus
2044 5098 2113 5150 ab
2135 5095 2363 5165 armatis
2383 5092 2784 5154 circumdatur.
2804 5106 3038 5162 quorum
3057 5088 3180 5143 belli
3200 5085 3415 5155 peritia,

209 5173 297 5244 κλῳ
332 5178 740 5250 δωλαμῦἀνεται
764 5196 779 5211 ο
827 5172 903 5234 ὧν
952 5181 988 5250 ἡ
1016 5178 1110 5232 τοῦ
1141 5180 1399 5250 πολεμεῖν
1446 5180 1733 5252 ἐμπειρία,

1859 5204 1906 5244 ιο
1932 5188 2076 5259 quod
2096 5201 2264 5258 super
2286 5184 2465 5241 femur
2495 5195 2747 5255 paratum
2781 5183 3021 5238 habeant
3064 5193 3277 5241 ensem,
3301 5185 3419 5229 tor-

210 5267 362 5322 uicti)
390 5272 667 5343 πρόχειρον
694 5272 842 5341 ἔχειν
864 5271 959 5324 ἐπὶ
984 5269 1080 5323 τοῦ
1105 5270 1284 5342 μηροῦ
1306 5272 1406 5340 τὴν
1439 5273 1732 5342 ῥομφαίαν,

1851 5293 2018 5331 rorem
2053 5275 2211 5331 aﬂ'ert
2239 5283 2294 5330 et
2324 5288 2605 5346 Stuparem
2635 5274 2945 5329 tenebrosis
2961 5268 3411 5341 cogitationibus.

213 5354 383 5426 θὰμδος
410 5363 499 5415 καὶ
525 5362 785 5433 ἔκπληξιν
818 5365 1040 5433 ἐμποιεῖ
1087 5365 1202 5426 τοῖς
1250 5365 1545 5426 σκοτεινοῖς
1590 5365 1737 5432 λογι-

1860 5378 1898 5423 :t
1925 5367 1993 5423 iis
2022 5366 2114 5438 qui
2145 5366 2201 5420 in
2228 5368 2471 5422 obscuro
2496 5365 2849 5426 insidiantur,
2883 5372 2936 5417 et
2987 5360 3205 5429 sagittis
3251 5371 3420 5427 appe-

217 5451 360 5514 σμοῖςο
380 5458 480 5517 τοῖς
501 5456 556 5508 ἐν
586 5456 701 5522 νυξὶ
726 5472 784 5513 τε
822 5456 917 5510 καὶ
947 5454 1255 5526 σκοτομήνῃ
1291 5457 1403 5518 τοίς
1433 5455 1614 5517 εὐθέσι
1666 5461 1731 5530 τῇ

1868 5466 1963 5512 υιιι
1984 5468 2160 5514 rectos
2190 5459 2373 5513 corde.
2412 5455 2569 5524 Quod
2615 5455 2765 5531 enim.
2814 5454 3082 5510 obscenas
3116 5452 3423 5520 voluptates

1678 5595 1912 5653 NOTIE.

287 5675 377 5745 (Π)
409 5682 781 5766 Κλίνηνιλέγει,
818 5689 871 5743 in
905 5688 967 5745 C.
1016 5688 1073 5743 Β.
1121 5687 1326 5761 Cyrillo
1378 5689 1735 5756 tribuuntur;
1772 5708 1798 5763 q

238 5753 395 5803 sancto
421 5750 681 5828 Gregorio.

1865 5712 1890 5750 υ
1934 5702 2112 5751 autem
2156 5699 2461 5763 sequuntur
2511 5691 2577 5748 ab
2636 5687 2897 5759 ἑξήκοντα
2958 5686 3023 5743 ad
3101 5688 3158 5741 :5
3212 5686 3420 5751 σκότος,
