3950 6294
504 296 633 364 16le

1827 304 2181 368 PROCOPII
2216 271 2460 368 eum

3636 297 3778 365 1632

503 411 557 464 in
589 425 699 478 quo
729 421 1068 479 caputsuum
1099 413 1369 482 Sponsus,
1405 413 1635 469 reclinat
1673 433 1688 468 :
1721 417 1954 487 gemmis
1977 431 2072 468 au-

2184 415 2230 465 ίν
2250 406 2296 481 ᾧ
2327 415 2427 484 τὴν
2475 412 2718 482 κεφαλὴν
2755 409 2920 464 αὐτοῦ
2989 409 3158 463 κλίνει
3192 411 3220 463 ὀ
3249 407 3540 479 Νυμφίοςο
3565 411 3678 472 τοῖς
3714 410 3773 464 δὲ

506 513 612 556 tem
643 509 698 557 et
729 502 1000 572 lapidibus
1057 503 1315 574 pretiosis
1369 505 1618 560 variatur
1671 506 1940 578 quidquid
1991 517 2078 561 est

505 594 674 648 intus.
741 594 929 664 Itaque
985 596 1258 650 columnae
1287 597 1508 667 quidem
1555 598 1924 668 intelligenda!
1979 614 2078 668 pro

507 681 766 740 Ecclesiae
814 687 1112 749 columnis,
1146 689 1350 758 quibus
1411 689 1574 759 plane
1613 705 1810 760 purum
1855 701 1908 745 et
1953 691 2080 761 igne

503 777 876 832 examinatum
926 787 1213 850 argentum
1275 791 1362 836 est
1440 781 1718 852 eloquium
1780 783 1930 852 regni
2008 782 2076 836 ad

505 869 792 924 sublimem
824 871 1062 927 evehens
1095 871 1220 928 vitae
1243 873 1535 928 rationem.
1570 872 1910 944 Praecipuum
1931 874 2077 929 enim

507 957 660 1026 regni
693 957 956 1012 indicium
997 968 1258 1015 censetur
1289 975 1415 1017 esse
1457 975 1703 1032 purpura
1744 978 1757 1014 :
1795 963 2078 1032 principa-

505 1056 619 1100 tum
660 1057 840 1104 autem
875 1051 1129 1106 obtinens
1177 1052 1411 1108 facultas
1448 1053 1502 1106 in
1545 1069 1653 1124 qua
1697 1065 1864 1123 caput
1913 1071 2074 1110 suum

505 1139 734 1196 reclinet
787 1141 836 1196 is
859 1136 952 1212 qui
1011 1143 1322 1199 construxit
1365 1141 1658 1208 ferculum,
1695 1153 1779 1200 est
1811 1161 2076 1216 purorum

498 1231 815 1302 idogmatum
851 1243 1066 1288 aurum.
1091 1231 1444 1306 Quaecunque
1471 1244 1654 1291 autem
1683 1237 1854 1291 latent
1884 1246 1940 1292 et
1967 1252 2078 1293 non

505 1333 770 1412 apparent
789 1325 1127 1380 decorantur
1156 1341 1294 1396 pura
1346 1341 1687 1396 gemmarum
1712 1329 2080 1395 conscientia,

503 1417 705 1485 quibus
742 1417 1000 1474 omnibus
1035 1425 1253 1473 constat
1287 1418 1534 1473 charitas
1561 1481 1566 1486 _
1591 1417 1825 1474 ﬁliarum
1855 1418 2080 1476 Jerusao

507 1511 632 1562 lein.
681 1506 739 1563 Si
778 1511 906 1580 quis
933 1519 1114 1564 autem
1149 1509 1279 1565 velit
1318 1508 1588 1565 ferculum
1614 1511 1844 1580 quidem
1894 1511 2081 1567 dicere

508 1600 822 1655 universam
853 1600 1180 1667 Ecclesiam,
1204 1601 1410 1656 dividat
1445 1613 1628 1656 autem
1656 1617 1723 1657 ex
1753 1601 2079 1658 differentiis

504 1691 888 1758 operationnm
929 1692 982 1746 in
1030 1707 1298 1762 personas
1363 1695 1804 1764 aliquas'partcs
1859 1695 2075 1760 ferculi,

503 1783 585 1838 sic
622 1796 840 1853 quoque
867 1791 954 1839 est
979 1782 1296 1838 facillimum
1329 1785 1629 1856 unicuique
1671 1786 1855 1840 ordini
1877 1801 2072 1841 eorum

502 1872 596 1942 qui
658 1881 786 1928 sunt
849 1874 904 1928 in
955 1875 1198 1932 Ecclesia
1257 1877 1519 1944 adamare
1583 1885 1772 1948 partes
1835 1877 2075 1933 ferculi:

509 1984 527 2016 ι
565 1965 750 2021 Posuit
781 1967 926 2022 enim
973 1966 1116 2024 Deus
1137 1969 1190 2024 in
1221 1969 1463 2024 Ecclesia
1505 1971 1740 2039 primum
1773 1973 2076 2040 apostolos,

505 2055 806 2110 secundum
840 2056 1136 2133 prophetas
1166 2057 1239 2118 ".
1275 2065 1386 2112 etc.
1433 2076 1451 2108 ι
1510 2059 1588 2110 lta
1624 2067 1685 2113 ut
1713 2075 1810 2128 per
1835 2060 1950 2114 haec
1982 2075 2082 2115 no-

503 2145 651 2200 mina
681 2161 800 2214 qua:
817 2147 884 2200 ad
912 2145 1191 2216 opificium
1225 2147 1416 2202 ferculi
1448 2149 1744 2218 pertint-nt,
1763 2152 2081 2206 sacerdotes

503 2252 568 2293 ac
598 2237 854 2296 doctores
885 2239 1361 2309 intelliganturfet
1406 2243 1775 2298 venerandam
1815 2260 1940 2301 esse
1969 2245 2082 2298 vir-

469 2327 786 2400 ginitatem
819 2345 943 2402 qua:
979 2331 1032 2386 in
1091 2331 1298 2390 ferculo
1350 2315 1638 2400 virtutum,
1676 2337 1914 2405 puritate
1961 2347 2082 2392 tan-

503 2438 670 2493 quam
698 2424 870 2482 radiis
899 2425 1226 2496 quihusdam
1287 2429 1656 2498 pretiosorum
1692 2431 1934 2502 lapidum
1991 2448 2085 2488 co-

505 2525 688 2571 ruscet
723 2533 738 2570 :
771 2531 834 2572 ac
867 2533 960 2588 per
987 2519 1111 2574 vitae
1145 2521 1440 2590 puritatem
1467 2538 1718 2592 superna:
1771 2525 2074 2582 Jerusalem

508 2607 648 2665 tilias
669 2610 979 2674 ostendi,in
1012 2611 1216 2682 quibus
1251 2612 1346 2669 Dei
1377 2615 1619 2672 charitas
1654 2627 1944 2688 operatur.

555 2867 715 2940 Nili.
747 2899 816 2913 —
843 2871 1136 2932 Ferculum
1161 2885 1246 2934 est
1275 2882 1702 2946 gestamensedi
1733 2883 1914 2940 simile
1935 2887 2081 2956 quod

504 2959 708 3031 exeipit
742 2963 1022 3021 sedentem
1057 2985 1073 3022 :
1104 2968 1212 3023 hoc
1241 2981 1422 3025 autem
1459 2971 1696 3040 fortasse
1728 2973 1934 3030 Paulus
1995 2984 2082 3032 est

511 3072 530 3104 ι
570 3069 666 3110 ras
693 3056 1052 3116 electionis".
1090 3078 1110 3112 ι
1139 3059 1354 3116 Etenim
1390 3063 1648 3120 thronum
1707 3067 1888 3138 ipsum
1919 3079 2080 3125 vocat
2105 3099 2150 3161 ρ

506 3145 773 3216 sapientia
803 3148 932 3204 alibi
959 3149 1150 3208 dicens
1186 3169 1200 3206 :
1241 3171 1261 3204 ι
1298 3153 1531 3210 Aderam
1591 3173 1716 3214 cum
1772 3174 2102 3218 secerneret.

506 3255 667 3295 suam
701 3241 884 3298 sedem
917 3258 1086 3314 super
1113 3254 1305 3302 ventos
1334 3247 1402 3302 ⁵⁸.
1431 3265 1450 3299 ι
1490 3247 1666 3318 Super
1694 3260 1886 3307 ventos
1903 3264 2082 3309 autem

507 3342 756 3389 secretus
780 3333 880 3388 fuit
915 3351 1011 3405 per
1041 3337 1444 3394 multitudinem
1513 3342 1871 3397 tentationum
1899 3358 1963 3398 ac
1989 3361 2085 3416 pe-

507 3425 830 3492 riculorum,
855 3437 909 3482 et
937 3429 1065 3498 quia
1090 3428 1301 3484 ferebat
1329 3447 1545 3502 semper
1574 3448 1638 3488 ac
1669 3433 1964 3503 referebat,
1997 3439 2082 3492 vel

507 3519 671 3572 etiam
695 3519 824 3590 quia
862 3520 1071 3576 levibus
1101 3523 1334 3592 pedibus
1388 3526 1743 3594 percurrebat
1768 3529 2084 3586 universum

507 3609 695 3664 orbem
753 3611 938 3666 studio
993 3615 1420 3684 prmdicationis.
1451 3613 1743 3678 Ferculum
1773 3619 1942 3690 igitur
1997 3622 2086 3676 hic

509 3709 624 3769 cst;
651 3711 887 3758 mentem
916 3705 1136 3775 quidem
1173 3707 1373 3762 habens
1401 3723 1626 3764 aureum
1673 3711 2083 3767 reclinatorium

511 3788 566 3848 in
593 3808 704 3864 quo
738 3792 986 3865 Sponsus
1019 3797 1334 3868 requiescit,
1391 3816 1700 3856 sermonem
1727 3817 1852 3857 vero
1869 3804 2084 3857 colum-

511 3900 614 3942 nas
634 3888 869 3958 argenti.
896 3887 1074 3946 Verbo
1111 3891 1256 3946 enim
1293 3893 1597 3964 apostolico
1631 3893 1882 3950 firmatur
1904 3897 2085 3952 eccle-

513 3978 734 4034 siastica
762 3981 1096 4050 praedicatio.
1125 3983 1406 4040 Columnae
1429 3985 1600 4056 igitur
1631 3995 1763 4042 sunt
1792 4003 2082 4045 sermones

511 4079 734 4138 propter
759 4069 1074 4128 firmitatem
1106 4085 1159 4130 et
1222 4075 1759 4144 immutabilitatem;
1797 4089 2081 4151 argentum

511 4175 640 4215 vero
661 4170 883 4232 propter
909 4165 1285 4234 probationem
1304 4177 1358 4222 et
1377 4168 1796 4224 indeticientiam
1813 4171 2082 4241 Apostoli.

509 4251 652 4328 Quin
682 4263 735 4307 et
763 4268 1030 4310 ascensus
1064 4256 1194 4312 huic
1227 4265 1308 4312 est
1345 4273 1586 4328 purpura
1623 4278 1636 4313 :
1666 4275 1792 4312 nam
1848 4261 1944 4331 qui
1987 4277 2086 4332 per

509 4346 632 4414 ejus
661 4361 944 4403 sermones
973 4349 1232 4404 incedunt
1255 4349 1322 4404 ad
1357 4367 1584 4421 regnum
1637 4351 1906 4406 caelorum
1952 4368 2082 4424 per-

2179 505 2383 574 τιμίοις
2414 503 2584 567 λίθοις
2607 503 2668 555 τὸ
2697 503 2844 555 ἔνδον
2869 501 3018 555 ἅπαν
3074 499 3588 554 καταπεποίκιλται.
3624 499 3772 553 Οὐκ-

2180 593 2276 648 οῦν
2308 593 2532 656 στύλους
2570 593 2668 664 μὲν
2717 592 2958 660 νοητὲον,
2991 591 3089 661 τῆς
3123 589 3453 660 Ἐκκλησίας
3474 590 3604 651 τούς
3638 590 3769 642 στύ-

2179 683 2307 748 λους
2325 701 2337 714 ⁸
2369 681 2451 747 οἷς
2475 681 2722 756 ἀκριϐῶς
2753 682 3020 754 ἀργύριον
3045 681 3283 750 καθαρὸν
3307 680 3404 732 καὶ
3433 681 3772 751 πεπυρωμέ-

2179 789 2270 828 νον
2297 776 2326 828 ὁ
2354 774 2513 844 λόγος
2564 775 2759 828 ἐστὶνό
2779 772 2882 842 τῆς
2918 770 3218 843 βασιλείας,
3247 771 3306 822 ἐν
3324 769 3400 842 τῷ
3435 770 3628 842 ὑψηλῷ
3670 772 3772 840 τῆς

2182 864 2457 928 πολιτείας
2519 862 2889 936 ἐπιϐεϐηκώς.
2936 862 3250 934 Ἐξαίρετον
3301 863 3412 933 γάρ
3473 863 3770 934 γνώρισμα

2175 954 2280 1026 ,τῆς
2325 953 2602 1025 βασιλείας
2635 957 2668 1025 ἡ
2703 953 2960 1035 πορφύρα
2997 953 3318 1031 νομίζεταειο
3339 953 3405 1006 τὸ
3427 953 3483 1006 δὲ
3513 955 3774 1024 ἡγεμονι-

2181 1045 2276 1099 κὸν
2324 1045 2506 1098 αὐτῶν
2528 1047 2587 1098 ἐν
2611 1036 2659 1113 ᾧ
2686 1045 2784 1116 τὴν
2841 1045 3088 1116 κεφαλὴν
3117 1045 3282 1098 αὐτοῦ
3301 1044 3490 1098 -κλίνει
3520 1043 3554 1095 ὁ
3579 1045 3642 1098 τὸ
3676 1063 3773 1114 φορ

2183 1139 2326 1206 ρεῖον
2367 1137 2813 1202 κατασκευάσας,
2856 1135 2920 1190 τὸ
2979 1135 3088 1190 τῶν
3153 1135 3414 1207 καθαρῶν
3463 1137 3764 1206 δογμάτων

2180 1228 2403 1298 χρυσίον
2435 1228 2605 1282 ἐστίν·
2622 1228 2724 1283 ὅσα
2743 1227 2799 1281 δὲ
2817 1227 3000 1298 ἀφανῆ
3026 1244 3088 1281 τε
3110 1227 3206 1282 καὶ
3228 1227 3438 1296 κρύφια
3451 1230 3517 1298 τῇ
3549 1226 3772 1298 καθαρᾷ

2182 1317 2488 1388 συνειδήσει
2520 1315 2630 1369 τῶν
2669 1317 2870 1386 τιμίων
2929 1315 3095 1370 λίθων
3151 1315 3512 1387 ὲνωρατζεται
3545 1333 3560 1347 ο
3583 1317 3655 1370 δι’
3688 1309 3770 1370 ὧν

2181 1407 2454 1470 ἁπάντων,
2491 1408 2680 1478 ἀγάπη
2709 1407 2820 1462 άπὸ
2863 1407 2973 1462 τῶν
3031 1407 3352 1478 θυγατέρων
3395 1409 3770 1480 Ἰερουσαλὴμ

2183 1499 2516 1554 συνίσταται.
2549 1500 2612 1554 Ei
2641 1500 2698 1554 δὲ
2733 1499 2974 1572 βούλοιτό
3005 1518 3110 1568 τις,
3165 1503 3382 1572 φορεῖον
3435 1502 3534 1571 μὲν
3587 1503 3770 1556 πᾶσαν

2180 1591 2330 1660 λέγει
2377 1591 2477 1662 τὴν
2519 1591 2872 1662 Ἐκκλησίαν,
2927 1591 3286 1663 καταμερίζει
3306 1592 3365 1646 δὲ
3397 1594 3491 1646 καὶ
3530 1593 3632 1658 τὰς
3661 1594 3771 1648 τῶν

2180 1685 2472 1756 ἐνεργειῶν
2497 1684 2759 1755 διαφοράς
2783 1687 2864 1749 είς
2887 1666 3156 1756 πρόσωπά
3182 1701 3304 1736 τινα
3325 1685 3418 1737 τοῦ
3442 1687 3670 1754 φορείου
3698 1687 3770 1738 τά

2103 1752 2152 1810 Β
2177 1752 2341 1849 asin,
2368 1778 2564 1850 πολλὴν
2600 1752 2716 1832 an
2739 1777 2912 1840 οὕτως
2933 1752 3192 1832 εὐκολίαν
3221 1779 3250 1831 ι
3277 1777 3434 1846 λόγος
3459 1752 3592 1849 εχει,
3633 1780 3767 1832 ἑκά-

2181 1887 2291 1940 στῳ
2319 1870 2561 1941 τάγματι
2586 1869 2695 1924 τῶν
2727 1869 2871 1924 κατὰ
2891 1869 2992 1940 τὴν
3026 1870 3355 1939 Ἐκκλησίαν
3386 1871 3768 1942 τεταγμένων,

2179 1963 2490 2032 ἐφαρμόσαι
2521 1959 2640 2014 τοῦ
2691 1961 2911 2031 φορείου
2939 1961 3008 2015 τά
3045 1961 3188 2032 μέρη
3221 1977 3236 1991 ο
3299 1979 3317 2012 ι
3353 1962 3550 2015 Ἔθετο
3594 1962 3708 2033 γάρ
3742 1963 3771 2016 ὅ

2180 2053 2314 2118 Θεὸς
2332 2055 2390 2108 ὲν
2416 2056 2481 2126 τῇ
2516 2052 2836 2125 Ἐκκλησία,
2869 2053 3085 2122 πρῶτον
3123 2053 3480 2120 ἀποστόλους,
3511 2055 3770 2128 δεύτερον

2182 2148 2488 2216 προφήτας,
2514 2165 2532 2196 ι
2563 2144 2757 2216 καιτά
2775 2145 2903 2214 ἑξῆς
2925 2161 2938 2176 ο
2971 2146 3048 2208 ὼς
3078 2145 3166 2198 διὰ
3193 2145 3304 2199 τῶν
3337 2146 3616 2216 ὀνομάτων
3641 2148 3765 2200 τού-

2182 2255 2310 2302 των,
2338 2237 2446 2291 τῶν
2475 2236 2609 2306 πρὸς
2643 2235 2742 2308 τὴν
2779 2237 2874 2290 τοῦ
2908 2237 3131 2308 φορείου
3174 2239 3522 2307 κατασκευὴν
3577 2255 3768 2291 συντε-

2182 2327 2440 2392 λούντων,
2501 2327 2685 2399 ἱερέας
2724 2327 2984 2390 νοεῖσθαι,
3012 2329 3107 2382 καλ⁵
3137 2328 3516 2392 διδασκάλους,
3534 2331 3646 2392 ⁸καὶ
3667 2329 3769 2402 τὴν

2186 2419 2388 2491 σεμνὴν
2421 2420 2744 2489 παρθενίαν,
2779 2418 2878 2489 τὴν
2918 2419 3071 2482 ὲντδς
3109 2419 3204 2472 τοῦ
3255 2421 3474 2490 φορείου
3495 2423 3560 2490 τῇ
3590 2420 3768 2475 καθα-

2187 2517 2370 2588 ρότητι
2403 2515 2515 2568 τῶν
2536 2515 2746 2583 αὐγῶν,
2781 2509 2893 2567 οἷόν
2914 2529 3026 2567 τισι
3067 2512 3230 2566 λίθων
3262 2515 3457 2581 αὐγαῖς
3499 2513 3768 2584 ἐναστρά-

2191 2624 2424 2661 πτουσαν
2443 2624 2458 2638 ο
2493 2607 2588 2660 καὶ
2618 2606 2706 2661 διὰ
2733 2606 2832 2678 τῆς
2849 2605 2943 2659 τοῦ
2964 2604 3079 2676 βίου
3115 2605 3486 2677 καθαρότητος
3515 2607 3614 2672 τῆς
3654 2605 3772 2660 ἄνω

2195 2698 2550 2769 Ἰερουσαλὴμ
2563 2697 2870 2768 θυγατέρας
2887 2696 3222 2762 δείκνυσθαι,
3251 2699 3308 2750 ἐν
3331 2691 3420 2761 αἷς
3443 2699 3474 2767 ὴ
3503 2695 3596 2749 τοῦ
3629 2695 3769 2750 Θεοῦ

2185 2793 2372 2862 ἀγάπη
2401 2791 2623 2864 ἐνεργὸς
2649 2791 2882 2861 γίνεται.

2254 2885 2583 2938 Νείλου.-
2613 2883 2687 2936 Τδ
2718 2885 2955 2953 φορεῖον,
3011 2881 3206 2946 σκεῦος
3262 2881 3438 2953 θρόνῳ
3471 2879 3772 2952 παραπλή-

2187 2974 2300 3028 σίον
2332 2974 2620 3044 δεχόμενον
2670 2975 2762 3027 τὸν
2819 2973 3222 3043 καθεζόμενον
3279 2972 3440 3026 τοῦτο
3485 2972 3542 3025 δὲ
3574 2973 3772 3042 τάχαό

2188 3065 2396 3128 Παῦλος
2446 3067 2560 3120 ἐστι
2621 3066 2700 3130 τὸ,
2731 3087 2758 3117 4
2779 3063 2982 3130 Σκεῦος
3014 3063 3121 3134 τῆς
3166 3063 3419 3132 ἐκλογῆς.
3448 3082 3466 3114 ι
3497 3063 3607 3116 Καὶ
3656 3065 3770 3135 γάρ

2183 3158 2372 3229 θρόνον
2401 3157 2562 3210 αὐτὸν
2593 3157 2749 3210 καλεῖ
2772 3158 2806 3226 ἡ
2842 3155 2998 3224 σοφία
3028 3157 3112 3224 λὲγ
3127 3171 3262 3210 ουσα
3285 3154 3541 3226 ἀλλαχοῦ·
3579 3174 3596 3202 σ
3618 3156 3690 3208 Συ
3703 3175 3766 3226 με

2184 3250 2450 3320 παρήμην
2495 3249 2658 3319 ἡνίκα
2704 3249 2953 3320 ἀφώριζε
3013 3249 3106 3302 τον
3169 3232 3366 3302 ἑαυτοῦ
3423 3247 3613 3320 θρόνον
3677 3247 3774 3302 ἐπ’

2184 3341 2431 3410 ἀνέμωνο
2459 3359 2476 3392 ι
2511 3341 2596 3394 ἐπ’
2643 3340 2862 3411 ἀνέμων
2881 3341 2936 3394 δὲ
2966 3341 3279 3412 ἀφωρίσθη,
3331 3340 3420 3394 διὰ
3462 3342 3524 3394 τὸ
3558 3341 3772 3410 πλῆθος

2183 3432 2291 3484 τῶν
2319 3432 2642 3502 πειρασμῶν
2676 3434 2772 3485 καὶ
2801 3433 2910 3485 τῶν
2942 3431 3324 3503 περιστάσεων
3349 3448 3364 3462 ·
3397 3433 3431 3501 ἢ
3461 3434 3553 3486 καὶ
3582 3433 3674 3486 διὰ
3707 3433 3774 3486 τὸ

2185 3522 2408 3590 κούφοις
2434 3523 2562 3576 ποσὶ
2591 3523 2956 3596 περιδραμεῖν
2995 3523 3093 3594 τὴν
3117 3523 3446 3594 οἰκουμένην
3461 3526 3526 3594 τῇ
3559 3525 3770 3598 σπουδῇ

2184 3611 2278 3666 τοῦ
2339 3612 2721 3683 κηρύγματος.
2773 3614 2996 3684 Φορεῖον
3027 3609 3121 3668 οὖν
3171 3616 3320 3668 ἐστιν
3347 3608 3522 3678 οὗτος,
3551 3615 3644 3668 τὸν
3667 3617 3774 3684 μὲν

2184 3701 2310 3756 νοῦν
2342 3703 2481 3775 ἔχων
2533 3704 2822 3760 άνάκλιτον
2870 3704 3124 3774 χρύσεον,
3159 3699 3326 3774 ἐφ’οὗ
3363 3705 3705 3760 ἀναπαύεται
3741 3711 3770 3760 ὁ

2184 3791 2466 3867 Νυμφίος·
2491 3799 2583 3852 τὸν
2612 3797 2669 3852 δὲ
2705 3797 2862 3866 λόγον
2891 3798 3118 3862 στύλους
3175 3799 3442 3870 ἀργυρίου
3467 3817 3483 3832 ·
3527 3801 3604 3872 τῷ
3649 3803 3772 3872 ,γάρ

2183 3886 2528 3958 ἀποστολικῷ
2561 3888 2704 3960 λόγῳ
2738 3889 3052 3960 στηρίζεται
3080 3889 3142 3942 τὸ
3177 3889 3438 3960 κήρυγμα
3468 3890 3530 3944 τὺ
3564 3891 3773 3964 ἐκκλη-

2186 3981 2483 4035 σιαστικὸν.
2525 3980 2716 4034 Στύλοι
2766 3976 2859 4034 οὖν
2881 3982 2930 4033 οἱ
2957 3981 3128 4051 λόγοι,
3175 3982 3262 4036 διά
3312 3981 3372 4034 τὺ
3402 3983 3618 4054 ἑδραῖον
3674 3988 3773 4038 καὶ

2185 4071 2520 4142 ἀμετάθετον
2544 4091 2557 4105 ο
2605 4067 2868 4142 ἀργύριον
2892 4073 2950 4127 δὲ
2978 4075 3064 4128 διὰ
3091 4075 3151 4128 rb
3173 4075 3396 4146 δόκιμον
3443 4077 3536 4130 καὶ
3573 4077 3772 4131 ἀνεπί-

2184 4164 2390 4232 ληπτον
2446 4164 2544 4217 τοῦ
2587 4164 2942 4218 ’Λποστόλου·
2988 4167 3083 4220 κοιλ⁵
3121 4167 3434 4237 ἡὲπίϐασις
3469 4168 3527 4221 δὲ
3560 4170 3775 4223 τούτων

2185 4257 2304 4311 ἐστὶ
2330 4256 2590 4329 πορφύρα
2617 4275 2630 4288 ο
2660 4259 2709 4310 oi
2737 4258 2846 4328 γάρ
2871 4257 2960 4312 διὰ
2991 4258 3099 4312 τῶν
3128 4259 3320 4314 τούτου
3348 4259 3520 4328 λόγων
3549 4261 3770 4315 ὁδεύον-

2185 4367 2277 4414 τες
2309 4351 2387 4412 si;
2419 4349 2700 4420 βασιλείαν
2754 4349 3048 4420 φθάνουσιν
3087 4351 3354 4421 οὐρανῶν,
3389 4353 3464 4424 τῷ
3490 4352 3772 4424 ἀξιώματι

512 4437 758 4504 veniunt,
790 4454 901 4509 pra:
930 4440 1193 4512 dignitate
1222 4445 1378 4513 quasi
1415 4445 1705 4514 purpurati
1742 4445 2078 4512 incedentes,

2187 4443 2562 4506 ἐπιϐαίνοντες
2611 4443 2686 4507 ὡς
2715 4443 2994 4515 πορφύρα,
3057 4446 3150 4499 καὶ
3198 4445 3451 4514 λέγοντες
3507 4447 3648 4517 μετᾶ
3675 4449 3772 4502 τοῦ

512 4542 576 4580 ac
603 4542 728 4583 cum
755 4529 924 4586 Paulo
951 4531 1194 4588 dicentes
1225 4549 1240 4586 :
1281 4551 1300 4584 ι
1335 4531 1540 4589 Nostra
1567 4541 1747 4588 autem
1783 4534 2081 4592 conversa-

511 4621 591 4674 tio
645 4621 698 4676 in
755 4623 912 4679 cmlis
953 4633 1039 4680 est
1097 4627 1164 4684 ‘°.
1196 4644 1215 4678 ι
1265 4625 1328 4678 Ει
1359 4627 1611 4682 intimum
1640 4627 1760 4698 ejus
1797 4629 2078 4702 lapidibus

510 4720 872 4775 constratum,
922 4727 998 4770 est
1040 4718 1277 4785 pretiosa
1327 4718 1584 4772 virtutum
1637 4728 1694 4773 et
1751 4723 1980 4791 aequalis"
2029 4723 2083 4778 in

512 4813 714 4853 arcano
741 4801 922 4856 cordis
955 4802 1194 4870 affectio,
1229 4820 1388 4874 quas,
1411 4806 1852 4879 quandoquidem
1887 4810 2085 4866 funda-

516 4899 753 4947 utentum
777 4903 860 4949 est
889 4895 1166 4962 Christus,
1223 4909 1498 4968 tamquam
1541 4901 1750 4972 lapides
1811 4906 2084 4974 pretiosos

511 4983 645 5065 huic
673 4987 1070 5058 supemdiﬂeat
1103 5005 1117 5042 :
1153 4989 1372 5060 quando
1399 5005 1526 5046 vero
1543 5002 1624 5048 est
1656 5009 1902 5065 gressus,
1935 4993 2080 5056 hunc

515 5061 706 5132 ferculi
767 5078 1078 5148 pavimento
1141 5081 1353 5134 varium
1385 5089 1440 5136 et
1466 5083 1882 5141 floridissintum
1915 5089 2081 5156 regiis

518 5170 746 5239 pedibus
771 5180 1037 5240 praeparat
1076 5185 1368 5228 ascensum
1399 5184 1452 5230 et
1479 5177 1783 5232 secundum
1821 5182 2084 5249 apostoli-

516 5275 634 5314 cam
665 5261 1010 5316 traditioncm
1038 5261 1348 5319 viventibus
1382 5264 1594 5322 facilem
1623 5275 1678 5322 et
1709 5269 1928 5338 planum
1960 5287 2085 5339 pro-

519 5353 720 5407 fectum
741 5363 1016 5422 operatur.
1054 5351 1150 5410 Vel
1165 5354 1329 5410 etiam
1369 5356 1700 5413 ineffabilem
1721 5367 1775 5414 et
1791 5359 2084 5416 obscurum

517 5442 788 5518 designat.
823 5445 958 5502 Nam
981 5448 1104 5518 ejus
1131 5451 1223 5520 qui
1253 5450 1353 5506 sibi
1377 5451 1751 5522 placeat‘vitae
1779 5455 2084 5510 institutum

517 5536 902 5594 absconditum
919 5554 1040 5598 esse
1074 5543 1248 5612 cupit.
1285 5540 1439 5598 Unde
1485 5543 1648 5599 etiam
1683 5560 1778 5614 per
1796 5545 1895 5601 hoc
1937 5549 2084 5615 quod

631 5713 677 5744 ιτ
713 5714 752 5772 ll
781 5717 904 5775 Cor.
937 5736 1048 5790 XXI,
1078 5703 1169 5778 20'.
1281 5723 1322 5755 ιη
1361 5721 1479 5780 Act.
1514 5739 1584 5792 ις,
1625 5725 1709 5780 ιδ.

1822 5725 1868 5757 ⁸³
1907 5725 2069 5782 Prov.
2101 5743 2218 5795 \‘lll,
2251 5724 2339 5778 27.

2185 4532 2424 4600 Παύλου,
2463 4553 2482 4585 ι
2517 4533 2702 4604 Ἧμῶν
2731 4533 2789 4587 δὲ
2817 4533 2878 4586 τὸ
2913 4534 3216 4606 πολίτευμα
3276 4537 3336 4590 ὲν
3389 4537 3606 4608 οὐρανῷ
3667 4541 3773 4593 ὐπ-

2186 4627 2420 4696 άρχειοι
2458 4627 2638 4680 καὶτὸ
2683 4625 2832 4690 ἐντὸς
2895 4627 3064 4680 αὐτοῦ
3110 4627 3556 4700 λιθόστρωτον,ἡ
3610 4632 3772 4699 τιμία

2142 4713 2155 4722 “
2185 4717 2293 4770 τῶν
2319 4717 2530 4787 ἀρετῶν
2551 4718 2646 4771 καὶ
2669 4717 2809 4786 καλὴ
2840 4720 2898 4771 ὲν
2919 4717 3215 4790 ἀπορρήτῳ
3235 4718 3474 4782 διάθεσις
3497 4737 3510 4750 ο
3535 4720 3604 4784 ἃς
3639 4722 3774 4775 ὅταν

2192 4809 2290 4880 μὲν
2341 4808 2590 4880 θεμέλιος
2639 4811 2843 4864 ἐστινὸ
2878 4809 3134 4881 Χριστος,
3197 4811 3273 4874 ὡς
3321 4810 3508 4874 λίθους
3551 4813 3770 4883 τιμίους

2189 4899 2362 4971 τούτῳ
2413 4901 2788 4972 ἐποικοδομεῖο
2839 4904 2969 4956 ὅταν
2993 4901 3050 4956 δὲ
3073 4901 3228 4973 βάσις
3265 4903 3343 4972 τῷ
3387 4903 3480 4956 τοῦ
3546 4906 3768 4976 φορείου

2189 4991 2374 5058 ἐδάφει
2415 4993 2723 5064 ψηφολογῇ,
2775 4993 3026 5063 ποικίλην
3077 4995 3174 5048 καὶ
3225 4994 3636 5064 εὐανθεστάτην
3657 4999 3772 5062 τοῖς

2194 5081 2493 5152 βασιλικοῖς
2538 5083 2666 5136 ποσὶ
2725 5082 3133 5148 κατασκευάζει
3183 5083 3284 5154 τὴν
3339 5084 3626 5138 ἐπίϐασινο
3676 5089 3772 5140 καὶ

2192 5177 2302 5238 τοῖς
2333 5173 2770 5244 πολιτευομένοις
2809 5173 2954 5228 κατὰ
2993 5176 3094 5246 τὴν
3136 5175 3500 5247 ἀποστολικὴν
3534 5177 3773 5246 παράδο-

2197 5284 2300 5329 σιν,
2347 5266 2566 5336 εὐμαρῆ
2595 5266 2688 5318 καὶ
2708 5263 2858 5318 λείαν
2913 5265 3014 5336 τὴν
3062 5267 3348 5336 προκοπὴν
3379 5267 3770 5338 ἐργαζόμενος

2169 5361 2228 5432 -ῆ
2259 5361 2398 5430 τάχα
2455 5360 2548 5411 καὶ
2585 5357 2646 5410 τὸ
2675 5357 3042 5427 ἀνεπίφαντον
3063 5357 3160 5411 καὶ
3202 5358 3520 5428 ἀτράγῳδον
3577 5359 3732 5428 δηλοῖ
3754 5378 3766 5390 ο

2196 5451 2292 5520 τὴν
2317 5449 2424 5519 γάρ
2451 5446 2546 5500 τοῦ
2578 5445 2828 5516 ἐναρέτου
2850 5445 3124 5500 πολιτείαν
3152 5447 3432 5519 κρυφαίαν
3457 5444 3594 5499 εἶναι
3646 5447 3772 5516 βούκ

2196 5545 2372 5596 λεται“
2407 5540 2528 5594 ὅθεν
2567 5539 2658 5592 καὶ
2691 5537 2777 5592 διὰ
2801 5538 2894 5591 τοῦ
2923 5539 3096 5605 ἐντὸς
3128 5541 3323 5608 εἰπεῖν,
3357 5538 3416 5592 τὸ
3443 5540 3770 5611 άδημοσίευ-

2457 5725 2499 5755 *⁵ο
2535 5723 2771 5794 Philipp.
2815 5739 2894 5790 tu,
2919 5721 3011 5776 ‘20.
