3970 6296
167 312 301 379 1633

1126 284 1660 363 οοΜΜΕΝΤΑιιΠ
1707 293 1788 354 1N
1822 293 2148 357 CANTICA-
2174 295 2471 355 CANTIC.

3308 291 3445 358 1634

164 443 260 479 τον
294 420 530 492 ἐδήλωσε
594 417 694 486 τῆς
741 412 989 485 ἀρετῆς·
1025 410 1118 465 καὶ
1166 408 1387 478 ἀγάπην
1404 406 1460 459 δὲ
1495 420 1740 474 συγκατα

1891 401 2008 457 lixit
2044 404 2311 468 intimum,
2352 404 2606 459 virtutem
2634 402 2862 458 minime
2895 401 2948 457 in
3012 399 3200 473 vulgus
3260 402 3440 473 publi-

171 511 468 570 σλευάοθαι
518 510 653 578 φησι
673 509 739 577 τῇ
775 504 868 559 τοῦ
910 501 1147 572 φορείου
1204 499 1558 568 κατασκευῇ·
1584 495 1754 566 χωρὶς

165 610 275 679 γὰρ
304 604 511 675 ταύτης
551 600 705 654 οὐδὲν
746 598 857 650 τῶν
886 594 1093 648 λοιπῶν
1127 593 1342 663 ἀρετῶν
1369 589 1581 658 ὄφελος.
1625 586 1757 640 Ἀπὸ

170 676 343 763 ξύλων
367 696 426 750 δὲ
458 692 554 749 τοῦ
606 690 840 745 Λιϐάνου
886 687 1003 742 ἐστὶ
1033 686 1094 738 to
1121 686 1340 756 φορεῖον
1378 683 1441 734 ὲκ
1469 679 1578 734 τῶν
1612 676 1757 731 κατὰ

174 795 357 859 σάρκα
388 784 675 855 συγγενῶν
704 780 872 836 αὐτοῦ
921 774 1277 852 Ἰσραηλιτῶν
1299 792 1310 805 ·
1344 771 1570 834 τούθους
1594 768 1704 837 γὰρ
1729 770 1757 819 ὀ

169 884 407 942 Λίόανος
439 876 723 948 σημαίνει.

239 1061 463 1131 Φορεῖον
488 1055 597 1128 (48)
631 1050 909 1123 Σαλομὼν,
941 1049 990 1104 oi
1017 1048 1165 1116 ἆγιοι
1184 1047 1241 1098 ὲν
1264 1039 1345 1104 οἷς
1373 1039 1606 1131 Χριστὸς
1637 1039 1762 1092 ἁνα-

173 1128 440 1205 παύεται·
479 1148 611 1212 ξύλα
635 1146 693 1200 δὲ
715 1142 951 1198 Λιϐάνου
979 1141 1029 1193 οί
1059 1135 1169 1192 ἀπὸ
1213 1130 1435 1205 Ἰσραὴλ
1459 1128 1757 1203 τροπικῶς.

185 1242 324 1295 Ἀλλ’
353 1242 485 1294 ὅταν
513 1237 636 1309 μὲν,
666 1254 684 1287 ι
722 1214 1005 1302 Συντρῖϐει
1028 1227 1233 1298 Κύριος
1284 1224 1381 1285 τὰς
1414 1222 1641 1291 κέδρους
1666 1215 1761 1273 τοῦ

171 1333 414 1387 Λιϐάνου
442 1331 539 1384 καὶ
557 1325 809 1381 λεπτύνει
834 1323 1004 1385 αὐτὰς
1019 1319 1097 1383 ὼς
1124 1319 1215 1371 τὸν
1249 1316 1451 1388 μόσχον
1481 1314 1573 1366 τὸν
1594 1309 1764 1366 Λίϐα-

171 1444 289 1491 νον,
323 1445 342 1476 ι
384 1422 516 1494 περὶ
563 1420 675 1474 τῶν
712 1417 786 1490 μὴ
832 1413 1196 1486 ηρησάντων
1255 1409 1406 1477 λέγει
1448 1407 1547 1473 τὴν
1581 1402 1766 1488 θεοσε-

136 1534 151 1543 '
173 1518 329 1575 ϐείαν
358 1519 416 1569 ὲν
514 1508 997 1580 κατεφυτεύθησαν
1024 1521 1040 1537 ο
1094 1503 1224 1574 περὶ
1245 1495 1320 1556 ὧν
1353 1499 1452 1554 καὶ
1488 1496 1722 1558 Ἠσαίας
1746 1510 1761 1526 ο

181 1628 202 1662 ι
239 1609 301 1661 ’0
331 1607 387 1659 δὲ
416 1603 648 1666 Λίϐανος
696 1600 796 1652 σὺν
850 1599 965 1660 τοῖς
994 1593 1222 1665 ὑψηλοῖς
1251 1592 1502 1645 πεσεῖται
1528 1605 1541 1619 ο
1577 1607 1596 1640 ι
1633 1587 1764 1639 ὅταν

174 1699 239 1752 δὲ
276 1696 368 1752 διὰ
402 1694 503 1765 τὴν
558 1693 654 1745 τοῦ
699 1686 831 1744 ναοῦ
873 1686 1220 1755 κατασκευὴν
1264 1683 1412 1752 λέγει
1437 1680 1517 1751 τῷ
1547 1677 1767 1747 Χειρὰμ

172 1791 206 1844 ό
239 1764 525 1858 Σαλομὼν,
563 1803 582 1837 ι
612 1781 719 1836 Καὶ
756 1764 1134 1859 νῦνέντειλαι,
1174 1775 1270 1829 καὶ
1315 1771 1639 1843 κοψάτωσάν
1671 1785 1763 1839 μοι

176 1883 317 1948 ξύλα
343 1880 437 1934 τοῦ
470 1865 728 1943 Λιϐάνου,
755 1894 774 1928 ι
806 1872 937 1944 περὶ
966 1870 1075 1925 τῶν
1109 1865 1533 1938 ἀναφερομένων
1553 1865 1580 1918 ό
1609 1862 1768 1931 λόγος

176 1974 279 2027 ἐπὶ
330 1970 430 2041 τὴν
486 1963 862 2038 πνευματικὴν
888 1963 953 2015 ὲκ
980 1958 1148 2013 λίθων
1201 1955 1420 2022 ζώντων
1459 1950 1770 2023 οἰκοδομὴν,

178 2064 296 2124 τοῖς
336 2059 474 2126 ζῶσι
500 2057 673 2121 λίθοις
723 2045 1133 2122 ἀναλογοῦντων
1180 2048 1390 2116 ξύλων·
1424 2045 1501 2106 ὡς
1540 2043 1598 2097 δὲ
1625 2042 1772 2113 λόγῳ

177 2150 596 2224 κεκοσμημένοι
645 2146 911 2219 ἀργύριον
978 2142 1251 2210 λέγονται.
1279 2137 1400 2192 Εἰσὶ
1427 2136 1485 2190 δὲ
1512 2134 1605 2188 καί
1645 2133 1775 2187 ἀνά-

179 2245 370 2299 κλιτον
396 2240 491 2297 τοῦ
516 2237 933 2309 ἀναπαυομένου
957 2234 1144 2303 λόγου,
1171 2230 1268 2286 καὶ
1299 2228 1514 2301 ἔχοντος
1541 2224 1643 2279 ποῦ
1673 2226 1771 2297 τὴν

180 2336 437 2407 κεφαλὴν
482 2333 661 2387 κλῖναι
689 2346 704 2360 ’
742 2330 804 2385 τὸ
843 2328 899 2383 δὲ
926 2325 1153 2399 χρυσίον
1180 2324 1210 2376 ὁ
1237 2321 1382 2386 νοῦς.
1426 2318 1693 2390 Ὀπηνίκα
1720 2316 1778 2369 δὲ

180 2429 351 2501 τυχὸν
372 2430 403 2482 ὁ
433 2424 645 2488 Παῦλος
705 2422 814 2477 ἀπὸ
839 2420 947 2475 τῶν
969 2421 1027 2473 ὲν
1044 2419 1166 2480 ταῖς
1191 2412 1546 2486 περιστάσεσι
1594 2409 1778 2479 καμά-

1863 493 2094 575 caudam
2132 510 2257 551 esse
2291 494 2637 564 significavit.
2670 494 2813 560 Quin
2841 504 2894 548 et
2920 492 3246 548 charitatem
3276 492 3440 548 Simul

1857 597 1981 636 cum
2036 582 2227 637 ferculi
2258 592 2537 639 structura
2589 590 2926 637 exstructam
2980 595 3103 636 esse
3131 581 3254 636 ait:
3315 595 3441 634 nam

1860 675 1978 731 sine
2010 675 2112 728 hac
2138 682 2463 728 ca'teraruzn
2502 675 2772 729 viitntum
2802 670 2953 727 nulla
2991 683 3075 728 est
3098 672 3331 728 utilitas.
3366 672 3444 726 Ex

1862 765 2023 840 lignis
2094 780 2260 834 porro
2291 764 2479 819 Libani
2513 775 2593 820 est
2635 765 2925 826 ferculum,
2958 778 3022 818 ex
3056 763 3147 825 iis,
3182 763 3438 832 inquam,

1862 856 1953 927 qui
1983 856 2285 912 secundum
2317 871 2538 911 carnem
2581 857 2799 924 cognati
2834 863 2963 909 sunt
3011 853 3386 910 lsraelitarum
3426 869 3442 906 :

1867 949 1966 1003 hos
1995 950 2139 1003 enim
2170 946 2413 1003 Libanus
2441 946 2734 1016 significat.
2944 942 2949 949 “

1949 1043 2213 1098 Philonis.
2239 1074 2308 1084 —
2331 1042 2622 1098 Ferculum
2663 1040 2972 1096 Salomonis
3008 1049 3135 1097 sunt
3161 1039 3362 1103 sancti,
3392 1039 3447 1092 in

1863 1136 2063 1207 quibus
2092 1135 2350 1191 Christus
2405 1134 2742 1206 requiescit,
2777 1133 2922 1203 ligna
2959 1147 3088 1187 vero
3117 1130 3307 1185 Libani
3362 1131 3450 1186 ls-

1864 1229 2101 1291 raelitaa,
2137 1243 2237 1297 per
2266 1228 2516 1298 figuram.
2566 1225 2673 1281 Sed
2709 1224 3191 1296 quandoquidem:
3233 1242 3251 1275 ι
3299 1222 3449 1279 Con-

1866 1319 2064 1391 fringet
2123 1318 2391 1375 Dominus
2437 1318 2633 1375 cedros
2672 1318 2869 1373 Libani
2901 1324 2957 1372 et
2990 1317 3326 1372 comminuet
3354 1331 3451 1385 eas

1867 1421 2126 1482 tanquam
2165 1410 2396 1465 vitulum
2435 1409 2628 1465 Libani
2658 1410 2729 1473 υ,
2761 1409 2828 1464 de
2863 1408 2932 1464 iis
2959 1407 3053 1477 qui
3082 1423 3191 1462 non
3227 1413 3452 1473 servant

1867 1503 2186 1574 religionem
2245 1503 2301 1557 in
2370 1516 2474 1573 qua
2542 1502 2771 1573 plantati
2822 1501 3056 1556 fuerant.
3116 1497 3192 1554 De
3249 1498 3453 1569 quibus

1866 1597 2032 1653 etiam
2080 1596 2254 1652 Isaias
2282 1596 2396 1650 ait:
2432 1615 2448 1648 ι
2486 1596 2729 1651 Libanus
2781 1600 2962 1650 autem
3024 1607 3147 1648 cum
3213 1590 3449 1645 excelsis

1868 1690 2042 1747 Cedar
2064 1692 2132 1746 ".
2165 1709 2183 1741 ι
2218 1689 2453 1757 Quando
2496 1696 2681 1743 autem
2717 1695 2941 1758 prepter
2973 1684 3161 1753 templi
3187 1680 3452 1736 fabricam

1873 1785 2007 1841 dicit
2049 1784 2117 1839 ad
2142 1784 2364 1841 Chiram
2413 1781 2673 1836 Salomon
2725 1798 2739 1835 :
2799 1799 2818 1832 ι
2860 1777 2923 1832 Et
2954 1791 3101 1833 nunc
3132 1775 3352 1839 manda,
3402 1779 3456 1827 et

1875 1879 2091 1933 cmdant
2144 1878 2277 1932 mihi
2308 1877 2456 1947 ligna
2491 1875 2561 1931 de
2597 1873 2893 1937 Libano“,
2930 1891 2948 1925 ι
2980 1883 3162 1928 sermo
3188 1876 3271 1924 est
3295 1866 3363 1921 dc
3388 1867 3458 1922 iis

1874 1987 1997 2043 qua:
2061 1969 2128 2025 ad
2174 1968 2467 2025 aedificium
2517 1965 2800 2037 spirituale
2851 1979 2916 2019 ex
2975 1963 3113 2018 vivis
3167 1961 3444 2030 lapidibus

1882 2063 2193 2119 referentur
2224 2063 2370 2133 ligna
2403 2060 2543 2115 vivis
2571 2056 2847 2129 lapidibus
2889 2055 3331 2126 proportiouata.
3368 2051 3458 2106 Si-

1873 2162 1967 2210 cut
2027 2163 2206 2209 autem
2281 2153 2496 2211 ratione
2560 2148 2738 2203 ornati
2791 2154 3080 2217 argentum
3150 2145 3457 2201 dicuntur:

1875 2246 2011 2317 quin
2090 2246 2256 2302 etiam
2339 2252 2470 2300 sunt
2562 2239 2975 2296 reclinatorium
3054 2234 3461 2306 requiescentis

1877 2337 2039 2394 Verbi
2075 2336 2409 2393 et‘habentis
2440 2335 2533 2390 ubi
2556 2342 2721 2404 caput
2753 2333 3021 2389 reclinet:
3054 2344 3250 2385 aurum
3279 2336 3463 2383 autem

1880 2444 2033 2485 mens
2060 2435 2164 2484 est.
2200 2426 2431 2494 Quando
2466 2433 2647 2481 autem
2693 2423 2840 2480 forte
2890 2421 3095 2477 Paulus
3126 2435 3197 2475 ne
3230 2419 3299 2473 ab
3326 2426 3463 2473 aestu

182 2538 300 2577 των
329 2521 405 2592 μὴ
432 2515 651 2588 νικηθῇ,
682 2512 847 2569 οἱονεί
894 2528 1001 2565 τινι
1048 2508 1197 2580 βαφῇ
1248 2504 1428 2576 ἐαυτῷ
1488 2501 1775 2574 πορίζεται

1891 2521 1937 2576 in
1983 2519 2248 2591 periculis
2335 2519 2678 2584 vinceretur,
2726 2515 2887 2586 quasi
2936 2514 3175 2568 tinctura
3223 2509 3462 2581 quadam

192 2612 525 2682 νηχόμενος·
561 2607 877 2679 πρέπουσαν
910 2599 1194 2674 πορφύραν
1209 2596 1287 2669 τῷ
1313 2598 1369 2650 ὲν
1397 2594 1545 2666 αὐτῷ
1572 2592 1777 2665 βασιλεῖ

1891 2611 2135 2666 imbutus
2191 2619 2475 2679 comparat
2540 2607 2643 2662 sibi
2698 2619 3000 2676 purpuram
3027 2608 3460 2673 .congruentem

183 2706 341 2774 λόγῳ
369 2701 706 2774 ὲντρυφῶντι
735 2700 799 2769 τῇ
827 2696 937 2750 τῶν
961 2691 1277 2749 ἀποστόλων
1303 2688 1442 2760 περὶ
1484 2686 1585 2749 τὰς
1622 2702 1781 2756 περι-

188 2796 417 2859 στάσεις
438 2793 706 2863 ὑπομονῇ·
732 2788 793 2842 τδ
809 2787 867 2841 δὲ
892 2789 950 2840 ὲν
967 2785 1079 2848 τοῖς
1112 2780 1208 2836 τοῦ
1233 2780 1456 2851 φορείου
1484 2778 1784 2848 λιθόστρω-

1882 2701 1950 2757 ad
1999 2714 2291 2756 ascensum
2335 2713 2525 2753 eormn
2583 2711 2706 2766 qua:
2753 2697 2808 2750 in
2847 2710 2907 2750 se
2963 2701 3093 2747 sunt
3130 2691 3258 2761 [legi
3286 2688 3468 2745 Verbo

1883 2791 2166 2847 delicianti
2210 2790 2266 2844 in
2321 2788 2581 2860 patientia
2643 2786 3020 2856 apostolorum
3077 2782 3134 2837 in
3185 2780 3466 2851 periculis.

185 2906 283 2946 τον
313 2888 610 2957 ἑστρωται,
643 2882 702 2947 es
727 2873 802 2936 ὧν
824 2879 1059 2940 ἕκαστος
1114 2873 1295 2945 ἑαυτῷ
1348 2870 1574 2939 συνάγει
1618 2868 1777 2921 λίθων

1891 2881 2165 2937 lnternum
2201 2888 2380 2934 autem
2432 2877 2627 2957 ferculi
2670 2875 2943 2948 lapidibus
2997 2881 3249 2935 stratum,
3278 2884 3308 2923 e
3341 2871 3470 2940 qui-

185 2980 396 3053 τιμίων
417 2952 827 3069 ’ἐπιοικοδομῶν
858 2968 1059 3043 χρυσον
1098 2967 1338 3039 ἄργυρον
1376 2963 1470 3018 καὶ
1497 2961 1679 3025 λίθους
1704 2977 1777 3014 τι·

1891 2975 1993 3031 bus
2023 2973 2403 3044 unusquisque
2441 2952 2738 3040 congregat
2784 2968 2889 3023 sibi
2924 2966 2989 3022 ad
3027 2964 3323 3022 aediﬁcium
3373 2979 3471 3020 at:-

190 3073 385 3146 μίους.

266 3180 604 3252 Κυριλλου.
626 3208 691 3224 --
716 3176 779 3230 Ἥ
803 3171 1150 3246 πνευματικὴ
1171 3171 1228 3225 δὲ
1256 3169 1526 3239 συνάφεια
1553 3164 1782 3219 νοείσθω

163 3276 450 3350 ’χρυσίον,
472 3274 508 3343 ὴ
533 3270 691 3339 τιμία
713 3268 809 3323 καὶ
828 3266 949 3321 θεῖα
966 3283 980 3298 ·
1014 3263 1110 3319 καὶ
1128 3262 1228 3334 τὴν
1258 3259 1403 3315 κατὰ
1440 3258 1542 3329 τὴν
1576 3256 1784 3327 ἔρημον

345 3364 582 3419 κιϐωτὸν
604 3359 805 3415 ἔσωθεν
840 3359 935 3413 καὶ
966 3357 1190 3422 ἔξωθεν,
1239 3352 1461 3425 χρυσίον
1480 3348 1783 3419 ὑπείληφεν

189 3463 278 3523 είς
310 3456 616 3528 ἐμφάνειαν
644 3451 745 3522 τῆς
770 3450 918 3513 θείας
944 3446 1198 3510 ⁴ἑνώσεως
1227 3464 1243 3478 ο
1274 3442 1543 3498 ἐπιϐαίνει
1571 3440 1628 3493 δὲ
1664 3457 1789 3508 nop-

193 3550 359 3621 φύρα
388 3545 465 3617 τῷ
494 3543 691 3615 πλήθει
718 3541 825 3595 τῶν
863 3541 943 3604 είς
992 3537 1266 3609 βασιλείαν
1298 3534 1629 3606 κληθέντων.
1654 3529 1786 3584 ,Ἐπ’

189 3644 267 3698 ἂν
297 3641 365 3697 δέ
398 3656 483 3702 τις
538 3635 826 3704 πιστεύσῃ,
870 3632 1083 3702 δέχεται
1116 3631 1184 3700 τῇ
1209 3627 1406 3699 καρδία
1444 3624 1699 3693 Χριστὸν,
1730 3623 1790 3684 ὃς

194 3738 326 3787 ὲστι
356 3730 537 3800 τίμιος
577 3725 923 3797 μαργαρίτης
946 3736 958 3749 ⁸
996 3719 1132 3774 ἀλλὰ
1162 3717 1341 3772 καὶτὸ
1364 3714 1579 3786 φορείόν
1623 3729 1786 3783 φησιν

195 3829 271 3880 ἐκ
301 3822 419 3875 τῶν
465 3818 780 3887 θυγατέρων
833 3813 1150 3884 πεποίηται,
1179 3810 1281 3880 τῆς
1312 3806 1667 3879 Ἰερουσαλὴμ
1697 3805 1786 3858 διὰ

199 3918 386 3988 μόνην
405 3912 626 3981 ἀγάπην
652 3925 667 3941 ’
694 3906 837 3964 οὕτω
864 3905 974 3975 γὰρ
1007 3904 1293 3975 ἠγάπησεν
1319 3902 1347 3953 ό
1376 3899 1508 3962 Θεὸς
1553 3896 1645 3950 τὸν
1690 3896 1785 3951 κό-

198 4024 376 4081 σμον,
403 4005 544 4062 ὥστε
570 4004 663 4059 τὸν
694 3998 954 4072 μονογενῆ
974 3995 1140 4052 αὑτοῦ
1166 3992 1488 4049 ἀπέστειλεν
1517 3990 1667 4056 Υἰὺν,
1701 3989 1792 4043 ἵνα

197 4100 387 4165 πᾶς,ό
415 4095 687 4152 πιστεύων
730 4096 822 4157 είς
881 4089 1044 4145 αὑτὸν
1078 4089 1154 4160 μὴ
1208 4086 1503 4156 ἀπόληται,
1538 4082 1654 4138 ἀλλ’
1693 4082 1794 4155 ἔχῃ

198 4193 365 4262 ζωὴν
395 4189 633 4243 αἰώνιον.

285 4281 383 4338 ια’.
411 4281 715 4346 egenam
734 4276 832 4333 καί
863 4277 1043 4341 ἴδετε,
1068 4271 1384 4343 θυγατέρες
1411 4269 1584 4336 Σιὼν,
1618 4268 1690 4322 ἐν
1712 4267 1793 4333 τῷ

196 4374 473 4445 ,ϐασιλεῖ
519 4371 826 4440 Σαλομὼν,
857 4369 926 4423 ἐν
956 4366 1037 4432 τῷ
1060 4364 1342 4434 στεφάνῳ
1372 4356 1421 4430 ᾧ
1446 4358 1789 4429 ἐστεφάνω-

1808 3064 1854 3129 C
1888 3081 2030 3131 rum,
2062 3070 2348 3135 argentum
2369 3071 2423 3116 et
2446 3059 2652 3131 lapides
2685 3059 2977 3130 pretiosos.

1959 3177 2174 3249 Cyrilli.
2212 3173 2597 3247 ——Spiritalis
2661 3186 2827 3243 porro
2897 3169 3213 3242 coniunctio
3275 3184 3470 3229 aurum

1868 3267 2260 3345 intelligatur,
2322 3273 2508 3335 utpote
2540 3265 2779 3334 pretiosa
2810 3268 2865 3317 et
2893 3262 3100 3317 divina.
3155 3261 3366 3322 Etenim
3409 3262 3465 3322 in

1888 3360 2107 3416 deserto
2158 3356 2355 3414 arcam'
2392 3358 2541 3412 intus
2580 3363 2635 3413 et
2689 3353 2825 3410 foris
2865 3368 3060 3408 aurum
3109 3351 3458 3423 excipiebat,

1890 3455 1957 3508 ad
2015 3450 2513 3508 manifestationem
2576 3448 2775 3503 divinae
2833 3445 3078 3503 uniouis.
3131 3441 3468 3514 Supervenit.

1889 3561 2021 3602 vero
2072 3558 2317 3617 purpura
2361 3540 2700 3597 multitudini
2731 3552 2924 3594 eorum
2974 3536 3070 3608 qui
3125 3534 3192 3590 ad
3244 3549 3471 3605 regnum

1892 3632 2069 3687 vocati
2120 3639 2272 3686 sunt.
2305 3627 2544 3695 Quando
2601 3636 2781 3681 autem
2849 3625 2977 3691 quis
3041 3624 3239 3688 credit,
3306 3621 3474 3677 corde

1891 3721 2430 3799 Christumaccipit,
2474 3719 2569 3789 qui
2613 3725 2698 3774 est
2733 3716 3028 3787 margarita
3060 3715 3302 3789 pretiosa
3334 3732 3347 3768 :
3377 3712 3474 3768 sed

1891 3823 1946 3871 et
1988 3813 2277 3876 ferculum,
2313 3811 2515 3883 inquit,
2547 3825 2615 3865 ex
2653 3808 2870 3865 ﬁliabus
2904 3804 3112 3861 factum
3146 3803 3472 3869 Jerusalem,

1895 3897 1992 3977 per
2055 3904 2227 3960 solam
2283 3902 2656 3957 charitatem:
2701 3918 2720 3950 ι
2762 3898 2854 3953 Sic
2900 3898 3046 3952 enim
3104 3895 3248 3952 Deus
3285 3894 3480 3957 dilexit

1895 3998 2158 4055 mundum
2186 4035 2202 4061 ,
2256 4002 2318 4050 ut
2366 3992 2567 4048 Filium
2606 4005 2768 4046 suum
2804 3987 3146 4058 unigenitum
3182 3987 3372 4046 daret:
3419 3997 3478 4041 ut

1895 4087 2207 4158 omnisqui
2245 4086 2421 4142 credit
2448 4085 2504 4139 in
2552 4098 2675 4139 eum
2728 4095 2836 4136 non
2874 4087 3098 4151 pereat,
3147 4077 3246 4142 sed
3286 4078 3484 4135 habeat

1895 4185 2062 4240 vitam
2091 4189 2357 4236 aeternam
2388 4179 2453 4211 “°
2498 4196 2518 4231 ι

1970 4272 2133 4327 Vens.
2160 4271 2248 4325 Η.
2293 4266 2455 4323 Filia:
2495 4266 2648 4333 Sion,
2681 4264 2992 4337 egredimini
3018 4273 3069 4320 et
3114 4264 3387 4319 intuemini
3427 4264 3487 4319 in

1903 4379 2072 4434 regem
2122 4362 2499 4424 Salomonem,
2556 4360 2614 4412 in
2649 4373 2845 4411 corona
2899 4372 3006 4426 qna
3050 4357 3322 4411 coronavit
3367 4373 3486 4411 eum

202 4487 335 4527 σεν
360 4466 549 4521 αὑτὸν⁴
572 4466 613 4533 ἢ
633 4463 831 4534 μήτηρ
868 4459 1055 4515 αὑτοῦ
1080 4459 1151 4511 ἐν
1170 4455 1362 4525 ήμέρςι
1406 4454 1777 4534 νυμφεύσεωι

1910 4464 2080 4510 mater
2124 4452 2273 4523 ejus,
2312 4453 2366 4505 in
2421 4452 2506 4505 die
2554 4449 2975 4523 desponsationis
3008 4447 3185 4532 illius,
3223 4458 3273 4502 et
3323 4449 3375 4503 in
3404 4447 3489 4502 die

204 4559 438 4625 αὐτοῦ,
491 4556 594 4610 καί
634 4554 921 4625 ὲνῆμέρᾳ
965 4549 1358 4620 εὐφροσύνης
1403 4545 1649 4615 καρδίας
1691 4547 1799 4599 αὺ-

205 4671 625 4808 τοῖξυρέλλου.
657 4766 728 4779 -—
769 4733 859 4801 Ἐξ
911 4731 1080 4787 ἐθνῶν
1142 4727 1460 4800 Ἐκκλησία,
1513 4726 1650 4797 φησὶ
1702 4725 1799 4793 τὸ,

131 4816 134 4819 Δ
224 4830 517 4899 Ἐξέλθετε
540 4829 636 4882 καὶ
658 4828 817 4881 ίδετευ
847 4828 1057 4897 ἡμέραν
1075 4823 1133 4877 δὲ
1149 4823 1528 4892 νυμφεύσεως,
1550 4820 1649 4888 τὴν
1678 4817 1810 4888 ἠμέ-

1909 4550 2111 4604 lwtitia:
2139 4546 2316 4601 cordis
2348 4543 2486 4615 ejus.

1987 4726 2294 4798 Cyrilri.—
2337 4721 2468 4790 Quae
2523 4737 2591 4776 ex
2651 4719 2906 4791 gentibus
2965 4726 3049 4774 est
3113 4715 3356 4773 Ecclesia
3416 4717 3492 4771 ait

1919 4820 2053 4875 illud
2083 4838 2097 4874 :
2126 4815 2461 4888 Egredimini
2492 4824 2543 4869 et
2582 4812 2875 4868 intuemini
2908 4851 2924 4876 ,
2972 4811 3118 4866 diem
3150 4819 3331 4864 autem
3395 4812 3493 4865 de-

212 4942 333 4995 ραν
390 4921 487 4975 τοῦ
534 4921 740 4984 πάθους
790 4919 981 4974 καλεῖ*
1018 4916 1139 5001 καθ’
1163 4915 1233 4987 ἢν
1287 4913 1666 4985 ὲνυμφεύσατο
1711 4910 1777 4982 τὴ

1919 4909 2293 4982 sponsalionis
2319 4913 2480 4961 vocat
2514 4905 2657 4960 diem
2692 4903 2983 4975 passionis,
3007 4904 3061 4956 in
3094 4918 3200 4972 qua
3237 4916 3340 4957 suo
3367 4917 3496 4956 san-

227 5012 573 5083 Ἐκκλησίαν
589 5010 678 5065 διὰ
700 5008 794 5063 τοῦ
812 5008 1049 5078 αἵματος
1075 5002 1268 5059 αὑτοῦ.

296 5105 596 5170 Φίλωνος.
616 5132 690 5144 -—-
728 5100 1025 5166 Ἐξὲλθετε,
1058 5097 1215 5168 φησὶ,
1248 5095 1346 5166 τῆς
1381 5093 1582 5157 κακίας
1598 5092 1692 5146 τοῦ
1723 5092 1811 5145 νόο

221 5195 534 5269 μουιτδετε
592 5194 829 5264 Χριστὸν
872 5191 967 5245 καὶ
1017 5191 1110 5244 τὸν
1159 5188 1220 5255 ἐξ
1255 5186 1508 5242 ἀκανθῶν
1548 5186 1812 5254 στέφανον

1920 5003 2086 5073 guine
2117 4997 2424 5053 Ecclesiam
2458 4993 2567 5049 sibi
2604 4993 2979 5063 desponsavit.

1993 5089 2259 5146 Philonis.
2282 5117 2349 5129 —-
2393 5084 2750 5158 Egredimini,
2787 5084 3004 5154 inquit,
3040 5097 3070 5137 a
3101 5081 3309 5137 malitia
3338 5081 3498 5151 legis,

1930 5182 2217 5240 intuemini
2247 5179 2532 5235 Christum
2568 5191 2634 5231 ac
2694 5176 2941 5245 spineam
2987 5188 3249 5229 coronam
3274 5213 3290 5239 ,
3334 5186 3497 5242 quam

217 5264 286 5344 ἐν
314 5286 591 5357 ἐπέθηκεν
628 5285 778 5355 αὐτῷ
798 5286 832 5355 ἡ
866 5281 1184 5352 Συναγωγὴ,
1208 5279 1267 5347 ἐξ
1291 5274 1360 5353 ἦς
1383 5278 1445 5333 τὸ
1468 5279 1610 5353 κατᾶι
1640 5278 1777 5348 σάρκ

1931 5276 2193 5348 imposuit
2240 5273 2290 5329 ei
2334 5270 2619 5342 Synagoga
2642 5312 2658 5339 ,
2692 5284 2759 5325 ex
2787 5282 2892 5340 qua
2940 5264 3246 5323 secundum
3277 5277 3501 5321 carnem

303 5470 357 5504 ⁶²
390 5466 561 5530 Psal.,
596 5479 793 5529 xxvm,
828 5461 884 5517 6.
983 5461 1028 5495 θ’
1065 5458 1170 5515 lsa.
1206 5475 1260 5524 κ,
1327 5458 1434 5515 54..
1515 5456 1680 5520 ⁸³111,
1711 5412 1777 5511 Ri

1891 5472 1943 5524 ν,
1971 5457 2024 5511 6.
2102 5452 2149 5487 ⁸⁵
2177 5450 2334 5506 Joan.
2362 5461 2460 5512 νη,
2498 5448 2592 5505 i6.

1757 5594 1992 5653 NOTAE.

312 5734 427 5804 μδ)
484 5730 705 5801 thapsia;
766 5720 1026 5793 Σαλομὼν
1073 5746 1144 5762 —-
1199 5716 1380 5780 λίθους
1440 5714 1653 5788 τιμίους
1706 5730 1777 5770 ευ

1891 5713 2120 5769 ηιίῐοιιῑε
2142 5711 2194 5764 in
2223 5707 2380 5764 CVB.
