3950 6294
481 243 617 308 1639

1773 225 2121 301 PROCOPII
2151 235 2396 302 GAzzEt

3474 264 3478 269 ο
3588 229 3733 296 16ἰο

552 356 768 428 Cyrilli.
805 385 876 396 -—
909 332 1196 410 Silentium
1247 353 1422 424 ipsius
1475 352 1748 422 significat
1794 352 2058 406 obedien—

2233 353 2557 420 Κυρίλλου.
2595 377 2665 389 —-
2703 347 2766 402 Ἦ
2812 345 2991 416 σιωπὴ
3023 344 3194 414 αὐτῆς
3223 343 3476 415 σημαίνει
3507 344 3606 414 τὴν
3655 347 3745 406 είς

481 451 611 504 tiam
639 447 706 502 ad
735 443 1108 516 omnia,juxta
1138 443 1268 498 illud
1291 462 1335 498 ιι
1363 441 1505 498 Tace
1535 449 1591 498 et
1623 440 1778 527 audi,
1813 439 2002 497 lsr:.el.
2029 462 2049 494 ι

549 626 730 681 Coum:
768 615 872 679 tum
903 623 1034 678 sicut
1049 636 1223 692 greges
1255 636 1536 694 caprarum
1567 635 1684 690 qua:
1728 629 1852 674 sunt
1891 635 2056 675 τενεῖς

445 701 456 719 ’
487 734 560 772 scr
605 721 669 770 de
725 724 898 770 monte
925 713 1152 770 Calaad.
1859 724 1862 727 '

554 807 811 881 Gregorii.
845 835 912 852 -—
940 805 1042 858 Per
1078 806 1190 858 hazc
1219 803 1410 859 virtuti
1435 809 1804 857 consentanea
1839 803 2059 858 vivendi

484 903 627 955 ratio
645 899 900 954 laudatur
931 915 945 954 :
980 912 1102 951 nam
1123 911 1220 966 per
1243 896 1426 950 crines
1443 893 1625 948 omnis
1654 893 1836 948 vitalis
1867 907 2062 949 sensus

482 996 756 1059 expertes,
789 989 1034 1041 insinuat
1077 1001 1175 1042 cos
1213 985 1307 1056 qui
1353 985 1520 1039 rebus
1563 983 1904 1054 spiritalibus
1932 983 2064 1038 dant

483 1093 730 1148 operam,
769 1078 919 1132 nullo
965 1091 1146 1132 rerum
1191 1075 1594 1130 mundanarum
1631 1089 1798 1130 sensu
1833 1073 2060 1138 moveri,

487 1185 662 1240 neque
690 1183 885 1223 vanam
926 1168 1179 1234 gloriam,
1218 1181 1394 1235 neque
1426 1167 1666 1230 divitias,
1699 1181 1876 1236 neque
1907 1165 2065 1232 quiil-

487 1269 650 1331 quam
704 1259 850 1314 aliud
881 1259 1043 1328 hujus
1085 1259 1211 1312 vitae
1249 1258 1515 1312 attonitos
1563 1256 1844 1312 admirari.
1880 1255 2064 1324 Capil-

493 1355 670 1408 litium
727 1353 1031 1421 enim-pro
1087 1352 1394 1406 velamento
1457 1349 1778 1403 mulieribus
1830 1348 2063 1412 datum,

485 1447 640 1514 juxta
657 1440 1131 1512 Ap0.~l0illnl"'”,
1155 1448 1209 1496 et
1231 1439 1558 1496 verecundia
1582 1438 1951 1509 pudicitiaque
1973 1439 2060 1492 in-

491 1536 758 1606 lelligilur
809 1549 918 1588 una
955 1549 1078 1587 cum
1131 1531 1549 1586 mortiﬁcatione
1587 1545 1708 1598 quae
1753 1530 1808 1584 in
1861 1528 2066 1584 mundo

489 1630 596 1676 est.
629 1619 872 1690 Capillus
899 1621 1042 1674 enim
1089 1633 1288 1673 sensus
1319 1633 1516 1688 expers
1555 1625 1659 1672 est.
1692 1616 1848 1685 Quod
1880 1625 2062 1672 autem

490 1685 725 1780 propter.
745 1709 1066 1778 capillorum
1093 1685 1498 1774 excellentiam,
1522 1723 1647 1762 cum
1679 1708 1938 1778 gregibus
1969 1721 2062 1762 ca-
2090 1685 2138 1744 Β

491 1815 714 1870 prarum
756 1800 824 1854 de
855 1797 1063 1854 Galaad
1097 1799 1355 1855 revelatis
1403 1809 1759 1868 comparetur
1783 1797 1910 1862 ,.ita
1947 1805 2062 1851 sta-

489 1892 751 1946 tuendum
792 1900 878 1946 est
903 1901 907 1904 ‘
929 1905 998 1947 ex
1021 1890 1358 1961 conjectura.
1383 1889 1589 1960 Nempe
1614 1889 1756 1944 sicut
1779 1889 1845 1943 de
1875 1887 2062 1943 Libani

490 1985 660 2055 lignis
690 1987 744 2040 in
781 1999 975 2039 aurum
1028 1992 1084 2038 et
1127 1993 1411 2055 argentum
1451 1983 1863 2055 purpuramque
1907 1995 2058 2036 como

494 2076 718 2129 mutatis
771 2073 1040 2130 ferculum
1088 2075 1194 2130 sibi
1247 2089 1341 2128 rex
1392 2073 1669 2140 coniecit,
1735 2073 1809 2128 ita
1859 2073 2062 2128 bonum

497 2177 770 2236 pastorem
809 2165 1050 2236 acceptis
1084 2181 1374 2236 caprarum
1404 2165 1660 2236 gregibus
1684 2177 1846 2220 nosse
1881 2163 2064 2233 capri-

495 2258 565 2311 lia
595 2256 797 2312 montis
823 2255 1036 2310 Galaad
1065 2257 1120 2310 in
1150 2256 1315 2311 ovilia
1357 2264 1698 2310 commutare
1731 2271 1747 2307 :
1779 2255 1927 2324 atqui
1963 2254 2066 2310 hoc

493 2347 666 2402 exteri
699 2347 899 2402 montis
933 2361 1131 2402 nomen
1163 2355 1250 2402 est
1283 2347 1448 2402 talem
1485 2347 1716 2416 gratiam
1749 2346 2062 2412 revelautis,

495 2448 551 2490 et
591 2437 668 2490 illi
707 2437 798 2506 qui
830 2452 898 2492 ex
938 2437 1196 2507 gentibus
1238 2435 1442 2491 bonum
1477 2436 1628 2490 illum
1663 2445 1938 2508 pastorem
1977 2453 2065 2493 se-

459 2529 608 2604 _c.uti
644 2536 795 2592 sunt,
851 2529 904 2581 in
953 2537 1150 2582 ornatu
1207 2541 1423 2598 sponsa:
1467 2527 1790 2598 capillorum
1845 2527 2068 2582 nomine

493 2629 842 2685 censeantur,
896 2635 990 2690 per
1017 2635 1155 2690 quos
1190 2620 1451 2690 pudicitia
1481 2630 1535 2676 et
1573 2621 1767 2692 pudor,
1807 2630 1860 2675 et
1889 2619 2067 2675 contie

497 2714 682 2766 nentia
737 2713 988 2782 corporis
1043 2713 1384 2784 intelligitur.
1441 2711 1720 2768 Fortassis
1771 2721 1953 2766 autem
2013 2720 2068 2768 et

497 2805 645 2860 ﬁlias
694 2805 894 2875 aliquid
946 2805 1103 2860 nobis
1135 2805 1208 2860 ad
1242 2805 1384 2861 hanc
1429 2819 1721 2875 caprarum
1753 2805 2070 2860 considera-

496 2899 701 2952 tionem
732 2897 1000 2963 eoul‘erct,
1024 2898 1117 2968 qui
1151 2899 1315 2968 longo
1340 2906 1586 2967 tempore
1617 2903 1875 2952 versatus
2011 2897 2067 2951 in

498 2995 686 3044 monte
731 2987 936 3043 Calaatl
973 2989 1207 3056 insignia
1261 2989 1386 3041 vitae
1434 2985 1772 3042 continentis
1817 2985 2065 3054 exempla

498 3075 731 3147 praebuit
767 3095 780 3132 :
815 3079 990 3134 forma
1026 3077 1335 3148 squalidus,
1371 3077 1589 3149 capillis
1618 3077 1886 3142 hirsutus,
1929 3075 2068 3147 pelle

499 3185 680 3240 caprae
714 3178 912 3224 tectus.
947 3169 1133 3238 Itaque
1155 3185 1348 3226 omnes
1380 3177 1648 3240 quotquot
1669 3169 1736 3224 ad
1759 3169 2066 3238 exemplum

505 3250 784 3331 pronbettc
817 3263 966 3318 illius
1009 3262 1176 3316 vitam
1225 3262 1380 3318 suam
1421 3261 1738 3327 instituunt,
1778 3275 2068 3316 ornamen-

504 3365 622 3408 tum
689 3355 951 3414 Ecclesiaa
1008 3355 1142 3410 ﬁunt
1181 3355 1334 3424 juxta
1393 3353 1812 3426 philosophandi
1864 3367 2070 3408 morem

501 3444 596 3512 qui
631 3443 743 3515 jam
777 3445 1024 3510 invaluit,
1060 3444 1311 3498 virtutem
1348 3447 1406 3498 in
1435 3443 1848 3499 conversatione
1880 3454 2069 3496 mutua

504 3537 769 3594 colentes.
811 3537 964 3608 Quod
997 3547 1175 3590 autem
1205 3537 1270 3591 de
1299 3534 1502 3590 Galaad
1540 3534 1852 3604 hujusmodi
1883 3547 2072 3604 greges

508 3628 836 3692 revelentur,
879 3627 931 3682 id
963 3627 1284 3682 miraculum
1321 3634 1502 3696 auget,
1539 3624 1978 3694 nimirum‘quod
2005 3641 2072 3679 ex

502 3719 724 3773 ethnica
767 3719 889 3773 vita-
923 3720 990 3774 ad
1032 3733 1212 3772 veram
1250 3717 1343 3791 Dei
1377 3717 1772 3790 pliilosOpbiam
1823 3716 2074 3772 conversi

508 3811 703 3866 simus.
733 3807 841 3866 Nec
862 3811 1011 3867 enim
1043 3794 1236 3864 a'Sion
1269 3818 1452 3864 monte
1472 3818 1667 3865 sancto
1715 3809 1836 3878 ejus
1872 3807 2074 3862 factum

505 3908 591 3956 est
625 3900 944 3971 huiusmodi
978 3900 1101 3954 vitae
1135 3901 1374 3966 initium,
1405 3899 1498 3956 sed
1520 3899 1735 3954 addicta
1764 3899 2076 3955 simulacris

510 3995 655 4048 natio
680 4002 965 4066 tantopere
987 3993 1148 4048 vitam
1172 4007 1326 4047 suam
1354 3991 1682 4057 immutavit,
1707 3999 1763 4046 ut
1799 3990 2076 4062 praeclaris

508 4085 802 4138 virtutibus
825 4084 1050 4153 Sponsa:
1078 4089 1241 4152 caput
1260 4093 1524 4138 exornet.-
2086 4080 2089 4082 ’

583 4253 812 4314 Νἰίὶ..-
837 4254 992 4325 Quod
1021 4256 1217 4315 attinet
1247 4257 1314 4310 ad
1343 4256 1602 4318 litteram,
1663 4256 1738 4310 nil
1788 4226 2079 4312 commune

2161 442 2309 496 ἆπάν
2356 440 2606 513 ὑπακοὴν
2647 439 2787 494 κατά
2835 437 2918 505 τὸ,
2975 455 2993 490 ι
3031 435 3218 491 Σιώπα
3271 435 3365 490 καὶ
3397 435 3586 503 ἄκουε,
3639 436 3750 490 Ἰσ-

2163 535 2324 605 ραήλ.
2360 553 2380 587 ι
2925 562 2928 564 τ

2239 624 2504 695 Τρίχωμά
2534 639 2662 682 σου,
2682 623 2755 690 ὡς
2787 621 2996 692 ἀγέλαι
3030 619 3149 675 τῶν
3185 619 3389 692 αὶγῶν,
3427 619 3749 691 αῑιάνέϐηο

2161 731 2283 768 σαν
2307 715 2426 769 ἀπὸ
2454 713 2560 768 τοῦ
2594 712 2859 770 Γαλαὰδ.
3045 729 3052 736 “

2233 803 2585 874 Γρηγορίου.
2607 827 2678 846 --
2699 801 2800 856 Διά
2823 801 3028 857 τούτων
3061 799 3160 870 τὴν
3181 799 3442 870 ἐνάρετον¹
3462 797 3746 858 πολιτείαν

2163 896 2221 948 έν
2251 895 2459 964 ἐπαίνῳ
2486 895 2720 949 ποιεῖται
2744 895 2775 948 ϐ
2811 893 2968 962 λόγος
2991 908 3004 925 ο
3037 892 3126 947 διά
3171 891 3280 963 γὰρ
3322 893 3433 946 τῶν
3483 891 3750 963 ἀναισθήο

2163 1003 2272 1040 των
2295 984 2522 1056 τριχῶν,
2551 983 2652 1055 τὴν
2669 983 2805 1054 πρὸς
2832 983 2899 1036 τά
2927 979 3169 1051 κοσμικά
3194 981 3329 1054 ἔργα
3353 980 3742 1048 ἀναισθησίαν·

2164 1076 2272 1130 τῶν
2305 1075 2404 1147 τὴν
2444 1073 2822 1145 πνευματικὴν
2849 1073 3111 1146 ἐργασίαν
3149 1061 3442 1143 μετιόντων
3476 1073 3568 1126 τοῦ
3618 1071 3746 1142 βίου

2165 1167 2554 1236 πεποιημένων
2577 1181 2592 1194 ·
2643 1165 2895 1238 τρίχωμα
2928 1163 3036 1234 γὰρ
3059 1203 3073 1228 ,
3109 1163 3172 1216 τὸ
3223 1163 3344 1216 ἀντὶ
3392 1164 3746 1228 περιϐολαίου

2164 1259 2450 1327 δεδομένον
2475 1260 2596 1319 ταῖς
2646 1255 2862 1325 γυναιξὶ
2891 1254 3034 1308 κατά
3060 1253 3154 1308 τὸν
3185 1254 3508 1308 Ἀπόστολον
3535 1273 3548 1288 ·
3577 1255 3750 1319 αἰδώς

2164 1367 2226 1404 τε
2260 1351 2354 1402 καὶ
2397 1347 2721 1421 σωφροσύνη
2771 1349 2972 1400 νοεῖται
3009 1347 3146 1416 μετὰ
3176 1345 3276 1414 τῆς
3325 1347 3384 1397 ἐν
3413 1349 3605 1418 κόσμῳ
3653 1363 3749 1400 νει

2167 1440 2423 1513 κρώσεως
2445 1455 2458 1469 ’
2490 1438 2816 1510 ἀναίσθητον
2839 1437 2948 1508 γάρ
2985 1440 3018 1508 ἡ
3049 1437 3208 1508 θρίξ·
3231 1438 3319 1492 διὰ
3340 1439 3398 1492 δὲ
3417 1437 3512 1492 τοῦ
3545 1440 3746 1492 πλεον-

2165 1535 2296 1602 εκτὴ
2307 1547 2475 1602 ματος
2536 1530 2644 1584 τῶν
2675 1529 2898 1600 τριχῶν,
2935 1529 3160 1597 ἀγέλαις
3188 1528 3362 1598 αἰγῶν
3395 1529 3752 1602 παραϐάλλε-

2169 1621 2296 1676 σθαι
2324 1623 2444 1686 ταῖς
2472 1617 2581 1676 ἀπὸ
2621 1619 2716 1674 τοῦ
2751 1619 2965 1674 Γαλαὰδ
3010 1618 3508 1687 άνακαλυφθείσαις
3535 1633 3552 1650 °
3599 1619 3748 1674 οὕτω

2165 1714 2272 1786 χρὴ
2321 1711 2704 1783 στοχάζεσθαι,
2735 1713 2816 1765 ὅτι
2855 1710 3046 1781 ὥσπερ
3074 1711 3150 1766 .τά
3183 1709 3318 1776 ξύλα
3343 1709 3437 1764 τοῦ
3483 1709 3745 1778 Λιϐάνου,

2167 1805 2248 1866 είς
2289 1803 2488 1873 χρυσόν
2516 1801 2714 1859 τεκαὶ
2759 1801 3046 1873 πορφύραν
3091 1801 3482 1872 μεταποιήσας,
3520 1805 3748 1873 ’φορεῖον

2165 1893 2350 1965 ἑαυτῷ
2373 1897 2402 1948 ι
2431 1892 2687 1964 βασιλεὺς
2713 1890 3142 1958 κατεσκεύασεν,
3186 1891 3358 1956 οὕτως
3385 1884 3526 1946 οἶδεν
3565 1893 3595 1945 ὁ
3629 1910 3750 1948 ποι‹

2169 1984 2276 2056 μὴν
2299 1987 2329 2038 ὁ
2352 1984 2534 2050 καλὸς,
2567 1981 2738 2052 αίγῶν
2770 1982 2968 2052 ἀγέλας
3001 1981 3354 2053 παραλαϐὼν,
3400 1983 3479 2045 είς
3515 1981 3750 2051 ποίμνια

2170 2075 2494 2148 μεταϐαλεῖν
2523 2073 2592 2128 τὰ
2616 2073 2836 2131 αίπόλια
2863 2073 2958 2131 τοῦ
2992 2073 3155 2144 ὅρους
3197 2071 3410 2127 Γαλαὰδ
3433 2087 3448 2102 ·
3513 2071 3752 2142 ἀλλοφύ-

2166 2166 2262 2222 λου
2303 2166 2361 2220 δὲ
2389 2165 2548 2235 ὅρους
2577 2164 2748 2235 ὄνομα
2787 2163 2968 2228 τούτο,
3007 2162 3101 2219 τοῦ
3154 2163 3252 2234 τὴν
3281 2161 3540 2234 τοιαύτην
3583 2163 3751 2233 χάριν

2165 2255 2840 2322 ἀνακαλύπτοντος,⁶ῶστε
2887 2255 3017 2318 τοὺς
3047 2253 3108 2320 ἐξ
3143 2253 3312 2308 ὲθνῶν
3339 2254 3420 2330 τῷ
3443 2252 3591 2326 καλῷ
3628 2271 3752 2307 ποις

2172 2354 2295 2426 μένι
2345 2350 2851 2421 ἀκολουθήσαντας,
2892 2349 2974 2413 είς
3019 2349 3080 2402 τὸ
3123 2349 3376 2426 τρίχωμα
3434 2347 3753 2402 συντελέσαι

2166 2425 2261 2496 τοῦ
2293 2445 2389 2514 τῆς
2416 2440 2652 2512 Νύμφης
2677 2439 2903 2502 κάλλους
2925 2453 2940 2467 ·
2975 2438 3042 2492 δι’
3087 2425 3162 2491 ὧν
3192 2433 3510 2509 σωφροσύνη
3547 2453 3607 2495 τε
3653 2435 3756 2497 καὶ

2168 2534 2352 2598 αἰδὼς.
2387 2535 2482 2590 καὶ
2523 2533 2838 2602 έγκράτεια,
2867 2529 2962 2584 καὶ
2998 2531 3032 2600 ή
3061 2529 3155 2583 τοῦ
3197 2528 3447 2600 σώματος
3478 2527 3755 2600 νέκρωσις

2167 2625 2582 2696 διασημαίνεται
2603 2639 2616 2650 ·
2648 2623 2681 2694 ἢ
2711 2622 2848 2692 τάχα
2874 2619 3242 2691 συμϐάλλεταί
3274 2637 3326 2673 τι
3353 2619 3488 2690 προς
3513 2619 3610 2690 τὴν
3641 2619 3754 2672 τῶν

2169 2718 2340 2788 αίγῶν
2397 2715 2650 2785 Θεωρίαν,
2693 2715 2786 2768 καὶ
2839 2716 2868 2767 ὁ
2909 2713 3096 2776 Ἠλίας
3155 2711 3234 2784 τῷ
3262 2711 3380 2782 ape:
3418 2711 3496 2781 τῷ
3532 2711 3753 2766 Γαλαὰδ

2170 2811 2614 2884 ὲμφιλοσοςρήσας
2649 2805 2839 2878 χρόνον
2872 2804 3064 2869 πολὺν,
3097 2803 3156 2868 ὃς
3213 2803 3448 2874 μάλιστα
3488 2801 3583 2856 τοῦ
3624 2803 3753 2856 κατ’

2169 2908 2496 2982 ἐγκράτειαν
2538 2903 2892 2974 καθηγήσατο
2955 2900 3072 2971 βίου
3093 2913 3110 2930 °
3151 2898 3435 2970 αὐχμηρὸς
3476 2897 3538 2952 τὸ
3581 2894 3750 2963 εἶδος,

2169 3000 2352 3063 λάσιος
2406 2997 2506 3068 τὴν
2555 2994 2738 3066 τρίχα,
2791 2993 3024 3063 δέρματι
3081 2989 3238 3059 αἰγὸς
3298 2990 3750 3062 αεπαζόμενος.

2172 3090 2390 3154 Πάντες
2417 3084 2510 3142 οὖν
2539 3087 2590 3140 οἱ
2619 3086 2738 3141 κατ’
2767 3086 2974 3138 ἐκεῖνον
2995 3083 3086 3138 τὸν
3115 3081 3322 3143 ἑαυτῶν
3354 3082 3752 3154 κατορθοῦντες

2173 3185 2310 3256 βίον,
2374 3183 2576 3254 κόσμος
2627 3181 2870 3249 γίνονται
2929 3180 3030 3250 τῆς
3071 3178 3429 3250 Ἐκκλησίας,
3483 3179 3753 3252 ἀγεληδὸν

2171 3276 2314 3331 κατά
2353 3275 2445 3328 τὸν
2495 3273 2593 3328 νῦν
2626 3269 3030 3340 ἐπικρατοῦντα
3059 3270 3164 3340 τῆς
3211 3269 3528 3339 φιλοσοφίας
3555 3269 3752 3338 τύπον,

2170 3367 2268 3438 τὴν
2301 3367 2502 3438 ἀρετὴν
2553 3363 2670 3436 μετ’
2723 3363 2970 3434 ἀλλήλων
3022 3361 3406 3433 έμπονοῦντες.
3451 3361 3528 3416 Τδ
3579 3362 3638 3416 δὲ
3681 3365 3755 3418 ἐκ

2170 3457 2268 3514 τοῦ
2317 3457 2530 3510 Γαλαὰδ
2580 3455 2678 3519 τάς
2731 3453 2988 3517 τοιαύτας
3025 3451 3478 3523 ἀποκαλυφθῆναι
3524 3451 3752 3521 ἀγέλας,

2175 3547 2398 3620 μείζονα
2426 3547 2522 3600 τοῦ
2559 3546 2841 3618 θαύματος
2883 3545 2981 3614 τὴν
3011 3542 3318 3615 ὑπερϐολὴν
3352 3542 3467 3614 ἔχει
3493 3559 3509 3574 ’
3559 3544 3642 3598 ὅτι
3685 3545 3754 3597 ὲκ

2172 3640 2269 3694 τοῦ
2308 3638 2524 3696 έθνικοῦ
2577 3637 2696 3708 βίου
2748 3637 2972 3706 γέγονεν
3023 3637 3178 3706 ἡμῖν,
3231 3637 3265 3706 ή
3314 3635 3450 3705 πρὸς
3478 3635 3578 3704 τὴν
3606 3636 3756 3696 κατὰ

2174 3731 2308 3785 Θεὸν
2353 3731 2672 3801 φιλοσοφίαν
2727 3727 3047 3800 μετάϐασις.
3102 3725 3179 3779 οὗ
3209 3725 3318 3797 γὰρ
3361 3724 3504 3780 Σιὼν
3539 3726 3664 3797 ὅρος
3691 3727 3756 3787 τὸ

2175 3821 2328 3891 ἅγιον
2369 3823 2534 3875 αὐτοῦ
2589 3821 2692 3892 τῆς
2739 3819 2992 3890 τοιαύτης
3043 3817 3398 3888 καθηγήσατο
3451 3817 3752 3883 πολιτείας,

2175 3915 2313 3970 ἀλλά
2340 3914 2542 3979 τδτοίς
2573 3913 2812 3977 εἰδώλοις
2830 3954 2836 3962 .
2855 3910 3214 3981 ἀνακείμενον
3241 3908 3392 3972 ἔθνος
3426 3909 3508 3973 είς
3551 3911 3755 3964 τοσαύ-

2175 4023 2276 4077 την
2325 4002 2458 4078 ἦλθε
2488 4005 2583 4060 τοῦ
2616 4005 2730 4077 βίου
2780 4003 3106 4076 μεταϐολὴν,
3151 4001 3291 4057 ὥστε
3343 4001 3621 4072 κοσμῆσαι
3653 4003 3757 4070 τὴν

2179 4097 2421 4169 κεφαλὴν
2473 4097 2574 4168 τῆς
2612 4094 2848 4166 Νύμφης
2879 4095 2992 4158 τοίς
3035 4093 3152 4151 κατ’
3198 4093 3395 4167 ἀρετὴν
3425 4092 3758 4165 πλημμελής-

2181 4204 2368 4258 μασιν.
2551 4219 2567 4230 -

2251 4279 2492 4334 Νείλου.
2521 4305 2592 4316 -
2621 4277 2710 4340 Ὠς
2761 4275 2860 4348 μὲν
2913 4275 3050 4348 πρὸς
3095 4272 3158 4330 τὸ
3203 4258 3400 4346 ῥητὸν,
3429 4273 3584 4331 οὐδὲν
3639 4272 3757 4344 ἔχει

511 4349 754 4402 continet
807 4347 922 4402 haec
948 4349 1306 4418 comparatio.
1343 4347 1482 4414 Quid
1513 4348 1657 4402 enim
1694 4349 1874 4403 simile
1908 4350 2069 4420 capil-

2182 4368 2366 4424 κοινὸν
2384 4371 2418 4439 ὴ
2449 4369 2764 4440 σύγκρισιςο
2791 4369 2844 4423 τί
2871 4347 2980 4439 γὰρ
3005 4368 3190 4440 ὅμοιον
3220 4367 3477 4440 τρίχωμα
3502 4367 3596 4420 καὶ
3624 4367 3758 4435 ἀγέρ

513 4438 631 4492 lilio
681 4453 811 4492 cum
867 4439 1126 4510 gregibus
1167 4440 1499 4509 caprarum?
1539 4438 1728 4501 Quoad
1774 4439 2080 4510 intelligen-

512 4530 643 4582 tiam
677 4545 804 4584 νει-ο
841 4544 1038 4598 magna
1072 4538 1154 4584 est
1186 4529 1500 4585 consensio.
1540 4529 1666 4584 Sive
1705 4531 1850 4584 enim
1899 4531 2079 4585 anima

514 4623 586 4676 sit
620 4621 858 4690 perlecta
901 4623 968 4674 ad
999 4637 1162 4692 quam
1213 4623 1325 4678 haec
1369 4622 1645 4687 dicuntur,
1679 4623 1796 4678 sive
1841 4622 2082 4678 Ecclesia

513 4715 776 4782 gloriosa,
829 4714 1120 4784 quemdam
1185 4713 1430 4769 ordinem
1488 4714 1650 4770 habet
1693 4715 2082 4786 contemplatio

515 4813 717 4859 textus.
761 4803 972 4860 Etenim
1007 4795 1262 4874 perfectae
1297 4805 1491 4860 animae
1527 4805 1685 4874 quasi
1731 4807 2084 4876 rejectamina

511 4909 566 4952 ct
610 4897 885 4966 superllua
927 4911 1050 4966 quae
1079 4907 1207 4952 sunt
1236 4912 1326 4953 res
1345 4899 1670 4954 necessaria:
1699 4914 1821 4971 quae
1851 4915 2081 4971 corpore

515 4997 853 5058 peraguntur
881 4987 1102 5056 quando
1131 4987 1214 5044 ba!
1238 4988 1497 5044 decenter
1512 4999 1706 5044 etcum
1734 4992 2078 5046 convenienti

511 5092 706 5132 ornatu
739 5082 893 5146 liuiu,
931 5079 1303 5134 assimilantur
1333 5081 1480 5152 gregi
1531 5097 1816 5154 caprarum
1857 5100 2080 5154 compo-

513 5173 618 5224 sito
643 5187 707 5224 ac
741 5171 878 5224 bene
909 5172 1141 5236 munito,
1167 5170 1300 5224 nihil
1347 5171 1590 5228 hiulcum
1617 5183 1712 5228 aut
1759 5175 2076 5233 intercisum

515 5261 760 5322 babenti,
788 5276 854 5314 eo
884 5260 1027 5329 quod
1059 5261 1376 5317 cohaereant
1409 5275 1631 5326 natura:
1654 5278 1815 5322 rectae
1849 5269 2079 5325 rationis

516 5369 546 5406 ει
593 5369 698 5422 qua
733 5355 901 5406 etiam
949 5353 1202 5408 decenter
1240 5357 1630 5426 gubernantur.
1667 5359 1897 5425 Quando
1933 5351 2080 5416 enim

514 5444 864 5500 incontinens
905 5443 1223 5500 deliciarum
1263 5449 1420 5504 luxus
1463 5449 1526 5504 ad
1567 5465 1736 5510 usum
1779 5453 2080 5508 necessita-

583 5623 701 5658 ποτ’
729 5623 744 5677 l
773 5622 898 5680 Cor.
932 5644 990 5688 ιι,
1069 5643 1219 5698 Seqq.

2179 4464 2271 4518 λαι
2309 4463 2523 4532 αἰγῶνς
2565 4464 2654 4526 Ὣς
2690 4463 2749 4517 δὲ
2857 4463 2993 4533 πρὸς
3030 4461 3128 4532 τὴν
3156 4460 3362 4516 ἔννοιαν
3385 4499 3401 4524 ,
3447 4459 3618 4532 πολλή
3669 4461 3758 4524 τίς

2180 4555 2328 4607 ἐστιν
2351 4555 2384 4621 ἡ
2421 4552 2741 4621 συμφωνίαο
2775 4551 2885 4607 εἴτε
2928 4551 3038 4622 γὰρ
3064 4551 3212 4622 ψυχή
3241 4553 3357 4605 ἐστι
3399 4551 3578 4609 τελεία
3616 4552 3758 4624 πρὸς

2181 4644 2249 4714 ἢν
2301 4643 2474 4696 ταῦτα
2509 4641 2762 4712 εἴρηται,
2793 4643 2904 4696 είτε
2947 4645 2981 4714 ἡ
3024 4641 3235 4708 ἔνδοξος
3280 4642 3594 4710 Ἐκκλησία,
3639 4643 3759 4713 ἔχει

2181 4733 2306 4788 τινά
2331 4732 2654 4787 ἀκολουθίαν
2687 4735 2722 4803 ἠ
2771 4731 2976 4808 θεωρία
3001 4735 3102 4804 τῆς
3127 4732 3355 4799 λέξεως·
3403 4733 3630 4804 καὶγὰρ
3653 4735 3754 4803 τῆς

2183 4820 2398 4884 τελείας
2423 4821 2600 4892 ψυχῆς
2628 4821 2699 4874 τὰ
2735 4821 2900 4879 οἱονεὶ
2923 4819 3286 4890 ἁποϐλήματα
3312 4819 3408 4876 καὶ
3434 4821 3686 4890 περιττὰ,
3721 4822 3760 4876 ά

2183 4915 2306 4968 τινά
2327 4913 2444 4966 ἐστι
2475 4911 2545 4964 τὰ
2569 4911 2655 4998 δξά
2681 4909 2776 4964 τοῦ
2806 4910 3056 4980 σώματος
3101 4911 3493 4981 ἐπιτελούμενα
3520 4912 3757 4985 χρειώδη

2185 5005 2508 5076 πράγματα,
2535 5003 2722 5073 ἐπειδὴ
2748 5002 3096 5072 καθηκόντως
3117 5002 3348 5070 γίνεται,
3376 5003 3472 5058 καὶ
3499 5004 3640 5072 μετά
3659 5003 3755 5062 τοῦ

2185 5097 2483 5168 πρέποντος
2513 5095 2744 5164 κόσμου,
2797 5093 2968 5165 ἀγέλῃ
3013 5093 3183 5162 αίγῶν
3225 5093 3502 5164 ὁμοιοῦται
3563 5111 3758 5149 συντε·

2183 5186 2432 5258 ταγμένῃ
2457 5186 2550 5241 καὶ
2583 5181 2642 5238 εὖ
2687 5187 3056 5258 πεφραγμένη
3092 5186 3184 5238 καὶ
3229 5185 3380 5240 οὐδὲν
3411 5185 3610 5257 ἐχούσῃ
3637 5187 3756 5240 δια-

2183 5274 2547 5344 τετμημένον,
2579 5273 2668 5325 διὰ
2707 5271 2769 5324 τὸ
2804 5273 3024 5342 ἔχεσθαι
3052 5273 3144 5326 τοῦ
3195 5275 3291 5344 τῆς
3327 5273 3542 5342 φύσεως
3591 5275 3756 5345 ὀρθοῦ

2184 5365 2366 5433 λόγου,
2405 5367 2496 5416 καὶ
2525 5362 2951 5432 ἡγεμονεύεσθαι
2984 5365 3070 5416 ὑπ’
3102 5363 3264 5418 αὐτοῦ
3311 5364 3556 5428 δεόντως.
3587 5364 3759 5420 Ὅταν

2187 5456 2296 5529 γάρ
2323 5455 2382 5508 τί)
2411 5453 2710 5525 κεχυμένον
2737 5455 2836 5524 τῆς
2863 5453 3074 5509 ἁςὼτον
3118 5455 3330 5527 τρυφῆς
3368 5457 3444 5520 είς
3473 5455 3534 5510 τὸ
3563 5455 3757 5529 χρειῶν
