3970 6296
236 300 370 367 1641
1184 299 1717 366 COMMENTARII
1746 299 1805 359 Π

1908 292 2194 362 ΑΝΤΙΕΑ
2228 297 2521 360 CANTIC.
3342 292 3406 361 16
3421 292 3479 353 ιε

211 416 301 480 δες
331 414 425 469 καὶ
451 413 758 482 ἀναγκαῖον
809 412 1084 482 στέληται,
1122 411 1275 463 ἔσται
1312 410 1483 481 ἀγέλῃ
1538 409 1707 478 αἰγῶν
1739 410 1800 462 τὸ

1908 418 2120 481 temque
2152 410 2538 480 restringitur,
2572 415 2689 464 tum
2712 405 2919 464 dictum
2945 405 3272 481 capillitium
3298 407 3481 463 simile

212 506 511 575 λεγόμενον
536 503 795 575 τρίχωμα
824 500 1209 572 παραπλήσιον
1230 520 1244 534 ·
1292 501 1360 555 τὰ
1388 500 1569 553 τοίνυν
1612 517 1798 570 σωμαο

1908 502 2001 556 erit
2035 501 2187 571 gregi
2218 515 2538 572 caprarum.
2574 502 2765 571 Itaque
2796 515 2886 556 res
2921 512 3204 569 corporeae
3232 500 3289 555 iu
3310 498 3482 555 indil-

210 599 367 661 τικὰ,
400 598 458 649 ὲν
509 596 609 667 μὲν
644 598 757 659 τοῖς
801 595 1111 664 ἀδιαφόροις
1161 593 1456 664 ἀδιάφορα,
1502 595 1561 648 ὲν
1591 592 1648 646 δὲ
1686 594 1799 656 τοῖς

1908 592 2214 648 ferentibus
2240 594 2467 662 quidem
2510 591 2886 649 indiﬂereutes
2932 599 3091 654 sunt,
3117 591 3194 647 ‘in
3242 591 3484 648 sedulio-

211 690 664 761 ὲπιμελεστέροις
714 687 976 742 σπουδαῖα
1031 686 1127 740 καὶ
1171 687 1461 758 χρήσιμα*
1512 685 1608 738 ἐὰν
1657 685 1721 745 δὲ,
1761 686 1795 754 ὴ

1908 686 2054 761 ribus
2092 695 2276 743 autem
2328 686 2487 741 bonae
2529 696 2585 742 et
2626 686 2812 742 utiles.
2863 683 2959 741 Sin
2999 683 3246 741 Ecclesia
3294 685 3368 739 sit
3413 683 3485 747 ad

224 779 530 852 Ἐκκλησία
575 778 698 830 ἐστὶ
739 777 876 848 πρὸς
924 776 991 848 ἣν
1039 776 1258 844 λέγεται
1293 776 1490 839 ταῦτα,
1547 774 1800 844 τρίχωμα

1908 790 2065 845 quam
2109 776 2223 831 haec
2261 776 2539 841 dicuntur,
2578 774 2902 846 capillitium
2930 774 3056 844 ejus
3077 782 3209 830 sunt
3245 776 3339 843 qui
3370 788 3488 843 pce-

211 874 387 942 αύτῆς
412 874 553 925 εἰσιν
582 873 632 925 οἱ
675 868 1060 941 μετανοοῦντες
1114 869 1206 921 ἐπὶ
1236 870 1349 930 τοῖς
1390 867 1758 938 ἁμαρτήμασι
1780 881 1796 897 ο

1908 867 2189 923 nitentiam
2249 877 2420 938 agunt
2472 867 2540 924 de
2591 866 2868 937 peccatis,
2924 877 3264 937 quapropter
3313 865 3481 923 etiam

210 965 294 1018 διὸ
327 964 423 1016 καὶ
456 963 626 1034 ἀγέλῃ
657 960 851 1030 αἰγῶν,
883 960 999 1014 ἀλλ’
1039 961 1103 1014 οὐ
1151 960 1473 1031 προϐάτων,
1514 957 1801 1029 παραϐάλ-

211 1055 399 1109 λονται
420 1072 434 1085 ·
473 1052 941 1123 ἀπεκαλύφθησαν
964 1052 1019 1104 δὲ
1050 1051 1158 1105 ἀπὸ
1185 1050 1281 1105 τοῦ
1309 1049 1522 1104 Γαλαὰδ
1540 1048 1635 1102 τοῦ
1666 1065 1798 1119 μετ-

211 1149 540 1220 οικήσαντος
602 1145 711 1200 ἀπὺ
740 1143 849 1197 τῶν
902 1142 1174 1197 Ἰουδαίων
1219 1142 1311 1195 ἐπὶ
1341 1141 1410 1195 τὰ
1448 1140 1575 1212 ἔθνη
1605 1139 1798 1208 λόγου⁹

211 1238 580 1307 Γαλαὰδγὰρ
628 1235 877 1306 μετοικία
928 1232 1238 1304 μαρτυρίας
1276 1228 1675 1302 ὲρμηνεύεταν
1710 1228 1801 1280 ὅτε

215 1333 318 1403 μὲν
344 1329 455 1401 γὰρ
482 1328 561 1399 τῷ
594 1324 870 1395 Ἰουδαῖκῷ
903 1323 1090 1393 ἔλεγεν
1118 1322 1261 1377 ἔθνει
1281 1337 1296 1354 '
1322 1321 1513 1388 Ὑμεῖς
1534 1318 1662 1382 λαός
1680 1333 1802 1403 μου
1846 1369 1854 1377 ,

212 1402 313 1475 καὶ
369 1417 619 1489 πρόῦατα
663 1416 761 1484 τῆς
798 1411 1173 1484 κληρονομίας
1228 1426 1357 1481 μου,
1404 1407 1632 1461 ἐκείνων
1670 1402 1802 1478 ἦνὴ

215 1510 536 1583 μαρτυρίαο
588 1508 679 1561 ὅτε
723 1507 782 1559 δὲ
822 1503 890 1558 τὰ
935 1503 1069 1573 ἔθνη
1106 1501 1236 1556 λαὸν
1274 1499 1559 1567 ἐξελέξατο
1600 1496 1801 1567 ἑαυτῷ,

211 1599 393 1670 τούτῳ
434 1598 627 1667 γέγονε
683 1593 1004 1666 μαρτύριον,
1054 1592 1386 1664 μετοικῆσαν
1431 1589 1526 1645 ἀπ’
1579 1586 1804 1642 ἐκείνων

210 1692 308 1746 ἐπὶ
335 1690 553 1745 τούτου.

1902 959 2052 1030 gregi
2083 973 2372 1029 caprarum
2407 966 2589 1017 etnon
2630 960 2814 1017 ovium
2859 959 3256 1017 assimilantnr.
3304 958 3485 1015 Reve-

1904 1051 2025 1107 lata:
2046 1057 2235 1107 autem
2262 1059 2395 1108 sunt
2419 1050 2487 1107 de
2501 1050 2729 1116 Galaad,
2759 1051 3190 1121 transmigrante
3219 1064 3249 1105 a
3279 1048 3486 1104 Judaiis
3538 1082 3547 1109 ι

1903 1140 1971 1196 ad
2000 1149 2190 1212 gentes
2229 1142 2416 1198 verbo.
2451 1140 2660 1198 Galaad
2696 1140 2842 1199 enim
2890 1140 3303 1209 transmigratio
3330 1140 3487 1195 testi-

1904 1234 2078 1289 monii
2114 1233 2531 1305 interpretatur.
2573 1232 2808 1301 Quando
2844 1233 2994 1291 euiat
3043 1230 3287 1287 Judaica:
3333 1231 3487 1302 genti

1902 1321 2069 1390 dixit,
2104 1322 2215 1379 Vos
2243 1325 2479 1395 populus
2510 1339 2666 1380 meus
2699 1333 2748 1379 et
2788 1337 2921 1380 oves
2962 1321 3295 1378 hareditatis
3323 1334 3483 1382 mea.

1905 1414 2150 1485 ipsorum
2182 1426 2306 1471 erat
2348 1414 2749 1471 testimonium.
2789 1413 3025 1481 Quando
3065 1421 3250 1469 autem
3293 1420 3486 1483 gentes

1905 1506 2007 1563 sibi
2039 1505 2094 1561 in
2124 1507 2386 1576 populum
2404 1507 2592 1576 elegit,
2636 1516 2770 1563 tunc
2808 1507 2879 1563 ab
2924 1506 3037 1563 illis
3076 1505 3144 1561 ad
3187 1504 3289 1562 has
3327 1504 3487 1561 testi-

1905 1596 2151 1653 monium
2182 1596 2611 1669 transmigravit.

377 1741 678 1846 -ζόδόα-τες
704 1790 823 1833 σου
866 1775 948 1841 ὡς
993 1773 1205 1845 ἀγέλαι
1252 1770 1374 1827 τῶν
1421 1768 1803 1840 κεκαρμένων

1964 1748 2141 1833 Vsus.
2173 1778 2230 1833 2.
2287 1777 2479 1835 Dentes
2525 1779 2603 1837 tui
2630 1780 2768 1836 sicut
2807 1795 2987 1851 greges
3013 1789 3320 1847 tonsuram,
3366 1793 3489 1849 qua
3516 1798 3529 1811 ο

211 1875 278 1932 ατ
313 1874 627 1941 ἀνέόησαν
666 1870 787 1925 ἀπὸ
814 1868 922 1922 τοῦ
959 1865 1222 1936 λουτροῦ
1244 1882 1260 1898 ο
1292 1866 1353 1919 al
1398 1863 1589 1919 πᾶσαι
1635 1860 1803 1916 διδυ-

204 1967 510 2038 μεύουσαι
534 2003 549 2029 ,
614 1961 711 2014 καὶ
766 1957 1113 2015 ὰτεκνοῦσα
1167 1958 1279 2011 οὐκ
1340 1954 1512 2008 ἔστιν
1571 1952 1642 2006 ἐν
1694 1952 1802 2006 αὐ-

210 2074 368 2114 ταις.

285 2145 641 2216 Γρηγορίου.
678 2173 747 2183 -
775 2139 1001 2212 Πρῶτον
1051 2139 1200 2208 λέγει
1239 2136 1368 2209 περὶ
1411 2136 1662 2200 ὀδόντων,
1693 2151 1803 2209 πα-

212 2237 517 2312 ραδραμὼν
544 2234 639 2289 τοῦ
677 2234 948 2305 στόματος
983 2233 1078 2287 καὶ
1127 2231 1236 2285 τῶν
1261 2229 1485 2301 χειλέων
1526 2227 1597 2282 τὰ
1625 2225 1804 2298 ἐγκώ-

214 2348 319 2403 μια
350 2347 363 2359 ·
416 2329 511 2382 καὶ
555 2323 656 2380 εἷθ’
703 2323 845 2379 οὕτω
886 2325 1016 2394 περὶ
1065 2321 1295 2394 χειλῶν·
1337 2319 1556 2390 πρῶτον
1579 2319 1689 2391 γάρ
1718 2335 1804 2383 τις

214 2420 468 2475 ἑστιᾶται
496 2416 563 2470 τὰ
596 2413 946 2485 πνευματικὰ
977 2413 1299 2483 μαθήματα,
1331 2412 1428 2465 καὶ
1476 2404 1589 2463 οἷον
1635 2425 1806 2481 κατα-

210 2511 420 2571 λεαίνει
450 2508 641 2579 ῶσπερ
692 2506 792 2578 τὴν
827 2504 1036 2577 τροφὴν
1078 2506 1192 2568 τοῖς
1242 2505 1575 2574 σωματικοῖς
1601 2499 1802 2569 ὀδοῦσι,

212 2607 314 2660 καὶ
342 2603 464 2656 τότε
492 2601 645 2669 λέγει
673 2598 804 2669 περὶ
854 2596 1031 2651 αὐτῶν
1052 2612 1066 2627 ’
1104 2596 1248 2668 ἅπερ
1277 2611 1360 2660 τις
1406 2594 1613 2666 ψυχικὴ
1648 2592 1807 2647 δύνα-

216 2711 313 2767 μις
338 2692 657 2745 λεπτοποιεί
685 2680 989 2759 ἐπιτήδεια,
1034 2688 1172 2759 πρὸς
1225 2687 1286 2741 τὸ
1332 2685 1805 2765 παραὶπεμφθῆναι

208 2786 330 2848 τοῖς
360 2780 530 2836 οἱονεὶ
561 2779 893 2850 σπλάγχνοις
943 2777 1443 2849 παρασκευάζουσα
1464 2791 1479 2807 ο
1534 2776 1661 2839 τοὺς
1687 2774 1804 2827 τοί-

208 2894 312 2931 νυν
360 2873 647 2948 κριτικούς
696 2889 756 2926 τε
788 2860 891 2925 καῖ
930 2870 1299 2942 διαιρετικοὺς
1361 2868 1471 2923 τῶν
1519 2867 1804 2938 δογμάτων

210 2966 560 3040 καθηγητὰς,
606 2967 657 3020 οἳ
704 2965 775 3020 τὰ
832 2965 951 3019 θεῖα
1001 2965 1276 3035 μυστήρια
1332 2961 1421 3016 διὰ
1467 2961 1805 3032 σαφεστέρας

209 3063 540 3134 ἱξηγήσεως
611 3057 1028 3123 λεπτοποιοζισιν
1054 3098 1070 3122 ,
1126 3057 1201 3118 ὡς
1248 3054 1655 3128 εὐπαράδεκτον
1707 3052 1805 3123 τὴν
1829 3080 1874 3145 C

209 3151 600 3223 πνευματικὴν
651 3150 855 3219 ταύτην
898 3146 1103 3220 τροφὴν
1164 3146 1419 3217 γενέσθαι
1464 3145 1545 3216 τῷ
1589 3143 1803 3214 σώματι

206 3244 317 3310 τῆς
349 3241 700 3312 Ἐκκλησίας,
735 3239 954 3302 ὀδόντας
1002 3237 1262 3292 ἐκάλεσεν
1304 3239 1333 3291 ό
1363 3237 1542 3305 λόγος,
1576 3234 1670 3298 οὓς
1709 3234 1805 3289 καὶ

210 3335 473 3408 βούλεται
534 3332 737 3394 παντὸς
798 3331 994 3402 ἄχθους
1067 3330 1253 3384 ὑλικοῦ
1308 3328 1800 3399 γεγυμνωμένουςο

207 3425 379 3480 τοῦτο
400 3424 510 3495 γὰρ
532 3424 595 3476 τὸ
621 3422 963 3492 κεκαρμένον
983 3438 997 3453 °
1044 3422 1138 3476 καὶ
1181 3421 1391 3491 λουτρῷ
1417 3420 1516 3489 τῆς
1558 3419 1805 3489 συνειδή-

212 3533 363 3579 σεως
392 3515 591 3578 παντὸς
644 3512 923 3584 μολυσμοῦ
965 3514 1167 3583 σαρκὸς
1214 3510 1622 3583 καθαρεύοντας
1647 3526 1661 3540 ο
1710 3510 1805 3563 καὶ

214 3608 362 3679 πρὸς
398 3604 612 3669 τούτοις
653 3604 741 3657 ἀεὶ
784 3603 873 3657 διὰ
907 3602 1194 3675 προκοπῆς
1243 3601 1636 3664 ἀναϐαίνοντας
1659 3616 1674 3631 ο
1710 3599 1805 3652 καὶ

216 3699 495 3771 μηδέποτε
521 3699 601 3761 είς
630 3696 693 3750 τὸ
727 3695 964 3768 ἔμπαλιν
1004 3694 1477 3766 κατασυρομένους
1511 3694 1591 3755 εἰς
1612 3690 1673 3744 τὸ
1704 3689 1802 3760 βά-

213 3791 428 3863 ραθρον
454 3806 468 3820 ο
510 3790 604 3843 καὶ
631 3787 942 3858 διδυμεύειν
972 3790 1038 3859 τῇ
1081 3788 1181 3856 μὲν
1214 3786 1361 3856 ψυχῇ
1382 3785 1483 3855 τὴν
1510 3784 1800 3847 ἀπάθειαν,

212 3883 297 3953 τῷ
336 3882 395 3935 δὲ
431 3878 732 3951 σωματικῷ
762 3878 864 3950 βίῳ
889 3879 988 3950 τὴν
1026 3877 1438 3947 εὐσχημοσύνην
1478 3872 1801 3942 γεννῶντας,

213 3976 319 4028 καὶ
348 3972 484 4045 ὅλως
515 3974 573 4026 ὲν
604 3970 796 4043 μηδενὶ
822 3971 933 4024 τῶν
979 3969 1160 4025 καλῶν
1190 3966 1639 4039 ἐπιτηδευμάτων
1673 3966 1803 4020 ἀτο-

215 4070 361 4123 νεῖν.

287 4156 534 4212 Νείλου.
568 4184 639 4196 --
682 4153 915 4224 Ὁμοίως
953 4153 1048 4208 καὶ
1096 4151 1274 4216 τοῦτο,
1336 4150 1480 4205 κατὰ
1528 4150 1629 4222 τὴν
1656 4150 1802 4218 λέξιν

210 4247 541 4315 ἀδιανόητον
565 4261 581 4277 ο
622 4245 758 4314 πρὸς
802 4245 859 4298 δὲ
896 4244 1134 4298 διάνοιαν
1168 4244 1477 4314 γέγραπται
1515 4246 1643 4315 περὶ
1699 4244 1802 4313 ψε-

211 4338 368 4392 κτῶν
393 4336 622 4390 ὀδόντων
643 4351 660 4367 ο
693 4355 712 4388 ι
735 4336 980 4397 Ὀδόντας
1008 4334 1347 4405 ἁμαρτωλῶν
1374 4334 1699 4406 συνέτριψας
1718 4375 1733 4399 ,
1775 4354 1794 4387 ι

213 4432 313 4486 καὶ
335 4470 352 4493 ,
395 4446 415 4479 r
439 4427 589 4482 Ἐκεῖ
618 4426 770 4480 ἔσται
808 4427 836 4478 ό
887 4425 1130 4495 βρυγμὸς
1168 4425 1277 4477 τῶν
1312 4426 1539 4478 ὀδόντων
1561 4443 1576 4458 ο
1604 4444 1625 4477 ι
1676 4429 1797 4498 περῖ
1828 4437 1881 4497 D

208 4520 274 4573 ea
324 4514 651 4577 ἐπαινετῶν,
698 4536 717 4567 ι
741 4517 987 4579 ὐδόντες
1024 4516 1188 4569 αὐτοῦ
1236 4516 1375 4583 γάλα
1396 4532 1408 4546 ο
1436 4536 1454 4568 ι
1494 4516 1588 4570 καὶ
1615 4518 1677 4570 τὸ
1707 4535 1813 4570 πα-

215 4610 316 4682 ρὸν
350 4607 517 4679 ῥητόν
540 4624 554 4639 ’
610 4609 751 4678 τάχα
797 4609 842 4661 δ’
892 4607 960 4661 ἂν
994 4602 1106 4661 εἷεν
1133 4605 1392 4677 δυνάμεις
1419 4607 1618 4679 ψυχῆς,
1639 4609 1708 4661 δι’
1736 4603 1811 4664 ὧν

214 4701 595 4773 προτρέφεται
638 4699 783 4770 λόγῳ
819 4698 958 4772 αὕτη
987 4742 1002 4766 ,
1043 4701 1145 4769 τὴν
1195 4699 1467 4770 διάκρισιν
1512 4700 1606 4752 τοῦ
1646 4700 1832 4769 λόγου,

213 4791 659 4860 πεπιστευμέναι
697 4791 793 4843 καὶ
823 4789 1275 4850 λεπτοποιοῦσαι,
1306 4790 1402 4843 καὶ
1435 4791 1601 4843 οἱονεὶ
1632 4807 1811 4860 μηρυ-

212 4881 533 4951 χιζόμεναι,
570 4881 661 4933 τὸν
692 4881 827 4944 τέως
864 4880 1336 4952 ἁδρυμερέστερον
1369 4881 1458 4934 διὰ
1494 4881 1596 4950 τῆς
1639 4881 1813 4953 ἀκοῆς

214 4972 634 5045 παραδεχθὲντα
662 4972 820 5041 λόγον
847 4989 861 5004 ·
899 4972 1278 5044 συντρίϐονται
1307 4973 1364 5025 δὲ
1387 4967 1532 5027 οὗτοι
1566 4975 1613 5026 οἱ
1659 4973 1809 5026 όδόν-

212 5080 331 5129 τες,
360 5064 490 5115 ὅταν
520 5061 807 5132 αἱρετικῆς
838 5061 1191 5126 διδασκαλίας
1230 5063 1478 5134 φάγωσιν
1507 5062 1765 5133 ὅμφακας
1787 5078 1804 5094 ·

210 5153 628 5225 ὼμοδιάσαντες
649 5152 778 5224 γὰρ,
812 5154 1077 5224 ἄχρηστοι.
1128 5154 1369 5223 γίνονται
1396 5154 1458 5208 τὸ
1490 5153 1676 5209 λεᾶναι
1707 5153 1807 5225 τὴν

215 5245 402 5316 ἁληθῆ
429 5245 641 5317 τροφήν
672 5261 686 5276 ’
719 5244 894 5319 ἀγέλῃ
933 5244 1028 5300 οὖν
1058 5247 1416 5318 κεκαρμὲνων
1444 5248 1623 5316 ὁμοιοῖ
1677 5247 1804 5310 τοὺς

211 5337 443 5398 ἰδόντας
468 5338 567 5407 τῆς
601 5336 844 5407 Νύμφης
879 5354 893 5368 ·
941 5337 1030 5390 διὰ
1054 5338 1113 5390 τὸ
1150 5337 1317 5407 μηδὲν
1361 5336 1505 5407 ἔχειν
1534 5336 1797 5401 τοιοῦτον,

203 5427 329 5486 οἷον
376 5429 428 5481 οἱ
481 5428 872 5500 προειρημένοι
925 5424 1073 5500 εἶχον
1128 5429 1339 5493 ὀδόντες
1394 5429 1504 5482 τῶν
1551 5418 1802 5482 ἀσεϐῶ-θ’

210 5519 353 5576 ἀλλὰ
385 5520 483 5573 καὶ
507 5520 913 5591 περιαιρεῖσθαι
941 5520 1118 5574 πάντα
1148 5519 1319 5593 ρὖον
1345 5520 1433 5573 διὰ
1464 5521 1522 5573 τὸ
1551 5520 1796 5591 λουτρὸν,

1904 1866 2253 1920 ascenderunt
2293 1866 2358 1921 de
2401 1866 2636 1933 lavacro,
2681 1884 2800 1941 qum
2845 1884 3024 1926 omnes
3071 1869 3400 1940 geminant“
3430 1874 3489 1923 et

1906 1958 2191 2029 infecunda
2218 1974 2321 2014 non
2353 1970 2431 2017 est
2479 1961 2534 2014 in
2566 1960 2664 2015 eis.
2732 2030 2740 2037 .

1978 2133 2242 2207 Gregorii.
2283 2167 2353 2177 -—
2388 2135 2634 2193 Primum
2669 2139 2738 2196 de
2775 2140 3036 2197 dentibus
3082 2150 3219 2213 agit,
3258 2142 3374 2198 oris
3424 2155 3490 2199 ae

1904 2225 2177 2281 labiorum
2227 2229 2495 2284 encomiis
2538 2230 2800 2300 omissis;
2855 2232 3057 2289 ac’sic
3108 2234 3370 2306 deinceps
3419 2234 3490 2290 de

1864 2374 1867 2375 ν
1906 2316 2090 2373 labiis.
2128 2317 2374 2374 Primum
2408 2323 2560 2379 enim
2585 2322 2711 2392 quis
2744 2324 2983 2381 comedit
3013 2325 3293 2392 spiritales
3321 2325 3493 2383 disci-

1906 2409 2085 2483 plinas
2110 2421 2165 2467 et
2191 2413 2351 2482 quasi
2379 2415 2707 2471 comminuit
2734 2431 2845 2472 non
2872 2432 3034 2474 secus
3055 2433 3122 2474 ac
3148 2418 3332 2475 cibum
3360 2418 3490 2476 den-

1906 2499 2055 2557 tibus
2094 2503 2380 2573 corporeis
2414 2522 2429 2560 :
2461 2512 2517 2560 et
2550 2517 2681 2562 tunc
2713 2510 2792 2563 ait
2844 2508 2915 2566 de
2961 2508 3051 2575 iis,
3079 2525 3202 2581 qua:
3231 2510 3491 2568 animalis

1907 2593 2157 2664 quaedam
2208 2594 2294 2650 vis
2331 2605 2593 2652 extenuat
2618 2597 2810 2655 idonea
2851 2601 3111 2666 reddens,
3143 2602 3379 2672 utquasi
3417 2602 3491 2658 ad

1905 2685 2119 2741 viscera
2156 2688 2626 2747 transmittuntur.
2671 2688 2798 2747 Illos
2838 2692 3005 2763 igitur
3053 2692 3342 2761 doctores,
3391 2695 3490 2766 qui

1908 2776 2340 2839 doctrinarcum
2365 2780 2577 2851 judicio
2603 2784 2828 2838 tradunt
2855 2798 2920 2840 ac
2949 2784 3283 2855 partiuntur,
3310 2801 3376 2843 ac
3406 2789 3492 2844 di-

1907 2871 2034 2925 vina
2058 2872 2316 2943 mysteria
2335 2888 2429 2941 per
2445 2874 2731 2930 clariorem
2751 2882 3045 2931 extenuant
3064 2877 3488 2948 expositionem.

1909 2961 1984 3016 ita
2021 2970 2082 3016 ut
2113 2964 2422 3034 spiritualis
2455 2964 2612 3021 hicce
2640 2966 2797 3023 cibus
2840 2969 3056 3038 corpori
3093 2977 3314 3039 sumptu
3352 2968 3492 3025 faci-

1908 3051 1977 3106 lis
2011 3054 2268 3115 exsistat,
2304 3052 2564 3110 Ecclcsite
2602 3056 2794 3112 dentes
2834 3057 3129 3127 appellavit
3148 3058 3247 3125 hic
3285 3074 3490 3115 sermo.

1911 3141 2062 3209 Quos
2084 3145 2249 3200 etiam
2282 3147 2433 3202 omni
2467 3147 2756 3203 materiato
2780 3148 3022 3219 pondere
3060 3151 3301 3207 nudatus
3336 3154 3494 3221 cupit

1911 3234 2037 3306 (hoc
2064 3236 2212 3291 enim
2261 3247 2345 3293 est
2378 3252 2503 3294 esse
2529 3246 2718 3295 tonsos
2767 3248 2822 3295 et
2865 3240 3086 3297 lavacro
3136 3244 3494 3299 conscientias
3565 3225 3570 3230 ’

1910 3340 2221 3397 essepuros
2235 3328 2303 3383 ab
2322 3328 2474 3384 omni
2504 3329 2923 3401 inquinamento
2946 3331 3130 3387 carnis
3152 3339 3208 3387 et
3231 3332 3504 3403 spiritus):

1910 3428 2176 3489 praeterea
2239 3434 2455 3489 semper
2507 3436 2604 3492 per
2657 3422 2963 3492 profectum
3027 3425 3360 3492 ascendere,
3427 3441 3494 3482 ac

1910 3525 2192 3581 nunquam
2245 3520 2397 3567 retro
2432 3514 2580 3570 trabi
2620 3515 2688 3570 ad
2720 3515 3066 3583 barathrum,
3103 3533 3205 3573 nec
3242 3536 3348 3575 non
3395 3535 3493 3590 ge-

1911 3602 2103 3657 mellos
2128 3616 2324 3670 parere
2342 3603 2537 3659 animae
2551 3603 2772 3674 quidem
2798 3606 3118 3676 passionum
3143 3609 3493 3671 vacuitatem,

1876 3689 2038 3759 .vita:
2089 3700 2276 3747 autem
2321 3695 2596 3764 corporali
2644 3704 3002 3765 procreantes
3045 3697 3408 3760 honestatem.
3439 3708 3495 3753 et

1913 3784 1966 3835 in
2022 3782 2170 3838 nullo
2223 3786 2450 3841 omnino
2507 3801 2708 3858 genere
2752 3787 3024 3844 bonarum
3069 3789 3347 3844 actionum
3395 3791 3494 3846 dc-

1912 3872 2093 3928 licere.

1983 4131 2122 4191 Nili.
2174 4166 2243 4179 -
2293 4137 2561 4195 Similiter
2597 4147 2651 4196 et
2709 4141 2813 4197 hoc
2850 4143 3030 4213 quoad
3080 4145 3317 4199 litteram
3350 4162 3491 4214 έθη-

1909 4245 2030 4285 sum
2078 4234 2354 4288 occultum
2390 4235 2635 4292 continet
2676 4252 2689 4289 :
2724 4239 2904 4307 quoad
2938 4239 3353 4310 intelligentiam
3393 4260 3493 4298 au-

1910 4330 2015 4376 tem
2051 4323 2317 4395 scriptum
2341 4324 2408 4380 de
2439 4327 2700 4385 dentibus
2733 4332 3008 4400 vituperio
3029 4333 3208 4401 dignis
3240 4353 3253 4388 :
3284 4354 3303 4387 ι
3343 4336 3490 4393 Den-

1909 4420 1990 4469 tes
2011 4426 2356 4483 pcccatorum
2378 4420 2687 4481 contrivisti
2706 4422 2857 4489 7"”;
2887 4444 2907 4477 ι
2924 4433 3012 4479 et:
3035 4444 3053 4477 ι
3074 4425 3270 4482 lbierit
3290 4430 3494 4485 stridor
3584 4424 3585 4427 “

1909 4504 2155 4559 dentium
2188 4503 2256 4561 δ’.
2291 4525 2311 4559 ι
2349 4507 2424 4563 De
2444 4508 2815 4569 laudabilibus
2848 4530 2976 4569 vero
3009 4533 3023 4570 :
3056 4536 3077 4568 ι
3103 4517 3332 4576 Candidi
3362 4522 3493 4576 den-

1908 4606 1991 4653 tes
2031 4598 2152 4667 ejus
2185 4607 2244 4652 ut
2276 4599 2455 4668 lac",
2497 4619 2514 4653 ι
2556 4609 2613 4657 et
2658 4618 2901 4673 pra-scus
2944 4607 3168 4666 dictum.
3218 4608 3495 4668 Fortassis

1910 4704 2042 4744 vero
2081 4688 2289 4745 fuerint
2332 4690 2622 4749 facultates
2670 4696 2870 4751 anima:
2922 4714 3018 4768 per
3060 4716 3198 4770 quas
3251 4706 3494 4758 nutritur

1909 4782 2024 4851 ipsa
2060 4780 2250 4850 verbo,
2276 4783 2479 4852 quibus
2521 4787 2835 4842 concredita
2860 4789 2932 4845 sit
2957 4792 3107 4846 verbi
3141 4794 3405 4851 discretio
3437 4810 3492 4853 et

1892 4873 2239 4939 ,mastiCatio,
2275 4881 2330 4929 et
2358 4875 2517 4946 quasi
2546 4878 2859 4945 ruminatio,
2883 4881 3026 4951 ejus,
3062 4883 3305 4955 inquam,
3337 4890 3490 4943 verbi

1909 4965 2055 5035 quod
2089 4976 2349 5036 tanquam
2381 4968 2569 5023 vinum
2620 4985 2871 5027 crassum
2923 4975 2997 5029 sit
3049 4977 3277 5030 auribus
3320 4993 3486 5031 exce-

1906 5048 2084 5126 ptum.
2123 5057 2505 5115 Conteruntur
2543 5077 2709 5132 porro
2741 5063 2797 5118 hi
2833 5064 3028 5121 dentes
3053 5069 3275 5137 quando
3312 5069 3486 5124 luere—

1907 5150 2029 5206 ticae
2056 5150 2326 5206 doctrinae
2355 5161 2631 5222 agrestam
2670 5156 2965 5212 comedunt
2984 5158 3491 5229 ;.obstupescentes

1903 5243 2050 5297 enim
2079 5243 2248 5313 inepti
2280 5242 2413 5298 ﬁunt
2456 5244 2525 5300 ad
2553 5262 2738 5301 verum
2769 5249 2953 5305 cibum
2979 5251 3484 5310 conuuinuendnnr.

1909 5335 2055 5392 Grex
2104 5337 2268 5407 igitur
2305 5349 2594 5394 tonsarum
2641 5340 2809 5397 refert
2834 5343 3027 5403 dentes
3062 5342 3311 5415 Sponsae,
3359 5350 3487 5416 quin

1911 5429 2045 5484 nihil
2078 5430 2282 5485 habent
2309 5446 2503 5487 eorum
2541 5448 2668 5508 quae
2697 5436 2939 5504 praedicti
2966 5434 3156 5494 dentes
3194 5439 3490 5511 impiorum

1910 5521 2219 5590 habebant;
2262 5523 2356 5579 sed
2390 5526 2578 5582 sordes
2607 5541 2796 5584 omnes
2838 5545 2935 5601 per
2962 5530 3249 5590 lavacrum
3279 5533 3495 5591 abster-

285 5691 413 5730 ""“
444 5693 591 5750 Psal.
620 5710 703 5760 ιιι,
733 5696 788 5751 8.
848 5697 1106 5756 “Matth.
1150 5714 1302 5765 χχιιι,
1337 5699 1426 5754 42.
1506 5701 1548 5732 ⁷ο
1574 5699 1709 5756 Gcn.
1746 5714 1889 5768 thx,
1928 5697 2017 5756 13.

512 5787 788 5849 ΡΑτιιοι..
824 5789 939 5853 Gn.
990 5790 1353 5853 LXXXVII.

2924 5762 3092 5859 ἐδει
