3950 6294
456 403 476 470 1
489 402 591 470 647

1783 400 2134 461 PROCOPII
2172 399 2415 461 GAZEI

3579 387 3726 455 1648

525 519 795 591 Origeuis.
825 547 895 557 ——
931 514 1105 572 Laudi
1155 515 1534 587 temperantia:
1567 516 1816 589 adiungit
1845 557 1860 582 ,
1918 524 2025 571 etc.

2214 502 2565 586 Ὠριγένους.
2597 544 2667 554 -
2706 511 3039 585 Προστίθησι
3093 510 3169 583 τῷ
3211 511 3310 583 τῆς
3359 510 3725 580 σωφροσύνης

528 694 693 751 Vsus.
736 694 792 751 4.
831 691 983 748 Sicut
1006 693 1178 746 turris
1223 690 1393 746 David
1438 691 1635 746 collum
1685 702 1832 745 tuum
1862 730 1877 757 ,
1914 706 2028 761 qua:

451 789 726 858 wdiﬁcata
754 794 831 841 est
861 786 915 839 in
953 784 1259 851 Tltalpiotlt,
1300 785 1446 839 mille
1478 784 1649 854 clypei
1682 783 1903 853 pendent
1934 797 2027 836 διι-
2061 850 2070 858 _

451 896 545 950 per
570 895 709 945 eam,
743 876 918 933 omnia
939 874 1132 945 jacula
1158 878 1478 945 potentium.
1958 922 1961 929 .

525 967 787 1038 Gregorii.
818 995 890 1006 —
922 964 1001 1019 Ex
1043 965 1127 1020 his
1167 964 1436 1021 discimus
1461 979 1525 1021 ea
1578 979 1701 1036 quae
1750 980 1780 1018 a
1821 962 2029 1018 sanctis

454 1058 659 1115 ﬁebant
701 1066 889 1129 typum
923 1053 1218 1128 quemdam
1264 1056 1545 1112 exstitisse
1600 1070 1664 1111 ac
1721 1055 2029 1110 doctrinam

456 1168 649 1210 eorum
685 1167 809 1222 quae
839 1158 990 1207 recte
1013 1149 1153 1205 fiunt
1181 1164 1246 1205 ex
1280 1150 1482 1205 virtute
1506 1189 1520 1215 ,
1574 1159 1634 1205 ut
1662 1148 1868 1219 nuptiae
1902 1148 2030 1218 qui—

454 1246 561 1300 bus
594 1243 858 1297 virtutum
884 1240 1176 1297 convictus
1205 1241 1367 1296 nobis
1416 1255 1514 1311 per
1562 1239 1854 1313 aenigmata
1898 1253 2031 1309 pro-

453 1333 700 1406 ponitur.
723 1331 975 1403 Migratio
1002 1341 1182 1387 autent
1202 1332 1463 1388 virtuosa:
1482 1333 1604 1387 vitae
1626 1331 2028 1387 institutionem

453 1408 715 1483 denotat:
750 1425 1112 1480 aedificiorum
1145 1425 1551 1481 exstructiones
1595 1439 1695 1479 nos
1727 1424 1782 1478 in
1810 1424 2032 1480 virtutis

456 1526 798 1576 structuram
832 1516 1078 1572 studium
1113 1532 1176 1572 ac
1203 1516 1542 1588 diligentiam
1589 1517 1906 1587 impendere
1936 1516 2028 1586 ju-

453 1609 589 1664 bent
634 1607 835 1663 bellum
874 1606 1143 1663 adversus
1169 1606 1507 1677 alienigenas
1534 1648 1550 1668 ,
1582 1606 1743 1662 docet
1779 1622 1884 1661 nos
1915 1606 2030 1660 for-

456 1701 587 1754 titer
617 1713 808 1769 gerere
840 1695 1109 1752 adversus
1150 1695 1496 1767 iniquitates.
1529 1698 1622 1752 Sic
1667 1697 1835 1769 igitur
1869 1697 2030 1752 etiam

456 1790 689 1861 insignis
727 1789 819 1843 illa
850 1788 1021 1844 turris
1054 1787 1244 1853 David,
1277 1787 1332 1842 in
1357 1803 1467 1860 qua
1494 1789 1677 1859 opima
1710 1788 1883 1859 spolia
1912 1803 2034 1844 sus-

2136 609 2371 678 ἐπαίνῳ,
2400 626 2456 664 κ.
2482 626 2531 661 τ.
2564 606 2613 660 λ.
2644 606 2781 675 (52).
2816 622 2825 630 ·

2204 696 2267 751 δ’.
2302 697 2396 760 Ὠς
2423 697 2648 765 πύργος
2671 694 2850 748 Δαϐὶδ
2876 692 3173 762 τράχηλός
3196 708 3335 758 σου,
3356 695 3388 746 ὀ
3414 691 3727 760 ᾠκοδομη-

2130 788 2317 858 μένος
2348 788 2417 841 ἐν
2458 784 2763 840 Θαλπιώθ·
2799 786 2979 854 χίλιοι
3020 784 3219 853 θυρεοὶ
3264 783 3585 854 κρέμανται
3619 784 3730 837 ἐπ’

2135 879 2324 933 αὐτόν
2349 895 2362 908 ·
2403 876 2595 933 πᾶσαι
2629 877 2881 944 ,ϐολίδες
2919 875 3040 931 τῶν
3076 875 3372 930 δυνατῶν.

2207 970 2561 1039 Γρηνορίου.
2586 997 2657 1008 —
2673 968 2766 1022 Ἐκ
2786 967 2995 1021 τούτων
3017 966 3361 1038 μανθάνομεν
3377 966 3460 1019 ὅτι
3479 965 3548 1019 τά
3571 981 3650 1018 πα
3658 964 3729 1036 ρὰ

2135 1062 2245 1116 τῶν
2275 1062 2444 1130 ἁγίων
2475 1060 2757 1131 γινόμενα,
2792 1059 2964 1124 τύπος
2993 1077 3077 1124 τις
3125 1059 3223 1113 καὶ
3268 1058 3590 1112 διδασκαλία
3615 1058 3731 1112 τῶν

2138 1156 2220 1218 είς
2246 1153 2447 1225 ἀρετὴν
2477 1153 2936 1225 κατορθουμένων
2964 1152 3240 1219 ἐγίνοντοθ
3272 1144 3383 1203 οἷον
3430 1150 3480 1203 οἱ
3528 1151 3730 1220 γάμοι⁹

2138 1247 2204 1301 δι’
2222 1238 2296 1300 ὧν
2316 1247 2415 1318 τὴν
2436 1246 2544 1299 τῶν
2570 1245 2784 1318 ἀρετῶν
2811 1245 3123 1313 συνοίκησιν
3145 1245 3277 1314 ἡμῖν
3296 1242 3362 1296 δι’
3383 1242 3733 1313 αἰνιγμάτων

2138 1338 2484 1392 ὑποτίθενται
2506 1354 2519 1368 ο
2550 1337 2857 1409 ῆάποικία,
2916 1336 3149 1407 καὶγὰρ
3183 1335 3277 1388 τοῦ
3318 1336 3572 1407 ἐναρέτου
3608 1334 3732 1405 βῖου

2137 1430 2229 1483 τὸν
2257 1429 2507 1499 οἰκισμὸν
2533 1428 2823 1483 ὑποϐάλλει
2843 1441 2858 1457 ⁸
2906 1428 2963 1481 αἱ
3007 1426 3115 1481 τῶν
3145 1426 3594 1498 οἰκοδομημάτων
3623 1444 3733 1480 κα-

2137 1523 2427 1585 τασκευαὶ,
2456 1520 2558 1592 τὴν
2582 1520 2692 1591 γὰρ
2718 1520 2786 1573 δι’
2812 1520 3014 1592 ἀρετῆς
3040 1518 3495 1588 οἰκοδομουμένην
3526 1518 3730 1588 ἐπιμέ-

2138 1613 2291 1669 λειαν
2316 1613 2585 1667 ποιεῖσθαι
2614 1612 2987 1679 διακελεύεται
3006 1629 3021 1643 υ
3051 1614 3080 1665 6
3108 1610 3251 1665 κατά
3272 1612 3381 1665 τῶν
3413 1610 3737 1680 ἀλλοφύλων

2139 1703 2379 1773 πόλεμος
2401 1743 2417 1765 ,
2449 1701 2718 1755 διδάσκων
2744 1702 2887 1755 κατὰ
2915 1702 3016 1772 τῆς
3050 1699 3263 1765 ἀδικίας
3296 1702 3441 1771 ἡμᾶς
3480 1701 3731 1772 ἀνδρίζε-

2142 1786 2268 1845 σθάι
2289 1808 2302 1820 ·
2340 1791 2485 1845 οὕτω
2515 1790 2696 1846 τοίνυν
2724 1792 2818 1845 καὶ
2846 1792 2875 1845 6
2907 1793 3058 1859 παρὰ
3087 1792 3184 1846 τοῦ
3218 1790 3383 1844 Δαϐὶδ
3420 1790 3737 1863 περιφανὴς

455 1883 667 1955 pendit,
704 1881 771 1936 ad
820 1881 1078 1937 Ecclesiae
1138 1878 1445 1951 profectum
1480 1888 1710 1950 spectat,
1750 1878 1880 1934 dum
1942 1894 2037 1950 per

2149 1882 2367 1953 πύργος,
2399 1883 2456 1935 ἐν
2501 1874 2546 1950 ᾧ
2592 1881 2660 1935 τὰ
2707 1882 2995 1953 ἀκροθίνια
3034 1881 3145 1935 τῶν
3174 1881 3435 1953 λαφύρων
3470 1881 3734 1951 ἀνέθηκε,

458 1977 607 2030 illam
662 1966 880 2029 divinos
930 1972 1200 2043 quosdam
1257 1987 1382 2028 esse
1417 1972 1676 2027 doctores
1737 1970 2034 2038 insinuat,

456 2068 549 2139 qui
580 2068 634 2120 in
665 2064 866 2136 populo
893 2063 1021 2119 colli
1056 2064 1239 2117 locum
1271 2062 1538 2127 obtinent,
1559 2076 1624 2117 ac
1658 2076 1845 2118 verum
1876 2068 2038 2135 caput

458 2162 741 2218 Christum
793 2159 851 2213 in
892 2156 1207 2228 semetipsis
1234 2163 1479 2226 portant,
1512 2156 1788 2211 nutriendi
1814 2158 1866 2212 vi
1895 2170 2038 2226 prae-

460 2256 585 2318 diti,
614 2268 809 2324 itempe
847 2266 944 2321 per
975 2249 1286 2305 doctrinam
1346 2264 1454 2320 qua
1495 2254 1745 2319 corporis
1781 2248 2041 2303 Ecclesia:

459 2345 613 2399 vires
644 2349 1044 2396 conservantur
1073 2355 1088 2405 ;
1115 2353 1351 2408 cumque
1381 2338 1609 2409 spiritus
1660 2353 1892 2410 capaces
1926 2338 2041 2395 sint

460 2436 555 2506 qui
582 2450 680 2490 cor
711 2431 889 2488 reddit
915 2431 1134 2501 igneum
1171 2438 1225 2484 et
1257 2429 1530 2495 calefacit,
1574 2439 1628 2486 et
1667 2445 1762 2501 per
1780 2446 2040 2487 sonoram

461 2542 649 2583 vocem
680 2524 994 2580 deserviant
1044 2523 1282 2578 sermoni
1311 2531 1365 2578 et
1403 2524 1735 2578 concinnum
1764 2523 2043 2580 vertebra-

460 2635 583 2674 rum
623 2619 790 2673 situm
827 2631 924 2687 per
954 2613 1237 2668 vinculum
1268 2615 1418 2685 pacis
1446 2614 1500 2667 in
1549 2615 1748 2684 populo
1802 2612 2043 2669 efﬁciant

461 2719 518 2764 et
545 2708 900 2763 inclinent‘se
934 2703 1233 2760 humilibus
1266 2704 1780 2767 eondescendendo.
1816 2718 1881 2758 ac
1917 2718 2041 2758 rur-

387 2858 395 2867 ,
462 2817 561 2856 sus
611 2799 829 2871 erigant
862 2812 925 2853 ea
957 2811 1079 2867 quae
1108 2810 1327 2852 sursum
1386 2804 1520 2852 sunt
1557 2795 1826 2865 sapiendo
1882 2804 1937 2849 et
1973 2793 2044 2849 ad

464 2894 639 2948 latera
678 2907 737 2948 se
770 2890 934 2945 facile
964 2888 1298 2959 obliquando
1331 2897 1654 2944 convertant
1678 2888 1732 2942 in
1758 2887 2043 2943 declinan-

469 2986 556 3040 dis
584 2992 639 3040 et
680 2982 943 3039 cavendis
969 2981 1137 3036 variis
1168 2980 1373 3036 diaboli
1404 2979 1625 3034 insidiis
1648 3019 1665 3045 ,
1694 2979 2043 3035 ostendentes

470 3078 652 3151 qualis
690 3091 911 3148 quoque
971 3074 1135 3131 fuerit
1163 3074 1357 3130 beatus
1412 3072 1616 3127 Paulus
1647 3111 1662 3138 ,
1696 3071 1790 3142 qui
1837 3072 2044 3128 Christi

394 3158 397 3165 ’
465 3186 667 3227 nomen
700 3168 936 3240 portavit
969 3182 1094 3222 cum
1125 3172 1272 3222 esset
1321 3179 1417 3219 vas
1444 3164 1736 3220 electionis
1757 3173 1810 3219 et
1841 3179 2042 3220 sonora

2139 1973 2277 2046 πρὸς
2307 1973 2405 2045 τὴν
2427 1973 2715 2046 προκοπὴν
2744 1973 2843 2043 τῆς
2877 1971 3202 2045 Ἐκκλησίας
3232 1972 3420 2043 βλέπει
3440 1988 3454 2004 ⁸
3487 1973 3574 2026 διὰ
3599 1972 3737 2027 τού-

2137 2083 2233 2119 του
2265 2065 2662 2138 παρεμφαίνων
2689 2065 2868 2130 θείους
2901 2066 3052 2128 τινάς
3078 2061 3217 2118 εἶναι
3244 2066 3371 2129 τοὺς
3413 2065 3473 2118 ὲν
3505 2066 3583 2136 τῷ
3617 2064 3736 2137 λαῷ

2138 2156 2229 2211 τὸν
2253 2156 2529 2227 τραχήλου
2556 2155 2721 2209 τόπον
2743 2156 2967 2226 ἔχοντας
2995 2155 3371 2221 διδασκάλους,
3410 2155 3609 2220 οἵτινες
3632 2156 3735 2228 τὴν

2140 2248 2400 2319 ἀληθινὴν
2432 2247 2674 2317 κεφαλὴν
2713 2247 2805 2301 τὸν
2851 2247 3087 2318 Χριστὸν
3120 2246 3444 2319 βαστάζοιεν
3475 2249 3562 2317 ἐφ’
3596 2250 3733 2303 ἐαυ-

2141 2341 2282 2395 τῶν⁶
2315 2339 2532 2411 ἔχοντες
2559 2340 2655 2393 καὶ⁷
2688 2340 2787 2409 τὴν
2825 2339 3127 2410 θρεπτικὴν
3157 2341 3466 2413 ἐνέργειαν,
3500 2342 3647 2412 φημὶ
3669 2342 3736 2413 δὴ

2141 2434 2241 2505 τὴν
2267 2432 2645 2487 διδασκαλίαν·
2679 2432 2745 2486 δι’
2769 2426 2836 2503 ἧς
2882 2434 2961 2500 τῷ
3016 2430 3231 2502 σώματι
3262 2432 3364 2501 τῆς
3401 2431 3736 2503 Ἐκκλησίας

2145 2525 2492 2594 συντηρεῖται
2543 2523 2577 2591 ἡ
2624 2521 2885 2590 δύναμις·
2921 2521 3160 2575 δεκτικοί
3192 2538 3253 2575 τε
3278 2520 3374 2575 τοῦ
3411 2523 3735 2593 Πνεύματος

2134 2614 2316 2678 ϐντες,
2348 2612 2445 2666 τοῦ
2493 2613 2592 2685 τὴν
2638 2612 2867 2684 καρδίαν
2908 2613 3165 2685 πυροειδῆ
3203 2613 3482 2677 ποιοῦντος
3510 2615 3609 2668 καὶ
3643 2618 3739 2669 ὲκ-

2144 2705 2552 2777 θερμαίνοντος,
2578 2706 2672 2759 καὶ
2699 2703 2788 2758 διὰ
2820 2705 2921 2768 τῆς
2951 2705 3151 2775 εύήχου
3178 2705 3362 2776 φωνῆς
3391 2706 3737 2777 ὑπηρετοῦν-

2143 2811 2236 2858 τες
2266 2793 2528 2866 τῷλόγῳ,
2562 2794 2654 2847 καὶ
2681 2796 2784 2865 τὴν
2814 2794 3139 2865 ἐναρμόνιον
3167 2795 3275 2849 τῶν
3301 2796 3613 2850 σπονδύλων
3644 2797 3739 2852 θέ-

2147 2903 2252 2952 σιν,
2286 2885 2374 2939 διὰ
2406 2885 2501 2939 τοῦ
2550 2884 2853 2956 συνδέσμου
2897 2887 2999 2954 τῆς
3043 2887 3266 2956 εἰρήνης
3316 2886 3600 2957 φέρεσθαι,
3641 2891 3740 2943 καλ⁵

2144 2978 2543 3050 ἀνορθούμενον
2575 2978 2737 3032 πάλιν
2771 2980 2828 3030 ὲν
2860 2978 2938 3049 τῷ
2961 2979 3030 3033 τὰ
3062 2978 3174 3032 ἄνω
3203 2983 3444 3050 φρονεῖν,
3471 2981 3565 3033 καὶ
3596 2981 3740 3052 πρὸς

2145 3069 2213 3124 τὰ
2246 3070 2452 3139 πλάγια
2475 3069 2985 3141 μεταστρεφόμενον
3016 3069 3254 3134 εὐκόλως
3280 3087 3293 3101 ·
3319 3072 3379 3124 ὲν
3406 3064 3449 3139 ᾧ
3478 3071 3578 3135 τὰς
3610 3090 3738 3126 ποι-

2146 3161 2304 3224 κίλας
2337 3160 2431 3213 τοῦ
2465 3159 2712 3214 διαϐόλου
2745 3161 2995 3232 μεθοδίας
3018 3162 3290 3215 ἐκκλίνειν
3317 3162 3414 3216 καὶ
3435 3163 3738 3230 ἀσφαλίζε-

470 3262 677 3317 arteria
700 3221 1088 3327 rEvangelium
1144 3255 1487 3330 praedicaret,
1524 3261 1578 3309 et
1607 3251 1884 3310 Christum
1941 3254 2039 3308 ha-

2149 3253 2272 3307 σθαι
2304 3252 2635 3317 δεικνύντες,
2667 3248 2778 3317 οἷος
2813 3249 2877 3325 ἦν
2916 3255 3011 3307 καὶ⁸
3036 3256 3065 3307 6
3102 3254 3376 3325 μακάριος
3406 3254 3637 3319 Παῦλος,
3676 3259 3741 3325 ὃς

464 3353 620 3407 heret
642 3351 696 3405 in
730 3364 790 3405 se
826 3349 1146 3412 loquentem
1199 3361 1262 3400 ac
1293 3346 1680 3403 disserentem.
1740 3343 1874 3401 Tale
1911 3360 2044 3417 ergo

465 3439 668 3495 collum
726 3452 854 3493 vere
888 3435 991 3490 fuit
1045 3452 1077 3490 a
1134 3435 1337 3490 Davide
1406 3433 1755 3490 aedificatum.
1798 3434 2045 3506 Intellige

469 3544 652 3589 autem
698 3531 955 3586 Davidem
989 3528 1135 3599 regis
1171 3528 1386 3583 Patrem
1420 3527 1474 3581 in
1527 3525 1829 3598 conspicuo
1853 3533 1909 3583 et
1946 3544 2044 3583 ex-

467 3627 617 3682 celso
648 3623 886 3695 quodam
922 3621 1045 3677 loco
1089 3622 1109 3692 (
1139 3620 1243 3675 hoc
1266 3620 1410 3674 enim
1444 3618 1551 3674 sibi
1578 3618 1694 3675 vult
1727 3615 2042 3688 Thalpioth)

467 3718 562 3789 qui
609 3716 677 3772 ab
711 3715 869 3771 initio
899 3712 1185 3770 constituit
1225 3711 1510 3766 hominem
1564 3722 1621 3766 ut
1672 3717 1820 3767 esset
1874 3708 2045 3765 turris

467 3820 521 3866 et
548 3823 656 3864 non
676 3806 725 3861 vi
759 3805 999 3871 caderet,
1026 3812 1081 3859 et
1115 3818 1211 3876 per
1235 3802 1465 3873 gratiam
1497 3816 1623 3857 eum
1662 3816 1859 3857 rursus
1915 3797 2047 3855 aedi-

392 3934 396 3939 ο
468 3901 654 3958 ficavit
686 3898 873 3953 multis
906 3897 1173 3969 munitum
1201 3894 1404 3967 clypeis
1429 3902 1487 3969 ρι
1514 3894 1688 3949 hastis
1708 3893 2039 3964 potentium,

468 4009 579 4049 non
628 3993 683 4048 in
736 4000 882 4047 terra
921 3967 1262 4059 iacentibus,
1306 3987 1399 4042 sed
1435 3967 1515 4041 Vin
1572 4001 1699 4041 aere
1767 3986 2048 4054 suspensis

469 4097 591 4152 quae
625 4081 830 4136 fuerint
858 4078 1116 4149 angelica:
1143 4075 1431 4142 custodiae,
1487 4084 1545 4129 ut
1583 4074 1931 4129 inimicorum
1958 4073 2047 4127 iu-

470 4172 707 4229 sultibus
746 4184 857 4224 non
911 4165 1070 4220 facile
1107 4165 1347 4236 amplius
1394 4174 1583 4234 posset
1618 4160 1826 4230 invadi,
1859 4174 2044 4216 verum

468 4265 636 4319 etiam
672 4271 940 4317 terrorem
975 4256 1113 4328 ipsis
1143 4257 1501 4323 incuterent,
1533 4254 1671 4311 adeo
1702 4263 1762 4308 ut
1804 4266 1874 4308 ne
1928 4265 2047 4305 om-

468 4356 603 4410 nino
636 4351 855 4424 quidem
889 4350 1154 4404 auderent
1182 4347 1379 4401 turrim
1430 4345 1709 4401 invadere.
1766 4342 2046 4397 Numerus

472 4452 654 4498 autem
688 4440 1034 4496 millenarius
1079 4437 1323 4496 sumitur
1356 4437 1423 4493 ad
1511 4434 1861 4492 indicandam
1898 4433 2048 4487 mul-

471 4533 786 4590 titudinem.
816 4530 920 4589 Per
944 4532 1204 4587 humeros
1230 4538 1412 4586 autem
1436 4526 1641 4599 quibus
1659 4526 1827 4582 hocce
1842 4524 2044 4612 collum
2070 4551 2126 4612 Β

471 4636 557 4682 est
589 4625 875 4688 aduatum,
906 4622 1151 4694 intellige
1207 4621 1389 4677 studia
1428 4619 1625 4691 agendi
1681 4624 1736 4673 et
1782 4599 2047 4687 operatidi

469 4732 570 4789 per
595 4732 718 4787 quae
758 4723 949 4772 nostra
980 4713 1207 4771 brachia
1243 4727 1400 4769 suam
1459 4718 1760 4782 operantur
1790 4708 2046 4765 salutem.

470 4805 709 4875 Quando
755 4806 926 4877 igitur
958 4805 1131 4860 turris
1166 4801 1315 4873 regis
1355 4802 1617 4868 evaserit,
1662 4799 2052 4856 conscenderit

456 4883 654 4953 autem
689 4897 978 4969 sublimem
1018 4892 1228 4949 vivendi
1272 4893 1564 4954 rationem,
1595 4898 1727 4946 tunc
1794 4890 2051 4962 impletur

470 4989 527 5047 id
571 4991 717 5059 quod
748 4988 959 5045 dictum
991 4994 1077 5043 est
1109 5000 1139 5040 a
1180 4983 1410 5039 Domino
1441 4999 1454 5035 :
1498 5001 1517 5035 ι
1547 4981 1665 5039 Νοιι
1705 4990 1884 5055 potest
1924 4982 2052 5038 abs-

474 5081 635 5139 condi
671 5082 871 5139 civilas
900 5094 1069 5151 supra
1125 5086 1364 5135 montem
1430 5077 1609 5149 posita
1645 5078 1693 5109 ⁷⁸
1731 5094 1751 5130 ι
1805 5075 2046 5148 iutellige

474 5182 655 5232 autem
695 5173 887 5228 turrim
938 5183 1037 5240 pro
1087 5166 1328 5225 civitate.

546 5441 686 5498 Nili.
716 5468 788 5480 —
812 5438 871 5493 lu
893 5438 1328 5509 praecedentibus
1362 5438 1582 5511 quidem
1604 5451 1819 5509 sponsae
1840 5438 2043 5495 collum

541 5628 588 5663 ⁷⁵
619 5623 811 5680 Matth.
842 5641 893 5699 δ’,
930 5622 1018 5679 Η.

2145 3345 2207 3398 τὸ
2231 3344 2403 3414 ὄνομα
2434 3344 2525 3398 τοῦ
2551 3344 2788 3416 Χριστοῦ
2823 3345 3113 3411 ἐϐάστασε,
3148 3347 3342 3412 σκεῦος
3376 3349 3612 3419 ἐκλογῆς
3640 3367 3737 3419 γε-

2146 3437 2393 3508 νόμενος,
2432 3438 2526 3492 καὶ
2573 3438 2757 3508 εύήχῳ
2804 3438 3045 3509 ἀρτηρίᾳ
3079 3440 3365 3510 κηρύττων
3392 3441 3451 3494 τὸ
3482 3441 3735 3510 Εὐαγγέ-

2146 3528 2281 3596 λιον,
2317 3529 2412 3582 καὶ
2437 3529 2527 3582 τὸν
2557 3527 2959 3599 Χριστὸν,έχο›ν
2986 3527 3253 3584 λαλοῦντά
3278 3547 3339 3584 τε
3371 3530 3465 3585 καὶ
3492 3532 3739 3601 φθεγγό-

2149 3636 2341 3692 μενον·
2381 3622 2410 3673 ό
2434 3618 2673 3682 τοιοῦτος
2704 3613 2796 3672 οὖν
2827 3618 3117 3690 τράχηλος,
3140 3620 3308 3684 ὅντως
3343 3621 3493 3691 παρὰ
3524 3621 3616 3674 τὸν
3637 3626 3744 3677 Δα.

2148 3712 2232 3767 ϐὶδ
2274 3711 2654 3783 ᾠκοδόμηταιο
2687 3712 2797 3765 νόει
2832 3711 2887 3765 δὲ
2915 3712 3005 3765 διὰ
3035 3712 3128 3765 τοῦ
3159 3711 3324 3766 Δαϐὶδ
3345 3749 3361 3776 ,
3394 3713 3482 3765 τὸν
3512 3713 3606 3766 τοῦ
3641 3714 3743 3783 βα-

2149 3801 2344 3865 σιλέως
2379 3803 2611 3872 πατέρα,
2643 3802 2701 3853 ἐν
2745 3802 3026 3874 περιόπτῳ
3062 3803 3170 3857 τινὶ
3196 3805 3346 3875 τόπῳ
3376 3806 3472 3858 καὶ
3502 3806 3693 3876 ύνᾲηλῴ
3721 3825 3737 3838 ·

2148 3890 2303 3944 τοῦτο
2346 3892 2453 3963 γὰρ
2486 3891 2545 3945 τὸ
2573 3891 2826 3946 Θαλπιώθ
2853 3908 2865 3925 °
2897 3893 2955 3957 ὃς
3002 3893 3061 3961 ἐξ
3093 3895 3269 3966 ἀρχῆς
3313 3895 3405 3949 τὸν
3446 3896 3743 3968 ἄνθρωπον

2149 3984 2551 4038 κατεσκεύασεν
2577 3980 2716 4039 εἷναι
2740 3985 2969 4057 πύργον,
2993 3986 3087 4039 καὶ
3116 3986 3236 4057 οὐχὶ
3261 3986 3575 4057 σύμπτωμα
3594 4005 3609 4019 ο
3644 3990 3743 4044 καὶ

2148 4071 2236 4125 διὰ
2266 4073 2361 4142 τῆς
2392 4073 2613 4143 χάριτος
2644 4074 2808 4127 αὐτοῦ
2846 4075 3010 4127 πάλιν
3036 4073 3411 4145 ᾠκοδόμησεν,
3440 4076 3743 4143 ἀσφαλισά-

2152 4179 2313 4232 μενος
2344 4165 2455 4228 τοῐς
2482 4165 2694 4228 πολλοῖς
2727 4164 2960 4235 θυρεοῖς,
2984 4168 3077 4220 καὶ
3102 4169 3221 4229 ταῖς
3250 4165 3423 4236 βολίσι
3447 4167 3555 4219 τῶν
3581 4167 3746 4222 δυνα-

2149 4250 2278 4317 τῶν,
2315 4253 2374 4305 ού
2406 4255 2680 4323 κειμένοις
2710 4256 2801 4306 ἐπὶ
2827 4254 2962 4324 γῆς,
2994 4255 3132 4310 ἀλλὰ
3162 4255 3424 4327 διαερίοις
3448 4259 3743 4327 κρεμαμέ-

2149 4360 2282 4410 νοις,
2333 4344 2527 4407 οἴτινες
2559 4340 2669 4398 εἷεν
2697 4345 2987 4414 ἀγγελικαὶ
3016 4349 3272 4421 φρουραὶ,
3295 4348 3371 4411 ὠς
3402 4350 3607 4420 μηκέτι
3630 4350 3744 4411 τῶν

2149 4433 2426 4504 πολεμίων
2453 4434 2665 4504 ἐφόδοις
2695 4437 2980 4491 ἐπίϐουλον
3002 4439 3267 4508 γίνεσθαι,
3290 4440 3425 4494 ἀλλὰ
3455 4441 3548 4493 καὶ
3573 4442 3744 4510 φόϐον

2149 4524 2378 4588 ταύταις
2411 4525 2682 4596 ἐμποιεῖν,
2718 4528 2811 4583 τοῦ
2858 4528 2994 4601 μηδὲ
3042 4531 3143 4600 τὴν
3189 4530 3367 4601 ἀρχὴν
3414 4532 3742 4602 ἐγχειρῆσαι

2154 4614 2547 4685 καταδραμεῖν·
2568 4616 2629 4668 τὸ
2653 4615 2733 4684 δὲ,
2762 4617 2943 4687 χίλιοι,
2977 4619 3056 4681 είς
3079 4618 3303 4684 ἔνδειξιν
3329 4620 3568 4691 πλήθους
3600 4620 3745 4691 λαμ-

2152 4703 2373 4759 ϐάνεται
2394 4722 2406 4738 '
2435 4704 2620 4778 ὤμους
2651 4708 2707 4761 δὲ
2738 4710 2973 4780 νοήσεις,
2997 4705 3078 4775 οἷς
3105 4712 3346 4781 πέφυκεν
3369 4707 3521 4773 οὗτος
3548 4714 3578 4766 6
3604 4715 3739 4784 τρά-

2152 4796 2338 4868 χηλος,
2369 4798 2468 4862 τὰς
2510 4803 2817 4871 πρακτικάς
2860 4818 2920 4854 τε
2966 4804 3061 4856 καὶ
3090 4803 3452 4875 ἐνεργητικὰς
3480 4805 3741 4869 σπονδάς,

2152 4888 2222 4942 δι’
2242 4883 2315 4942 ὧν
2363 4890 2411 4943 oi
2446 4888 2732 4962 βραχίονες
2764 4894 2921 4963 ἡμῶν
2958 4894 3057 4966 τὴν
3082 4896 3378 4968 σωτηρίαν
3403 4895 3582 4949 αὐτῶν
3610 4914 3744 4950 κατ-

2154 4982 2478 5052 εργάζονται
2498 4999 2510 5012 ο
2539 4984 2671 5037 ὅταν
2696 4985 2876 5039 τοίνυν
2906 5003 2990 5051 τις
3025 4985 3291 5057 βασιλέως
3318 4988 3418 5056 μὲν
3449 4986 3658 5057 πύργος
3680 4984 3741 5062 ᾗ.

2156 5072 2250 5126 ἐπὶ
2270 5073 2327 5126 δὲ
2347 5076 2448 5145 τῆς
2473 5073 2682 5147 ὑψηλῆς
2707 5076 2979 5157 πολιτείας
3004 5075 3255 5148 βεϐηκὼς
3278 5076 3575 5151 τύχῃ,τότε
3603 5078 3743 5149 πλη-

2158 5162 2347 5235 ροῦται
2373 5165 2435 5219 τὸ
2463 5166 2614 5237 παρὰ
2638 5166 2731 5220 τοῦ
2763 5167 2968 5238 Κυρίου
2999 5168 3290 5240 λεγόμενον
3310 5186 3326 5203 θ
3365 5188 3384 5222 ι
3411 5170 3487 5223 Οὐ
3513 5168 3743 5223 δύναται

2158 5254 2315 5319 πόλις
2348 5256 2621 5327 κρυϐῆναι
2652 5260 2837 5314 ἐπάνω
2862 5258 3023 5331 ὅρους
3052 5261 3282 5331 κειμένη
3303 5275 3321 5293 ·
3347 5281 3367 5312 ι
3417 5260 3529 5315 νόει
3555 5261 3616 5317 δέ
3650 5279 3743 5334 μοι

2154 5344 2248 5398 τὸν
2275 5346 2484 5416 πύργον
2513 5349 2633 5403 ἀντὶ
2656 5348 2755 5418 τῆς
2790 5349 3018 5415 πόλεως.

2226 5440 2288 5493 Εἰ
2337 5439 2436 5510 μὲν
2484 5444 2593 5507 τοῖς
2642 5444 2817 5503 ὀπίσω
2866 5448 2895 5499 6
2937 5446 3205 5517 τράχηλος
3237 5446 3332 5519 τῆς
3363 5445 3631 5519 Νύμφης,
3666 5445 3743 5512 ὡς

1988 5709 2222 5768 ΝΟΤΔΕ.

538 5806 657 5879 (εἰ)
698 5808 902 5864 Patrol.
934 5819 975 5864 t.
1002 5802 1166 5875 xvu,
1195 5808 1286 5863 cit.
1320 5807 1427 5863 col.
1453 5770 1581 5862 eis.
