3970 6296
256 221 404 290 1649

1194 216 1734 286 (ΣΟΜΜἘΝΤΑΒΙΙ
1761 222 1844 283 ΙΝ
1877 220 2204 282 CANTICA:
2225 219 2523 284 CANTIC.

3381 209 3538 288 16:0"

248 334 524 403 ὀρμίσκος
552 333 666 406 (53)
703 296 801 391 διά
826 335 890 389 τὸ
927 324 1244 407 καμπύλον
1271 339 1485 408 ἐλέγετο
1507 380 1522 407 ,
1552 339 1648 392 νῦν
1676 339 1732 392 δὲ
1763 339 1837 403 ὠς

1944 339 2162 400 propter
2227 329 2489 387 ﬂexuram
2556 328 2713 402 quasi
2755 329 3129 386 redimiculum
3184 331 3521 401 dicebatur,

249 423 488 491 πύργος
511 424 703 485 Δαϐὶδ,
724 426 813 478 διέι
834 426 892 479 τὸ
911 426 1089 497 ὄρθιον
1117 428 1211 482 καὶ
1238 428 1531 500 ἀνεστηκός
1555 446 1570 461 '
1604 427 1737 484 ἀλλά
1768 426 1837 497 τῷ

1944 436 2092 476 nunc
2135 428 2317 475 autem
2354 423 2490 476 sicut
2523 421 2688 478 turris
2722 420 2924 486 David,
2963 430 3189 494 propter
3234 426 3543 484 rectitudi-

254 512 357 583 μὲν
392 515 671 586 καμπύλῳ
709 518 771 570 τὸ
794 519 978 588 ὄρθιον
1005 520 1250 575 ἐναντίον
1273 539 1285 552 ·
1322 523 1355 593 ἡ
1389 523 1446 576 δὲ
1474 522 1549 587 ὡς
1580 523 1845 595 ὁρμίσκος

250 605 594 685 κατάστασις
613 647 630 672 ,
653 610 719 678 τῇ
747 608 822 673 ὡς
848 610 1042 681 πύργῳ
1074 611 1330 683 διάφορος
1363 614 1482 685 μὲν,
1515 615 1576 667 ού
1615 613 1721 685 μὴν
1753 616 1845 666 ὲν-

251 694 416 749 αντία
437 712 450 727 ·
478 684 567 750 ὅτε
592 698 694 767 μὲν
723 700 832 770 γὰρ
861 701 922 754 τὸ
958 702 1094 773 πρὸς
1121 704 1245 769 τοὺς
1267 686 1687 776 ἀσθενεστέρους
1711 721 1845 773 συγ-

251 787 626 842 καταϐατικον
655 791 848 861 αὐτῆς,
881 793 976 845 καὶ
1004 792 1100 864 τὴν
1127 795 1221 847 ἐπὶ
1248 797 1369 858 ταῖς
1403 796 1625 867 ἀρεταῖς
1652 813 1843 850 ταπει-

248 879 594 949 νοφροσύνην
639 880 889 950 βούλεται
933 884 1127 954 δηλοῦν
1172 886 1202 938 ὁ
1240 886 1417 953 λόγος,
1453 888 1719 958 ὁρμίσκον
1749 887 1842 940 τὸν

248 970 526 1039 τράχηλον
574 973 745 1043 αὐτῆς
796 976 1083 1045 ὀνομάζει,
1118 977 1193 1046 τῷ
1232 978 1441 1050 μετρίῳ
1485 978 1841 1049 κεκαμμένην

252 1063 598 1132 φρονήματιο
622 1066 711 1119 ὅτε
742 1067 799 1119 δὲ
826 1068 886 1121 τὺ
911 1069 1048 1140 πρὸς
1075 1068 1145 1124 τὰ
1185 1070 1329 1141 πάθη
1355 1071 1451 1123 καὶ
1476 1070 1573 1135 τὰς
1604 1072 1841 1125 ἀντικει-

246 1158 416 1225 μένας
451 1146 710 1226 δυνάμεις
740 1159 1074 1229 ὐπερανέχον
1100 1162 1196 1213 καὶ
1232 1159 1607 1230 διανεστηκδς,
1630 1162 1842 1232 πύργον

244 1248 412 1301 Δαϐὶδ
448 1249 749 1318 ἀπρόσιτον
793 1249 997 1321 δηλαδὴ
1044 1252 1158 1314 τοῖς
1206 1251 1521 1322 πολεμίοις·
1553 1253 1745 1306 Χίλεοι
1774 1251 1843 1305 δὲ

244 1338 445 1405 θυρεοὶ
490 1340 816 1408 κρέμανται
858 1342 951 1394 ἐπ’
977 1342 1184 1406 αὐτὸν,
1232 1345 1328 1397 καὶ
1373 1341 1563 1400 πᾶσαι
1590 1343 1842 1410 ,βολίδες

242 1428 362 1484 τῶν
383 1431 688 1500 δυνατῶν,
719 1435 775 1488 al
801 1434 912 1487 τῶν
941 1434 1076 1505 πρὸς
1104 1436 1276 1506 αὐτὴν
1306 1435 1727 1506 ἀγωνιζομένων
1752 1438 1843 1491 δυ-

242 1522 500 1590 νάμεωνο
550 1523 619 1587 ἃς
665 1527 1050 1596 χειρωσαμένη
1086 1527 1180 1579 καὶ
1230 1525 1491 1592 ὲξὸπλους
1537 1530 1839 1599 ποιήσασαν

240 1614 335 1668 τοῦ
386 1616 593 1685 ἑαυτῆς
646 1616 913 1689 ἐξήρτησε
948 1619 1245 1689 τραχήλου,
1280 1620 1506 1690 σημεῖον
1551 1620 1647 1673 τοῦ
1700 1621 1842 1691 παρ’

243 1706 416 1774 αὐτῆς
462 1708 822 1776 νενικημένου
859 1706 1099 1778 πλήθους
1143 1708 1442 1777 ὲσομένας’
1491 1709 1647 1763 οὐδὲν
1700 1710 1837 1763 ὐπο-

164 1858 169 1863 _
241 1796 511 1867 λιπομένη
555 1800 666 1860 τοῖς
707 1798 922 1869 ἐχθροῖς
976 1799 1128 1869 βέλος
1151 1842 1169 1865 ,
1198 1793 1243 1868 ᾧ
1276 1800 1438 1854 πάλιν
1474 1801 1657 1871 βαλεῖν
1682 1801 1839 1873 δυνήο

244 1906 427 1943 σονται
462 1892 587 1944 κατ’
610 1889 817 1960 αὐτῆς·
866 1891 927 1944 ού
977 1890 1088 1961 γὰρ
1136 1891 1372 1963 ἀριθμὸν
1407 1892 1650 1963 βολίδων.
1701 1892 1837 1947 ἀλλά

243 1979 421 2042 πάσας
450 1980 569 2050 ἔχει
595 1980 835 2035 λαϐοῦσα
863 1981 993 2051 παρ’
1018 1983 1183 2054 ἑαυτῇ
1207 1999 1219 2013 ο
1239 1981 1385 2036 οὕτω
1413 1983 1511 2037 καὶ
1535 1986 1563 2037 ὁ
1585 1984 1837 2053 Νυμφίας

245 2073 411 2143 αὐτῆς
441 2072 682 2125 ἐκένωσε
709 2072 802 2125 τοῦ
838 2071 1035 2143 ἐχθροῦ
1068 2073 1434 2144 πολεμοῦντος
1457 2073 1555 2146 τὴν
1574 2074 1803 2146 δύναμιν
1819 2091 1838 2112 ’-

244 2163 358 2216 ἐστι
388 2164 443 2216 δὲ
473 2164 708 2235 θυρεοὺς
740 2164 831 2216 καὶ
875 2164 976 2227 τὰς
1016 2165 1326 2237 περικοπὰς
1352 2166 1453 2234 τῆς
1487 2165 1723 2230 πίστεως
1753 2167 1834 2221 εί-

246 2260 364 2309 πεῖν
383 2273 396 2286 ·
428 2256 493 2309 τὸ
523 2256 579 2309 δὲ
613 2256 892 2325 Θαλπιὼθ,
932 2257 1001 2310 ἐν
1032 2257 1389 2326 ἐπάλξεσιν,
1426 2258 1792 2331 ἑρμηνεύεται
1816 2273 1834 2291 ο

244 2350 428 2403 ἐπάνω
456 2349 554 2403 οὖν
586 2350 697 2404 τῶν
740 2350 1061 2425 πειρασμῶν
1090 2351 1475 2424 ᾠκοδομῆσθαι
1503 2352 1594 2408 τὸν
1626 2352 1835 2425 πύργον

248 2457 428 2511 φησιν.
880 2500 897 2510 ,

322 2530 683 2601 Ὦρα-γένους.
700 2561 758 2573 -
773 2531 1003 2597 Ἀκύλας
1027 2533 1088 2586 τὸ
1115 2532 1412 2600 Θαλπιὼθ,
1436 2532 1720 2603 ἐπάλξεις
1745 2536 1837 2590 ἐκ·

246 2623 497 2685 δέδωκεν,
533 2641 588 2676 κ.
620 2641 669 2677 τ.
704 2624 753 2676 λ.
789 2624 922 2692 (54).

314 2722 372 2778 ε’,
407 2721 482 2780 ςθ.
530 2715 644 2770 Δύο
670 2716 896 2785 μαστοί
923 2733 1062 2782 σου,
1093 2718 1175 2784 ὡς
1213 2716 1322 2772 δύο
1366 2718 1563 2787 νεϐροὶ
1598 2718 1835 2790 δίδυμοι

248 2807 543 2876 δορκάδος
575 2811 631 2862 cl
667 2809 985 2877 νεμόμενοι
1028 2809 1098 2863 ἐν
1134 2809 1260 2877 τοῖς
1304 2811 1567 2880 κρίνοις-ο
1608 2811 1721 2878 ἕως
1760 2807 1833 2869 οὗ

249 2900 585 2969 diam-etiam
627 2900 669 2968 ὴ
705 2901 896 2969 ἡμέρα
932 2901 1033 2956 καὶ
1071 2902 1400 2969 κινηθῶσιν
1438 2907 1499 2958 al
1536 2906 1725 2959 σκιαί.

1867 1677 1915 1735 Β

1945 525 2068 564 nem
2111 517 2165 564 et
2215 511 2569 566 erectiouem.
2626 512 2794 583 Atqui
2830 512 3056 568 ﬂexura:
3084 514 3303 584 quidem
3354 517 3525 572 recti-

1946 602 2097 668 tudo,
2118 608 2297 658 status
2322 612 2502 658 autem
2530 603 2853 660 redimicula
2883 605 3081 662 similis
3113 606 3201 663 sui
3246 608 3390 664 sicut
3415 616 3528 664 tur-

1942 694 1991 748 ri
2024 694 2348 751 adversatur
2377 710 2391 747 :
2416 695 2667 751 diversus
2697 697 2922 767 quidem
2948 713 3060 754 non
3089 706 3275 753 tamen
3300 705 3526 756 contra.

1943 787 2082 842 rius.
2120 785 2354 854 Quando
2396 788 2543 843 enim
2603 789 2781 860 ipsius
2835 805 2964 863 erga
3011 790 3348 849 inﬁrmiores
3389 808 3526 848 con-

1943 878 2363 934 descensionem
2393 887 2447 932 et
2478 881 2537 935 in
2568 880 2866 937 virtutibus
2917 882 3283 938 humilitatem
3340 884 3528 940 decla-

1942 985 2069 1026 rare
2097 985 2283 1026 sermo
2326 972 2480 1040 cupit
2513 1013 2529 1039 ,
2581 973 2970 1030 redimiculum
3041 985 3097 1032 et
3129 977 3332 1032 collum
3403 978 3527 1049 ejus

1944 1059 2321 1116 moderatione
2344 1061 2516 1116 animi
2537 1060 2795 1116 inﬂexum
2814 1063 3084 1133 appellat;
3100 1065 3322 1134 quando
3343 1073 3525 1121 autem

1944 1158 2136 1206 contra
2171 1152 2460 1222 passiones
2485 1162 2539 1209 et
2564 1154 2912 1213 adversarias
2934 1156 3169 1212 virtutes
3194 1157 3525 1227 praeminen-

1946 1248 2079 1301 tiam
2109 1256 2164 1303 et
2191 1247 2550 1315 erectionem,
2585 1244 2781 1304 turrim
2845 1249 3015 1305 David
3056 1258 3280 1321 propter
3332 1251 3527 1305 altitu-

1943 1338 2129 1393 dinem
2164 1339 2420 1396 -inimicis
2480 1341 2845 1397 inaccessam.
2897 1340 3050 1396 Mille
3111 1350 3294 1398 autem
3354 1343 3526 1413 clypei

1942 1432 2169 1501 pendent
2214 1446 2370 1501 super
2400 1448 2518 1487 eam
2551 1440 2603 1488 et
2635 1434 2822 1488 omnia
2845 1433 3039 1503 ja‘cula
3093 1433 3320 1503 fortium
3356 1450 3375 1489 :
3403 1450 3527 1506 qua:

1944 1530 2072 1576 sunt
2100 1521 2362 1578 virtutum
2390 1523 2656 1580 adversus
2698 1526 2884 1595 ipsam
2940 1527 3323 1598 pugnantium,
3386 1540 3527 1597 quas

1947 1612 2209 1685 subigens
2238 1625 2292 1669 et
2330 1631 2624 1671 exarmans
2656 1657 2672 1682 ,
2725 1620 3043 1674 earumdem
3072 1634 3223 1673 arma
3255 1618 3323 1674 de
3378 1619 3526 1674 collo

1944 1720 2044 1759 suo
2073 1707 2359 1777 suspendit
2394 1707 2448 1761 in
2478 1708 2695 1779 signum
2727 1709 3100 1766 multitudinis
3129 1725 3157 1764 a
3190 1725 3253 1767 se
3295 1709 3526 1767 de.ict:e

1943 1799 2155 1852 nullum
2177 1800 2495 1871 relinquens
2545 1802 2787 1859 inimicis
2825 1804 2988 1859 telum
3016 1843 3031 1870 ,
3066 1818 3177 1874 quo
3211 1804 3385 1873 ipsam
3417 1803 3524 1857 ite-

1942 1906 2062 1944 rum
2096 1891 2360 1960 impetere
2386 1891 2643 1958 valeant;
2682 1907 2789 1947 non
2840 1893 2986 1948 enim
3038 1901 3248 1948 certum
3309 1892 3525 1962 jaculo‘

1940 1997 2065 2037 rum
2095 1998 2410 2047 numerum,
2433 1984 2528 2038 sed
2557 1984 2745 2038 omnia
2783 1998 2950 2052 penes
2978 1997 3037 2039 se
3065 1984 3228 2039 habet
3273 1993 3520 2054 accepta.

1941 2074 2033 2130 Sic
2054 2075 2217 2130 etiam
2248 2076 2500 2146 Sponsus
2525 2074 2646 2146 ejus
2685 2074 2893 2130 inimici
2931 2076 3230 2146 pugnantis
3259 2075 3520 2129 virtutem

1937 2167 2229 2224 evacuavit
2281 2166 2477 2224 Liceat
2494 2168 2975 2239 quoque-clypeos
3020 2182 3214 2222 vocare
3248 2166 3522 2237 ﬁdeipro-

1938 2260 2120 2318 fectus
2178 2259 2366 2316 :illud
2406 2267 2590 2316 autem
2648 2259 2942 2332 Tltalpioth
2998 2261 3053 2314 in
3107 2259 3520 2330 propugnaculis

1939 2357 2370 2429 interpretatur,
2405 2357 2592 2429 itaque
2627 2372 2795 2428 supra
2859 2357 3060 2413 muenia
3104 2357 3299 2410 turrim
3348 2355 3522 2411 aedili-

1937 2457 2116 2503 catam
2150 2448 2249 2503 ait.

2012 2537 2258 2608 Origenis
2288 2569 2357 2580 —-
2401 2539 2596 2611 Aquila
2631 2541 2926 2613 Tltalpiotlt
2988 2539 3391 2612 propugnacula
3425 2554 3522 2594 cx-

1935 2631 2140 2700 posuit,
2168 2638 2281 2687 etc.
2460 2639 2463 2642 ‘

2012 2724 2176 2779 Vens.
2220 2723 2274 2789 5,
2308 2723 2363 2778 6.
2406 2723 2520 2779 Duo
2548 2725 2711 2779 ubera
2751 2732 2843 2777 tua
2873 2725 3009 2778 sicut
3061 2721 3270 2791 gemelli
3311 2719 3523 2773 Itinnult'

1936 2832 2162 2886 caprete,
2194 2815 2284 2883 qui
2308 2823 2602 2882 pascuntur
2626 2814 2682 2867 in
2722 2813 2873 2878 (iliis,
2919 2811 3081 2866 donec
3112 2811 3310 2881 aspiret
3333 2811 3444 2865 dies
3470 2818 3523 2863 et

1936 2915 2282 2964 amoveantur
2310 2904 2530 2959 umbraz.

318 2994 672 3062 I'pm-op/ov.
710 3023 778 3034 —
806 2993 1034 3064 Δίδυμός
1078 2995 1226 3048 ἐστιν
1271 2996 1300 3048 ὁ
1347 2996 1669 3069 ἄνθρωπος,
1713 2997 1742 3052 ὃ
1773 3015 1832 3051 τε

2009 2998 2270 3070 Gregorii.
2310 3027 2383 3040 -—~
2410 2995 2672 3053 Geminus
2698 3004 2781 3052 est
2803 2995 2987 3061 homo,
3022 2994 3237 3051 scilicet
3281 2993 3523 3050 exterior

252 3084 443 3148 ἔξωθεν
473 3087 570 3138 καὶ
604 3088 927 3155 φαινόμενος
951 3124 968 3149 ,
1003 3085 1099 3139 καὶ
1127 3087 1156 3138 ὁ
1188 3086 1392 3140 ἔσωθεν
1440 3089 1535 3142 καὶ
1569 3090 1831 3159 κρυπτὸς,

253 3177 389 3231 κατά
419 3178 622 3231 ταυτὸν
649 3176 900 3248 ἀλλήλοις
929 3178 1186 3249 συνεπιδη
1198 3178 1424 3249 μοῦντες
1444 3179 1522 3250 τῷ
1551 3179 1651 3251 βίῳ
1668 3200 1682 3214 ο
1710 3180 1835 3236 οὗτε

255 3268 358 3339 γὰρ
388 3269 741 3342 προϋπάρχει
771 3268 864 3323 τοῦ
898 3268 1149 3339 σώματος
1180 3272 1213 3341 ὴ
1251 3270 1420 3342 ψυχὴ,
1470 3270 1595 3326 οὕτε
1630 3290 1834 3344 προκαο

254 3360 649 3425 τασκευάζεται
686 3361 784 3432 τῆς
822 3361 1000 3433 ψυχῆς
1032 3363 1092 3415 τὸ
1127 3362 1288 3432 σῶμα
1313 3379 1327 3392 ⁸
1377 3363 1491 3416 ἀλλ’
1524 3366 1835 3435 ὑμοχρόνως

254 3454 307 3504 ὲν
340 3456 403 3525 τῇ
452 3455 568 3525 ζωῇ
606 3454 876 3523 γίνονται·
907 3454 1082 3525 τροφὴ
1129 3454 1186 3507 δὲ
1233 3454 1463 3522 τούτοις,
1499 3458 1640 3512 κατά
1674 3457 1838 3526 φύσιν

260 3544 354 3613 μὲν
403 3547 436 3616 ή
479 3546 797 3617 καθαρότης
848 3548 942 3599 καὶ
992 3548 1025 3617 ἡ
1071 3547 1308 3612 εὐωδία,
1336 3541 1412 3603 ὧν
1448 3548 1723 3619 ἐφορῶσιν
1776 3553 1833 3604 al.

257 3636 477 3705 ἀρεταί·
523 3637 642 3689 ἔστι
691 3639 748 3690 δὲ
785 3638 875 3690 ὅτε
920 3637 982 3691 τὺ
1030 3637 1358 3710 δηλητήριόν
1387 3657 1553 3704 τισιν,
1585 3642 1709 3696 ἀντὶ
1739 3640 1835 3696 τοῦ

257 3728 511 3799 τροφίμου
561 3730 945 3795 σπουδάζεται,
975 3731 1026 3784 οἳ
1055 3731 1176 3802 οὐχὶ
1204 3731 1272 3786 τὰ
1303 3732 1438 3805 ἄνθη
1481 3734 1591 3787 τῶν
1624 3735 1838 3805 ἀρετῶν

259 3820 659 3885 ἐπιϐοσκονται,
710 3823 824 3877 ἀλλ’
852 3823 1117 3888 ἀκάνθαις
1157 3825 1255 3878 καί¹
1299 3824 1570 3896 τριϐόλοις
1614 3828 1837 3900 ἐπιτέρ-

260 3928 460 3970 πονται.
500 3914 681 3968 Ἐπεὶ
715 3915 895 3969 τοίνυν
935 3916 1287 3987 διακριτικῶς
1335 3919 1497 3989 χρεία
1542 3919 1839 3992 ὀφθαλμῶν

260 4004 359 4058 τῶν
384 4006 700 4078 δυναμένων
730 4009 789 4061 ἐν
828 4008 1088 4081 ἀκριϐείᾳ
1133 4009 1429 4079 διαγνῶναι
1462 4013 1524 4066 τὸ
1557 4013 1746 4085 κρίνον
1776 4032 1836 4068 τε

261 4096 348 4149 καὶ
367 4096 464 4167 τὴν
496 4097 763 4167 ἄκανθαν,
791 4100 884 4154 καὶ
930 4100 992 4154 τὸ
1039 4101 1140 4171 μὲν
1185 4104 1456 4174 σωτήριον
1488 4103 1837 4175 προελέσθαι,

260 4186 315 4239 τὸ
335 4188 390 4241 δὲ
421 4190 752 4263 φθοροποιὸν
777 4192 1214 4264 ἀποπέμψασθαι
1232 4237 1247 4262 ,
1279 4194 1369 4249 διὰ
1394 4194 1554 4250 τοῦτο
1580 4196 1673 4252 τὸν
1702 4198 1806 4253 καθ
1823 4199 1836 4221 '

259 4279 539 4354 ὁμοιότητα
567 4283 784 4338 Παύλου
822 4284 994 4356 μαζὸν
1024 4287 1137 4350 τοῖς
1163 4285 1381 4358 νηπίοις
1406 4287 1709 4359 γινόμενον,
1741 4290 1837 4346 καὶ

1938 3108 2033 3146 seu
2078 3106 2352 3163 apparens
2402 3097 2458 3145 et
2496 3090 2723 3145 interior
2774 3103 2871 3144 seu
2923 3089 3213 3143 uccultus:
3254 3102 3380 3143 cum
3415 3084 3539 3156 ipsi

1939 3185 2101 3243 simul
2147 3185 2289 3239 inter
2331 3198 2392 3240 se
2422 3180 2705 3251 conjuncti
2754 3180 2977 3237 veniant
3025 3180 3079 3234 in
3130 3179 3321 3234 vitam.
3379 3177 3524 3231 Nam

1940 3293 2114 3349 neque
2150 3277 2333 3331 anima
2378 3281 2463 3330 est
2494 3281 2618 3329 ante
2651 3287 2855 3343 corpus
2885 3286 3065 3343 neque
3097 3278 3228 3326 ante
3277 3268 3537 3325 animam.-

1938 3385 2139 3440 corpus
2191 3366 2569 3432 construitur,
2605 3365 2703 3423 sed
2753 3365 2959 3420 eodem
2990 3373 3237 3435 tempore
3291 3361 3349 3417 in
3408 3361 3525 3416 vita
3578 3401 3588 3410 .

1939 3460 2100 3515 simul
2131 3458 2426 3513 exsistunt.
2490 3456 2825 3511 Alimentum
2879 3463 3061 3510 autem
3090 3454 3174 3511 eis
3215 3451 3521 3509 secundum

1940 3562 2193 3604 naturam
2224 3549 2442 3619 quidem
2480 3557 2564 3604 est
2588 3526 2800 3618 puritas
2836 3556 2890 3604 et
2910 3548 3089 3604 bonus
3131 3546 3272 3602 odor
3288 3560 3524 3618 quorum

1940 3643 2150 3698 lci-tiles
2185 3648 2315 3697 sunt
2344 3643 2578 3696 virtutes
2609 3658 2624 3696 :
2661 3640 2886 3711 quidam
2911 3648 3093 3697 autem
3123 3653 3522 3710 nonnunquam

1941 3741 2198 3787 tenentur
2229 3732 2440 3804 majore
2486 3732 2674 3787 studio
2706 3731 2904 3788 veneni
2955 3746 3119 3802 quam
3173 3730 3520 3797 nutrimenti,

1941 3828 2032 3895 qui
2076 3827 2338 3880 virtutum
2368 3824 2597 3882 ﬂoribus
2637 3841 2745 3882 non
2776 3832 3113 3896 pascuntur,
3184 3823 3281 3879 sed
3346 3823 3523 3895 spinis

1940 3918 2290 3973 delectantur
2336 3925 2392 3973 et
2428 3917 2668 3971 tribulis.
2704 3917 2842 3971 Cum
2877 3912 3047 3986 igitur
3070 3930 3213 3986 opus
3244 3916 3319 3972 sit
3344 3915 3524 3970 oculis

1940 4010 2297 4067 discernendi
2348 4009 2398 4064 vi
2432 4008 2679 4079 pneditis
2736 4008 2831 4077 qui
2900 4013 3095 4062 exacte
3162 4006 3380 4077 possint
3435 4008 3525 4059 di-

1939 4113 2212 4172 gnoscere
2231 4098 2403 4152 lilium
2438 4107 2494 4153 et
2523 4096 2739 4167 spinam
2772 4105 2828 4151 et
2854 4095 2997 4165 quod
3025 4096 3244 4167 quidem
3280 4097 3524 4152 salutare

1940 4199 2025 4248 est
2061 4191 2292 4262 eligere,
2323 4188 2471 4260 quod
2497 4203 2631 4246 vero
2657 4187 2876 4244 exitiale
2898 4195 2990 4242 est
3026 4188 3360 4255 amandare;
3392 4204 3524 4259 pro-

1941 4287 2128 4351 pterea
2158 4293 2281 4334 eum
2340 4277 2435 4348 qui
2487 4277 2554 4332 ad
2614 4276 3039 4334 similitudinem
3075 4276 3231 4332 Pauli
3287 4279 3525 4335 nutricis

158 4394 162 4397 -
261 4373 799 4446 γαλακτοτροφοῦντα
845 4377 973 4442 τοὺς
1011 4379 1320 4450 ἀρτιγενεῖς
1347 4379 1448 4448 τῆς
1483 4380 1833 4453 Ἐκκλησίαςν

1944 4372 2114 4427 instar
2145 4377 2231 4426 est
2272 4367 2596 4436 infantibus,
2623 4377 2678 4424 et
2728 4370 2869 4425 lacte
2901 4370 3109 4424 nutriet
3150 4385 3248 4426 eos
3281 4371 3390 4441 qui-
3434 4387 3523 4428 re-

260 4460 341 4516 διὰ
364 4463 419 4517 δὲ
450 4466 642 4537 μαζῶν
674 4467 928 4539 ἀλλήλοις
959 4469 1406 4541 συγγενηθέντων
1424 4510 1439 4537 ,
1467 4471 1577 4527 τῶν
1606 4475 1721 4538 τοῖς
1748 4492 1839 4529 νε·

263 4552 401 4621 6ροῑς
428 4556 525 4628 τῆς
551 4556 812 4629 δορκάδος
838 4559 1251 4631 ὠνομασμένων
1271 4561 1303 4614 ύ
1329 4558 1487 4630 λόγος
1510 4564 1836 4621 ἀπείκασεν*

263 4644 341 4699 διὰ
370 4648 588 4703 πάντων
621 4650 916 4722 μαρτυρῶν
938 4651 1016 4723 τῷ
1043 4654 1276 4719 τοιούτῳ
1313 4654 1467 4726 μέλει
1490 4655 1594 4726 τῆς
1609 4656 1839 4729 Ἐκκλη-

265 4738 375 4795 σίας
406 4743 464 4794 τὸ
499 4742 730 4813 δόκιμον
752 4760 767 4775 ο
815 4743 897 4798 ὅτι
946 4744 1072 4799 καθ’
1098 4744 1361 4818 ἑκάτερον
1389 4745 1670 4802 εύοδοῦται
1698 4753 1837 4822 πρὸς

267 4830 357 4898 τὴν
401 4832 508 4886 τῶν
527 4833 788 4902 καθαρῶν
817 4836 1020 4905 κρίνων
1048 4837 1250 4908 νομήν·
1286 4836 1381 4904 ὀξὺ
1413 4837 1703 4911 δεδορκὼς,
1737 4841 1833 4896 καὶ

263 4920 537 4993 διακρίνων
567 4925 662 4980 τοῦ
690 4927 957 4998 τροφίμου
1002 4930 1103 5000 τὴν
1147 4930 1388 4986 ἄκανθαν
1414 4947 1428 4962 ·
1466 4930 1562 4986 καὶ
1589 4932 1671 4986 ὅτι
1702 4933 1834 5006 περὶ

263 5010 317 5062 τὸ
342 5012 664 5085 ἡγεμονικὸν
692 5017 1093 5091 ἀναστρέφεται
1113 5036 1128 5052 ο
1164 5016 1226 5075 οὗ
1261 5021 1535 5093 σύμϐολον
1570 5025 1603 5095 ἡ
1632 5025 1832 5096 καρδία

265 5100 419 5167 ἐστὶν,
457 5107 490 5177 ἡ
539 5107 611 5161 δι’
636 5109 840 5180 ἑαυτῆς
880 5110 1009 5175 τοὺς
1043 5111 1249 5182 μαζοὺς
1288 5112 1705 5184 ὑποτρέφουσαο
1736 5122 1833 5175 καὶ

236 5191 337 5246 ἐτι
385 5196 518 5266 πρὸς
564 5197 799 5265 τούτοις,
839 5202 922 5255 ὅτι
952 5202 1054 5255 οὐκ
1084 5203 1143 5254 ὲν
1178 5201 1356 5273 ἑαυτῷ
1384 5204 1701 5260 κατακλείει
1727 5206 1832 5279 τὴν

267 5283 428 5353 χάριν,
446 5287 558 5342 ἀλλ’
578 5292 761 5361 ἐπιχεῖ
782 5294 894 5355 τοῖς
917 5292 1192 5363 δεομένοις
1218 5294 1313 5347 τοῦ
1336 5294 1497 5364 λόγου
1519 5296 1617 5368 τὴν
1639 5297 1827 5369 θηλήν*

267 5371 381 5440 ἕως,
404 5381 556 5448 φησι,
590 5383 789 5452 μηκέτι
807 5383 863 5437 αἱ
888 5381 1040 5438 σκιαὶ
1057 5385 1302 5456 κρατῶσι
1319 5388 1418 5456 τῆς
1444 5388 1575 5459 περὶ
1600 5389 1692 5442 τὸν
1716 5390 1830 5461 βίον

1938 4478 2071 4520 cens
2104 4462 2217 4517 nati
2242 4470 2372 4517 sunt
2399 4460 2680 4526 Ecclesiae,
2722 4460 2834 4515 duo
2886 4460 3056 4516 ubera
3095 4461 3262 4517 simul
3320 4476 3525 4535 conge-

1936 4557 2074 4620 uita,
2109 4563 2164 4610 et
2193 4567 2405 4624 capreae
2439 4553 2686 4609 binnnlis
2715 4551 3022 4608 assimilata
3064 4552 3154 4607 hic
3188 4567 3371 4609 sermo
3424 4568 3526 4609 no-

1939 4648 2169 4704 minavit
2195 4685 2211 4712 ,
2248 4661 2348 4716 per
2382 4646 2570 4702 omnia
2605 4644 2908 4701 testiﬁcans
2926 4644 3261 4715 ejuscemodi
3292 4628 3526 4702 membri

1937 4741 2193 4797 Ecclesiae
2227 4738 2599 4811 praestantiam
2653 4739 2799 4809 quod
2858 4753 2958 4809 per
3016 4746 3316 4811 utrumque
3374 4748 3553 4795 recte~

1942 4835 2249 4891 deducatur
2280 4834 2347 4888 ad
2379 4848 2583 4903 pascua
2632 4847 2895 4902 purorum
2952 4832 3195 4889 liliorum
3265 4841 3549 4888 accurate

1949 4924 2274 4981 discernens
2306 4924 2521 4994 spinam
2581 4938 2613 4976 a
2680 4922 3024 4979 nutrimento
3086 4923 3346 4996 quodque
3374 4924 3524 4979 circa

1941 5026 2153 5090 partem
2193 5016 2392 5071 animae
2440 5015 2810 5088 principalem
2848 5024 3124 5085 versetur,
3157 5018 3321 5087 cujus
3375 5032 3525 5088 sym-

1939 5111 2127 5168 bolum
2155 5118 2240 5167 est
2269 5125 2369 5166 cor
2398 5153 2414 5180 ,
2473 5110 2621 5181 quod
2661 5125 2761 5181 per
2811 5125 2872 5165 se
2937 5111 3033 5165 alit
3070 5110 3242 5166 ubera
3279 5128 3293 5164 :
3359 5117 3526 5181 atque

1938 5204 2168 5274 insuper
2196 5216 2307 5258 non
2343 5203 2396 5256 in
2432 5201 2732 5272 semetipso
2788 5203 3019 5272 gratiam
3074 5202 3377 5268 concludit,
3427 5205 3523 5258 sed

1940 5294 2317 5366 indigentibus
2337 5293 2487 5348 verbi
2513 5292 2812 5347 mamillatn
2837 5291 3069 5361 porrigit
3093 5291 3292 5357 donec,
3313 5294 3516 5362 inquit,

1940 5403 2049 5444 non
2093 5385 2336 5458 amplius
2370 5385 2580 5441 umbrae
2610 5384 2941 5455 praevaleant
2997 5383 3101 5454 ipsi
3137 5399 3200 5439 ea
3266 5402 3387 5456 qum
3453 5387 3539 5442 ad-r

1763 5503 1998 5561 NOTAE.

561 5589 660 5656 μὲν
684 5590 795 5652 τοῖς
829 5620 889 5659 _..
921 5588 1130 5659 πύργον

339 5652 438 5722 (54)
482 5652 754 5727 Pulrolog.
789 5671 826 5713 ι.
855 5652 1015 5726 XVII,
1047 5652 1294 5720 cribri-‘2.

1166 5590 1348 5666 φῃςίν.
1381 5595 1507 5651 Haec
1540 5602 1733 5653 sancto
1760 5595 1837 5651 Nil

1944 5595 2143 5651 indicat
2171 5593 2231 5649 C.
2257 5592 2295 5646 ll
2316 5608 2330 5658 ;
2350 5591 2477 5647 dum
2499 5591 2550 5646 in
2576 5591 2634 5647 (ἶ.
2663 5590 2722 5645 ν.
2746 5591 2993 5666 Gregorii
3020 5608 3216 5648 nomen
3253 5594 3508 5648 retinent.

2372 5732 2403 5759 Ο
