3950 6294
166 302 287 361 ῐΐέὃ

1102 300 1634 366 COMMENTARII
1658 303 1743 365 IN
1777 304 2100 367 CANTICA
2133 305 2424 370 CANTIC.

3269 300 3408 370 1654
3468 326 3473 331 ‘

222 407 464 477 ζ’,Ὄλη
502 410 775 480 καλὴριῖ.
821 413 859 482 ἠ
908 414 1179 482 πλησίον
1218 430 1361 484 μου»
1396 413 1495 468 καλ
1522 413 1727 485 μῶμος

1898 415 2066 472 Vitas.
2118 416 2172 473 7.
2220 416 2355 472 Tota
2376 415 2604 485 pulchra
2632 431 2711 482 es,
2743 384 2995 483 proxima
3037 429 3173 479 mea,
3203 421 3255 468 et
3287 431 3405 468 mn-

163 502 262 553 σῠι
286 498 462 553 ἐστιν
487 500 560 553 ἐν
595 504 721 557 σοί.

227 590 573 657 Γρηγοριου.
616 620 686 631 -
732 590 807 645 Οὐ
858 590 968 662 γὰρ
1002 591 1148 649 ἔστιν
1177 592 1350 656 άλλως
1393 593 1733 665 καθαρθῆναι

164 682 249 734 τοῦ
277 681 468 751 μώμου
499 680 601 753 τὴν
632 682 984 752 ἀνθρωπίνην
1017 684 1179 751 φύσιν
1194 699 1213 749 ’,
1252 686 1327 755 μὴ
1361 684 1455 737 τοῦ
1488 686 1733 756 αἴροντος

166 772 252 841 τὴν
274 772 547 841 ἁμαρτίαν
575 770 670 825 τοῦ
702 773 939 842 κόσμου,
997 775 1178 827 πᾶσαν
1217 774 1284 827 δι’
1307 774 1500 828 ἑαυτοῦ
1532 775 1734 844 ἐξαφα-

164 865 397 926 νίσαντος
428 864 528 934 τὴν
552 863 773 926 κακίαν,
794 865 1143 936 καταργῆσαι
1173 866 1262 919 διὰ
1289 867 1382 919 τοῦ
1412 867 1645 925 θανάτου
1672 866 1733 922 τὸ

164 956 351 1025 κράτος
382 956 578 1024 ἔχοντα
606 954 700 1008 τοῦ
733 954 987 1018 θανάτου,
1022 956 1119 1009 καὶ
1148 955 1309 1009 πάλιν
1344 957 1535 1015 ἑαυτὸν
1565 958 1734 1011 ἐπαν-

164 1049 382 1114 αγαγεῖν
414 1047 552 1115 πρὸς
585 1046 685 1117 τὴν
720 1046 857 1100 ἰδίαν
883 1045 1040 1108 δόξαν
1066 1046 1173 1117 τῆς
1189 1046 1464 1118 θεότητος,
1491 1048 1558 1119 ἢν
1588 1043 1735 1119 εἶχεν

165 1138 249 1189 ἀπ’
284 1136 459 1207 ἀρχῆς
509 1138 619 1207 πρὸ
660 1136 756 1190 τοῦ
798 1137 889 1190 τὸν
939 1136 1143 1207 κόσμον
1189 1134 1333 1191 εἶναι
1357 1153 1372 1168 ο
1419 1137 1499 1192 διό
1530 1156 1730 1209 φησιν·

175 1226 450 1296 Ἀνέεομαι
481 1226 729 1289 θάνατον,
781 1227 931 1290 ὅπως
977 1226 1144 1298 αὐτὴν
1171 1227 1418 1299 καθάρω.
1478 1228 1535 1281 '0
1556 1228 1735 1283 τοίνυν

167 1317 557 1387 συμμετασχὼν
583 1316 685 1388 τῆς
712 1320 978 1390 σμύρνης,
1005 1320 1182 1372 εῐτουν
1208 1318 1301 1372 τοῦ
1325 1317 1576 1382 θανάτου,
1598 1336 1738 1389 συμ-

168 1406 372 1475 μεθέξει
404 1407 624 1469 πάντως
654 1407 750 1460 καὶ
773 1406 867 1459 τοῦ
896 1406 1156 1461 θανάτουο
1184 1409 1212 1462 ὁ
1238 1408 1347 1477 γὰρ
1371 1424 1434 1459 συ
1444 1407 1731 1478 μπάσχων,

166 1500 249 1552 καὶ
282 1497 766 1565 συνδοξάζεται.’0
794 1498 851 1552 δὲ
883 1498 1033 1564 ἅπαξ
1072 1500 1131 1553 ὲν
1170 1502 1238 1570 τῇ
1270 1498 1392 1570 θεία
1425 1500 1550 1571 δόξῃ
1583 1500 1738 1569 γενό-

168 1605 335 1658 μενος,
364 1589 486 1652 ὅλος
516 1589 725 1656 γίνεται
756 1589 941 1655 καλὸς,
970 1588 1079 1654 ἔξω
1102 1588 1197 1645 τοῦ
1222 1590 1600 1662 ἀντικειμένου
1622 1588 1735 1663 μώ-

168 1699 257 1750 μου
294 1681 612 1752 γενόμενος.

1835 505 1956 559 culo
1981 521 2083 559 non
2108 517 2186 561 est
2214 507 2268 560 in
2299 514 2367 560 te.

1906 592 2268 666 Gregorii.-—
2301 595 2420 652 Non
2477 595 2637 650 aliter
2702 596 2851 651 enim
2909 595 3152 649 humana
3210 602 3408 649 natura

1834 687 2060 757 purgari
2090 694 2268 757 potest
2301 702 2332 741 a
2378 686 2587 742 macula
2616 686 2724 743 nisi
2761 701 2939 755 agnus
2963 685 3057 756 qui
3093 685 3240 739 tollit
3283 699 3408 755 pec-

1835 784 1957 833 cata
2000 777 2238 847 mundi,
2268 792 2365 849 per
2402 793 2463 835 se
2513 792 2675 834 omne
2717 776 2915 832 vitium
2952 775 3218 832 deleverit
3244 813 3263 840 ,
3310 790 3410 845 per

1835 875 2068 923 mortem
2100 882 2256 924 suam
2295 868 2447 924 illum
2503 869 2595 940 qui
2647 868 2843 927 mortis
2896 867 3188 942 imperium
3246 866 3409 923 habet

1836 957 2146 1024 abolendo,
2204 973 2268 1014 ac
2324 974 2519 1015 rursus
2572 959 2929 1028 semetipsum
2976 956 3289 1012 reducendo
3336 957 3406 1011 ad

1835 1048 2114 1119 propriam
2154 1048 2455 1105 divinitatis
2486 1049 2715 1121 gloriam
2740 1063 2901 1120 quam
2931 1048 3123 1104 habuit
3145 1048 3218 1103 ab
3249 1048 3408 1103 initio

1834 1141 2154 1210 priusquam
2226 1140 2464 1196 mundus
2536 1149 2704 1196 esset.
2772 1139 3069 1210 Propterea
3098 1177 3119 1205 ,
3178 1139 3356 1210 inquit
3389 1177 3407 1200 .

1836 1228 2118 1284 sustinebo
2146 1236 2377 1284 mortem
2427 1236 2487 1283 nt
2524 1228 2696 1299 ipsam
2729 1243 2761 1283 e
2808 1228 2987 1283 medio
3038 1227 3247 1285 tollam.
3295 1226 3404 1295 Qui

1837 1319 2003 1389 igitur
2029 1335 2157 1374 cum
2201 1320 2322 1389 ipso
2373 1319 2539 1375 fuerit
2595 1320 2830 1392 myrrhae
2873 1319 3147 1391 particeps
3181 1319 3407 1374 omnino

1835 1411 1998 1464 etiam
2029 1409 2134 1464 erit
2161 1410 2431 1479 particeps
2482 1410 2689 1476 thuris;
2732 1410 2823 1479 qui
2872 1408 3017 1465 enim
3048 1410 3403 1479 compatitur,

1835 1500 1995 1554 etiam
2024 1499 2702 1572 congloriﬁcabiturgqui
2762 1508 2944 1555 autem
3009 1500 3181 1556 semel
3244 1498 3409 1565 fuerit

1835 1590 1893 1645 in
1960 1591 2132 1661 gloria
2190 1591 2398 1657 divina,
2435 1594 2666 1647 totuslit
2707 1592 2935 1663 pulcher
2966 1631 2984 1661 ,
3037 1577 3280 1651 remotus
3337 1592 3408 1648 ab

1837 1682 1986 1735 omni
2028 1682 2245 1736 macula
2278 1682 2528 1737 adversa.

220 1738 513 1840 τίκ-Δεξιρο
541 1738 661 1827 (ira)
689 1771 967 1837 Λιϐάνου,
1001 1772 1237 1842 Νύμφη,
1279 1772 1455 1842 δεῦρο
1489 1773 1609 1828 ἀπὸ
1634 1777 1734 1829 Λι-

1907 1770 2071 1828 Vsns.
2105 1772 2160 1827 8.
2208 1771 2333 1826 Veni
2359 1790 2391 1827 a
2415 1771 2642 1839 Libano,
2671 1771 2905 1841 Sponsa,
2941 1773 3055 1828 veni
3090 1791 3121 1829 a
3151 1771 3358 1827 Libano
3388 1786 3406 1825 :

167 1860 366 1916 ϐάν-ου·
394 1862 625 1932 suum
651 1862 748 1915 καὶ
776 1861 1059 1932 διελεύσῃ
1091 1862 1193 1917 ἀπ’
1214 1860 1409 1932 ἀρχῆς
1436 1862 1694 1929 πίστεως
1719 1886 1733 1901 ο

168 1951 272 2005 ἀπὸ
310 1949 585 2022 κεφαλῆς
625 1951 840 2020 Σανεὶρ
881 1950 981 2007 καὶ
1014 1951 1283 2021 Ἁερμώνο
1316 1951 1435 2006 ἀπὸ
1455 1951 1736 2021 μανδρῶν

168 2047 422 2098 λεόντων
440 2060 455 2075 ι
497 2043 615 2098 ἀπὸ
656 2045 844 2110 ὀρέων
878 2043 1257 2112 παρδάλεων.

229 2136 554 2204 Κυριαου.
582 2165 654 2176 -
678 2135 928 2189 Διδάσκει
953 2135 1102 2207 ἡμᾶς
1125 2135 1289 2190 πόθεν
1321 2137 1579 2210 ὴΝὑμφη
1600 2180 1613 2202 ,
1644 2139 1738 2193 καὶ

170 2229 240 2282 ὃτι
273 2228 332 2294 ἐξ
358 2227 808 2300 εἰδωλολατρείας
836 2228 1091 2300 ἔρχεται·
1126 2230 1448 2285 κατείδωλον
1475 2231 1583 2303 γὰρ
1615 2231 1738 2304 ὅρος

172 2319 435 2383 όΔίϐανος
450 2335 464 2348 ·
494 2319 639 2384 ὅθεν,
656 2319 931 2387 Ἐλεύσῃ,
950 2319 1131 2389 φησιν·
1152 2319 1435 2388 διελεύσῃ
1455 2320 1512 2374 δὲ
1535 2320 1623 2376 διὰ
1644 2322 1738 2376 τοῦ

174 2415 323 2483 νόμου
344 2430 359 2444 ·
390 2411 667 2481 ἀγνοοῦσα
695 2411 803 2483 γάρ
840 2411 1035 2476 αὐτὸν,
1064 2412 1126 2467 τὸ
1155 2411 1393 2484 Χριστοῦ
1422 2414 1741 2487 κατηχήθης

177 2507 480 2577 μυστήριον.

236 2598 846 2666 Γρηγορίου.-Εῐπὼν
869 2598 999 2670 γὰρ,
1015 2598 1099 2652 ὅτι
1119 2597 1307 2669 (Καλὴ
1331 2592 1402 2661 εἷ,
1419 2598 1513 2652 καὶ
1550 2598 1740 2669 μῶμος

179 2690 263 2744 σῦκ
276 2690 422 2743 ἔστιν
448 2692 506 2743 ἰν
527 2690 610 2744 σοι
635 2706 651 2722 ο
680 2709 701 2743 ι
731 2689 807 2753 ὡς
840 2689 905 2744 ἂν
938 2690 1013 2760 μὴ
1043 2690 1108 2761 τῇ
1143 2682 1419 2762 μαρτυρίᾳ
1450 2691 1622 2765 ταύτῃ
1650 2694 1741 2745 ὲκ-

178 2783 524 2852 χαννωθεϊσα,
559 2782 697 2854 πρὸς
725 2781 825 2851 τὴν
862 2780 973 2835 τῶν
1003 2779 1263 2851 μειζόνων
1289 2780 1475 2834 ἄνοδον
1518 2782 1741 2852 ἐμποδι-

179 2874 376 2936 σθείσα,
407 2874 570 2928 πάλιν
618 2873 709 2927 διὰ
754 2873 850 2944 τῆς
886 2871 1295 2941 προτρεπικῆς
1327 2870 1531 2943 ταύτης
1560 2874 1743 2943 φωνῆς

175 2965 259 3018 ἐπὶ
288 2966 387 3036 τὴν
411 2966 520 3019 τῶν
549 2965 962 3037 ὑπερκειμένων
992 2963 1259 3034 ἀναϐῆναι
1286 2963 1739 3035 παρακελεύεται.

1836 1864 2009 1918 venies
2034 1874 2081 1919 et
2115 1864 2367 1919 transibis
2407 1882 2439 1918 a
2466 1864 2733 1933 principio
2769 1864 2918 1935 ﬁdei,
2951 1880 2984 1917 a
3030 1865 3205 1933 capite
3243 1862 3408 1918 Sanir

1837 1965 1888 2009 et
1928 1954 2152 2022 Ermon,
2182 1971 2216 2009 α
2256 1954 2500 2011 latibulis
2545 1957 2776 2022 leonum,
2827 1972 2860 2009 a
2906 1956 3169 2022 montibus
3208 1955 3408 2023 parda-

1838 2061 1979 2101 rum.

1908 2137 2123 2210 Cyrilli.
2173 2168 2241 2180 —
2287 2139 2456 2195 Docet
2485 2153 2587 2194 nos
2633 2136 2778 2194 unde
2827 2154 3050 2210 sponsa,
3101 2154 3298 2211 nempe
3337 2138 3409 2192 ab

1838 2228 2152 2303 idololatria
2200 2230 2405 2287 veniat.
2443 2229 2687 2288 Libanus
2722 2230 2864 2287 enim
2903 2246 3062 2303 mons
3102 2229 3409 2301 idololatri-

1839 2336 1959 2385 cus,
1988 2319 2151 2385 unde,
2192 2322 2400 2393 inquit;
2443 2323 2638 2389 uenies,
2687 2322 2942 2383 transibis
2966 2330 3144 2377 autem
3203 2337 3299 2392 per
3330 2321 3409 2376 le-

1839 2427 1984 2481 gem,
2003 2427 2130 2467 cutn
2160 2414 2305 2469 enim
2331 2411 2612 2469 Christum
2641 2412 2922 2484 ignoraret
2944 2412 3065 2485 eius
3088 2412 3413 2485 mysterium

1839 2501 2037 2558 edocta
2060 2517 2138 2558 es.

1872 2666 1880 2673 .
1911 2591 2179 2663 Gregorii.
2199 2624 2267 2637 -
2296 2594 2434 2650 Cum
2465 2594 2699 2652 dixisset
2731 2596 2993 2666 quoniam
3027 2594 3257 2665 pulchra
3281 2600 3414 2650 eset

1842 2685 2058 2749 macula
2103 2700 2214 2741 non
2246 2694 2333 2742 est
2370 2686 2426 2742 in
2471 2695 2545 2752 te,
2587 2701 2658 2743 ne
2686 2686 2792 2743 hoc
2830 2687 3150 2743 testimonio
3185 2685 3327 2740 elata
3357 2694 3415 2741 et

1843 2774 1991 2831 facta
2014 2776 2343 2833 insolentior
2366 2764 2728 2848 impediretur
2753 2777 3051 2850 quominus
3087 2774 3413 2832 ascenderet

1842 2866 1913 2922 ad
1956 2866 2187 2935 majora,
2222 2883 2319 2939 per
2359 2868 2503 2923 hanc
2536 2868 2864 2924 adhortandi
2896 2882 3084 2923 vocem
3117 2867 3185 2921 ad
3228 2881 3412 2922 rerum

1846 2973 2208 3030 supernarum
2273 2958 2613 3016 desiderium
2688 2958 2989 3022 ascendere
3059 2957 3411 3012 admonetur.

176 3058 383 3121 Καλῶς.
400 3058 565 3128 φησὶν
587 3058 647 3110 ὲν
673 3059 785 3120 τοῖς
814 3054 1503 3127 φθάσασιν,ὴκολούθησας
1524 3073 1540 3087 ·
1584 3052 1743 3128 ἦλθες

1853 3050 2021 3108 Recte
2062 3058 2251 3108 secuta
2279 3066 2361 3117 es,
2402 3052 2580 3123 inquit
2638 3049 2692 3106 in
2720 3050 3178 3121 prmcedentibus,
3214 3047 3413 3103 venisti

180 3151 286 3221 μετ’
316 3148 452 3219 ἐμοῦ
506 3148 642 3219 πρὸς
688 3146 752 3200 τὸ
802 3147 927 3217 ὅρος
974 3146 1076 3217 τῆς
1128 3145 1408 3218 σμύρνης’
1440 3148 1743 3220 συνετάφης

177 3239 275 3310 γάρ
304 3257 395 3309 μοι
433 3240 523 3292 διά
549 3237 645 3292 τοῦ
678 3237 1050 3307 βαπτίσματος
1080 3237 1159 3300 εἰς
1183 3236 1274 3289 τὸν
1302 3234 1566 3290 θάνατον’
1615 3253 1744 3292 συν-

177 3330 399 3399 ινῆλθές
432 3347 525 3401 μοι
571 3329 667 3381 καὶ
709 3329 799 3382 ἐπὶ
845 3327 937 3383 τὸν
969 3326 1156 3399 βουνὸν
1180 3324 1277 3381 τοῦ
1323 3324 1577 3382 λιϐάνου·
1616 3345 1746 3382 συν-

176 3423 399 3492 ανέστης
426 3421 536 3492 γὰρ
580 3419 675 3475 καὶ
707 3417 929 3491 ὑψώοης
963 3420 1022 3472 ὲν
1054 3420 1119 3491 τῇ
1147 3418 1245 3492 τῆς
1271 3416 1524 3491 θεότητος
1554 3436 1746 3475 κοινω-

178 3513 259 3583 νίᾳ
279 3531 293 3544 ·
343 3512 577 3582 άνάὸηθι
608 3512 700 3566 καὶ
731 3512 837 3565 ἀπὸ
863 3509 1071 3564 τούτων
1105 3512 1198 3565 ἰπὶ
1224 3510 1387 3582 ἕτερα
1414 3510 1516 3582 ὄρη
1553 3513 1747 3582 προκό-

180 3622 379 3659 πτουσα
424 3607 518 3660 καὶ
562 3604 840 3673 ὑψουμένη
890 3603 977 3656 διὰ
1025 3602 1124 3672 ¹τῆς
1166 3603 1428 3674 ’ἐνεργοῦς
1452 3601 1703 3670 γνώσεως
1729 3620 1743 3635 ·

180 3694 313 3763 ἀρχὴ
359 3695 467 3764 γάρ
511 3709 595 3746 σοι
640 3691 877 3752 πίστεως
907 3689 1001 3745 καὶ
1043 3690 1135 3742 ἐπὶ
1166 3688 1263 3758 τῆς
1297 3687 1434 3760 πρὸς
1468 3688 1536 3740 τά
1565 3687 1746 3758 ὑψηλὰ

180 3784 416 3853 πορείας,
449 3775 606 3846 οὗτος
640 3784 669 3836 ὁ
706 3779 928 3843 λίϐανος
968 3779 1214 3848 γέγονεν,
1259 3773 1321 3830 οὗ
1366 3777 1628 3848 μετέσχες
1660 3778 1748 3832 διὰ

179 3869 269 3937 τῆς
295 3869 665 3932 ἀναστασέως,
692 3869 793 3922 οὐκ
819 3866 902 3921 ἔτι
929 3866 1162 3937 μνηστὴ,
1195 3866 1329 3918 ἀλλὰ
1360 3865 1567 3936 Νύμφη
1599 3882 1748 3931 γινο-

183 3959 341 4030 μένηο
379 3960 485 4012 ἀπὸ
531 3958 714 4013 τοίνυν
743 3958 840 4027 τῆς
874 3958 1048 4027 ἀρχῆς
1076 3955 1300 4027 ταύτης,
1358 3956 1481 4027 ἥτις
1524 3957 1672 4012 ἐστὶν
1714 3957 1747 4028 ἠ

183 4051 376 4115 πίστις.
405 4051 663 4119 Ἐλεύσῃ
710 4050 807 4103 καὶ
857 4048 1172 4116 διελεύσῃ·
1219 4047 1464 4100 τουτέστι
1515 4048 1608 4101 καὶ
1654 4046 1750 4100 νῦν

181 4140 347 4210 ἥξεις,
383 4145 473 4195 καὶ
516 4144 596 4205 εἰς
642 4142 729 4194 ἀεὶ
763 4140 1086 4212 διερχομένη
1114 4139 1200 4194 διὰ
1232 4139 1341 4194 τῶν
1366 4139 1620 4195 τοιούτων
1651 4140 1746 4195 ἀν-
1786 4190 1787 4193 η

181 4231 309 4285 όδων
351 4233 446 4286 οὐκ
498 4230 809 4302 ἀπολήξεις.
864 4230 998 4283 Ἀπὸ
1050 4227 1325 4297 κεφαλῆς
1376 4230 1588 4298 Σανειρ
1648 4230 1748 4286 καὶ

193 4322 456 4393 Ἀερμών.
492 4324 593 4377 Διὰ
620 4323 823 4376 τούτων
866 4322 944 4383 δὲ,
981 4322 1041 4376 τὸ
1070 4322 1168 4393 τῆς
1199 4320 1404 4374 ἀνωθεν
1445 4322 1749 4393 γεννήσεως

1850 3155 2067 3195 mecum
2102 3141 2156 3195 in
2191 3151 2432 3197 montem
2463 3139 2701 3211 myrrha:
2725 3155 2740 3194 :
2766 3139 3081 3210 consepulta
3111 3138 3255 3194 enim
3276 3136 3414 3193 fuis-

1846 3231 1886 3285 ti
1911 3245 2126 3286 mecum
2155 3245 2253 3301 per
2283 3230 2613 3302 baptismum
2645 3231 2700 3286 in
2729 3229 3165 3295 mortem,simul
3199 3241 3412 3284 mecum

1845 3323 2012 3379 etiam
2041 3322 2343 3381 ascendisti
2363 3324 2416 3378 in
2439 3323 2633 3381 collem
2658 3322 2876 3391 thuris;
2918 3336 3043 3376 nam
3067 3318 3417 3376 consurrexi-

1847 3414 1921 3471 sti
1943 3423 1995 3470 et
2026 3414 2082 3471 in
2113 3414 2282 3471 altum
2307 3414 2459 3473 fuisti
2490 3416 2710 3472 sublata
2726 3414 2781 3469 in
2802 3414 3193 3469 communione
3217 3409 3421 3467 divini-

1847 3505 1980 3561 tatis
2013 3523 2028 3559 :
2063 3506 2301 3562 ascende
2339 3506 2508 3562 etiam
2548 3505 2617 3560 ab
2648 3504 2736 3560 bis
2763 3503 2829 3561 ad
2863 3503 3002 3575 alios
3034 3509 3247 3558 montes
3280 3515 3414 3571 pro-

1851 3594 2040 3652 tlcicns
2072 3604 2126 3652 et
2171 3598 2226 3651 in
2258 3598 2429 3651 altum
2462 3602 2653 3652 evecta
2681 3610 2778 3665 per
2801 3592 3108 3655 evidentem
3157 3591 3421 3664 cognitio.

1847 3700 1997 3740 nem.
2042 3676 2196 3741 Fidei
2233 3699 2475 3756 namque
2518 3684 2614 3738 tibi
2647 3692 2700 3738 et
2745 3681 2810 3736 ad
2860 3681 3182 3737 sublimiora
3232 3675 3417 3749 profc-
3484 3746 3487 3757 Ι

1849 3776 2050 3832 ctionis
2071 3775 2401 3846 principium
2432 3774 2534 3831 fuit
2560 3774 2729 3828 hocce
2748 3772 2898 3833 thus.
2919 3766 3080 3839 cuius
3107 3783 3204 3837 per
3229 3781 3418 3822 resur-

1849 3867 2152 3923 rectionem
2182 3867 2458 3937 particeps
2493 3862 2780 3927 exstitisti,
2812 3877 2921 3915 non
2954 3861 3188 3929 amplius
3216 3858 3282 3913 ad
3314 3874 3422 3913 nu-

1852 3959 1993 4027 ptias
2030 3959 2198 4030 petita
2241 3961 2339 4011 sed
2377 3956 2493 4026 jam
2536 3967 2739 4025 sponsa
2769 3952 2962 4009 eﬂ‘ecta
2996 3971 3007 4005 :
3047 3949 3116 4007 ab
3154 3950 3257 4002 hoc
3288 3963 3421 4018 ergo

1848 4048 2143 4120 principio,
2171 4045 2320 4117 quod
2362 4054 2447 4100 est
2491 4044 2645 4106 fides,
2681 4043 2851 4096 venies
2883 4050 2932 4095 et
2960 4038 3215 4097 transibis
3261 4054 3279 4093 :
3315 4037 3421 4093 hoc

1848 4147 1956 4205 est,
1980 4146 2043 4211 et
2077 4152 2223 4192 nunc
2263 4136 2451 4215 venies
2478 4142 2551 4205 et.
2575 4150 2685 4188 non
2715 4132 2959 4198 cessabis
2977 4146 3193 4200 semper
3239 4138 3422 4185 trans-

1853 4233 1933 4289 ire
1976 4245 2073 4304 per
2108 4227 2424 4300 hujusmodi
2474 4227 2827 4285 ascensiones
2881 4242 2915 4280 a
2965 4224 3137 4294 capite
3170 4222 3332 4279 Sanir
3371 4230 3423 4278 ει

1853 4323 2077 4379 Ermon.
2109 4318 2216 4375 Per
2246 4319 2350 4374 hoc
2379 4326 2563 4377 autem
2610 4317 2926 4374 subindicat
2956 4316 3279 4388 mysterium
3327 4329 3425 4368 sn-

181 4413 458 4482 ῠποφαίνει
491 4413 821 4485 μυστήριον·
853 4410 1101 4464 ἐντεῦθεν
1143 4411 1272 4481 γὰρ,
1308 4412 1461 4482 φησι,
1499 4412 1598 4476 τὰς
1652 4411 1743 4465 τοῦ

1856 4429 2040 4487 pernm
2086 4412 2394 4468 nativitatis
2427 4430 2439 4464 :
2473 4411 2602 4465 hinc
2629 4409 2777 4465 enim
2814 4407 2999 4465 dicent
3033 4421 3259 4463 manare
3305 4404 3427 4460 fon-

193 4504 450 4574 Ἰορδάνου
500 4505 703 4575 πηγάς,
738 4496 813 4556 ὧν
846 4502 1165 4575 ὑπέρκειται
1193 4503 1352 4556 τοῦτο
1384 4503 1445 4556 τὸ
1476 4502 1626 4574 ὅρος,
1656 4503 1751 4558 δύο

183 4595 393 4661 λοφιαῖς
417 4595 775 4667 μεριζόμενον
794 4635 810 4659 ,
839 4589 927 4656 αἷς
962 4592 1139 4647 ταῦτα
1169 4593 1443 4647 ἐπίκειται
1468 4594 1709 4665 ὀνόματα
1732 4614 1747 4631 ι

182 4686 240 4739 τὸ
261 4688 317 4741 δὲ
345 4689 447 4743 άπὸ
473 4689 703 4743 λεόντων
732 4702 789 4738 τε
812 4685 908 4739 καὶ
932 4685 1273 4756 παρδάλεων,
1295 4686 1404 4739 ἀπὸ
1430 4685 1752 4742 διαϐολικιῖνι

182 4777 409 4846 εἰρκτῶν
459 4780 552 4832 καὶ
605 4778 867 4831 ποικίλων
899 4771 1315 4846 ἁμαρτημάτων
1336 4813 1351 4841 ,
1383 4776 1479 4844 ἀφ’
1506 4769 1582 4852 ὧν
1605 4775 1753 4851 ψυχὴ

184 4867 588 4932 καταστίζεταιο
623 4871 898 4939 ἀνέμνησε
940 4866 996 4922 δὲ
1040 4865 1149 4918 τῶν
1196 4863 1478 4936 λυπηρῶν,
1506 4867 1597 4924 διὰ
1639 4868 1748 4922 τῶν

183 4956 391 5027 θηρίων
415 4959 629 5025 τούτων,
660 4959 792 5030 ἡδίω
816 4959 985 5013 πικῶν
1017 4960 1085 5013 τά
1112 4960 1503 5031 εὐφραίνοντα·
1540 4961 1635 5014 καὶ
1659 4962 1748 5017 ἵνα

189 5049 389 5116 μᾶλλον
424 5051 698 5123 ἐντρυφῶν
726 5054 837 5114 τοῖς
876 5050 1108 5121 παροῦσι
1156 5052 1372 5117 καλοῖςο
1406 5042 1750 5123 μανθάνουσα

186 5138 269 5191 διά
297 5140 398 5210 τῆς
431 5143 781 5214 παραθέσεως
808 5138 897 5197 οἷα
919 5142 1035 5196 ἀνθ’
1053 5144 1182 5198 οἵων
1206 5145 1492 5216 ἠλλάξατο,
1516 5147 1611 5199 καὶ
1632 5146 1751 5217 ἅμα

188 5235 247 5301 τῇ
273 5234 582 5308 ἀποστροφῇ
603 5235 711 5289 τῶν
738 5234 996 5306 χειρόνων
1017 5235 1076 5290 τὸ
1098 5235 1313 5301 ἀκλινὲς
1336 5254 1395 5291 τε
1419 5237 1515 5292 καὶ
1536 5238 1750 5308 ἀπαρά-

190 5328 507 5394 τςεπτον·ὲν
544 5331 655 5392 τοῖς
692 5327 917 5396 ἀγαθοῖς
955 5326 1372 5397 κατορθώσειεν.

256 5504 491 5560 Νείλου.
512 5536 578 5545 ——
613 5507 775 5560 nam
803 5506 1187 5577 προσκκὶεῖται
1224 5504 1322 5574 μέν
1348 5523 1430 5569 τις
1461 5504 1557 5577 τὴν
1592 5507 1749 5577 Νύμ-

138 5649 147 5657 ,
193 5615 324 5666 φηγ
357 5613 387 5650 ο
414 5596 470 5648 δὲ
500 5599 1006 5669 προσκαλεσάμενος
1033 5595 1398 5664 σεσιώπηται·
1423 5599 1533 5650 εἴτε
1562 5598 1620 5651 δὲ
1656 5600 1752 5652 αὖ·

197 5689 281 5754 τὶς
313 5689 343 5743 ἦ
372 5686 613 5758 Nouo-To;
663 5691 827 5754 ἐστὶν,
856 5690 964 5742 εἶτε
1014 5688 1059 5740 oi
1086 5683 1177 5738 τοῦ
1229 5685 1475 5756 Noti-gica
1527 5688 1690 5760 φίλοι,
1720 5689 1752 5761 ἦ

1856 4514 1939 4562 tes
1967 4504 2248 4570 Iordanis,
2284 4519 2450 4576 super
2492 4518 2633 4573 quos
2662 4502 2805 4557 situs
2838 4510 2924 4557 est
2958 4500 3049 4556 hic
3091 4515 3290 4565 mons;
3328 4498 3425 4569 qui

1800 4597 1809 4605 '
1855 4594 2120 4650 dividitur
2163 4594 2219 4647 in
2259 4592 2370 4647 duo
2419 4589 2707 4646 cacumina
2751 4589 2954 4658 quibus
2993 4588 3245 4659 imposita
3295 4594 3429 4642 sunt

1858 4690 1975 4743 haec
2003 4686 2271 4743 nomina:
2306 4700 2335 4739 a
2366 4684 2620 4743 leonibus
2640 4690 2694 4737 et
2714 4681 2922 4752 pardis,
2954 4696 2985 4736 a
3005 4678 3291 4735 diabolicis
3306 4694 3426 4733 car-

1856 4780 2078 4836 ccribus
2106 4787 2161 4834 et
2197 4776 2366 4832 variis
2401 4773 2644 4844 peccatis
2669 4788 2699 4827 a
2724 4773 2926 4844 quibus
2957 4771 3137 4826 anima
3186 4769 3425 4825 suffoca-

1857 4878 1967 4927 tur.
1996 4869 2241 4926 Meminit
2258 4875 2439 4923 autem
2460 4865 2698 4921 tristium
2725 4879 2822 4937 per
2855 4861 2998 4918 feras
3030 4862 3192 4917 hasce
3218 4869 3277 4915 ut
3299 4875 3427 4914 sua-

1855 4960 2010 5014 viora
2050 4956 2299 5013 redderet
2342 4971 2407 5010 ea
2433 4969 2557 5025 quae
2581 4953 2856 5008 delectant
2889 4959 2945 5006 et
2972 4961 3029 5005 ut
3065 4951 3116 5004 in
3142 4950 3431 5020 praesenti.

1856 5049 1961 5104 bus
1996 5048 2157 5102 bouis
2190 5044 2455 5113 majorem
2494 5042 2679 5113 capiat
2704 5042 3063 5109 voluptatem,
3084 5040 3300 5094 discens
3328 5052 3433 5108 per

1854 5136 2326 5208 comparationem
2378 5147 2632 5204 quanam
2675 5130 3005 5200 quibuscum
3045 5127 3317 5182 mutavit:
3370 5135 3430 5181 et

1854 5229 2020 5287 simul
2054 5236 2113 5297 ut
2147 5242 2243 5299 pcr
2264 5224 2604 5280 avcrsionem
2634 5223 2703 5277 ab
2727 5222 2796 5277 iis
2818 5235 2939 5290 qum
2964 5226 3093 5275 sunt
3122 5218 3439 5285 deteriora,

1857 5322 1913 5377 in
1959 5320 2120 5378 bonis
2165 5316 2522 5377 stabilitatem
2568 5324 2623 5372 et
2666 5310 3168 5370 immulahilitatem
3211 5309 3429 5365 obtine-

1858 5429 1910 5469 τι
1918 5421 1955 5470 ι.

1930 5504 2065 5561 Nili.
2090 5536 2156 5546 —-
2194 5504 2429 5560 Rursum
2462 5501 2928 5569 atlhorlalurqnis
2980 5495 3273 5568 Sponsam,
3305 5511 3425 5552 Ino-

1860 5597 2008 5652 nitor
2038 5604 2216 5648 autem
2254 5595 2469 5652 siletur.
2511 5594 2625 5646 sive
2653 5592 2883 5661 ipsemet
2907 5589 3155 5659 Sponsus
3179 5589 3275 5653 sit,
3307 5587 3423 5644 sivo

1862 5682 2025 5757 hujus
2062 5685 2218 5738 amici
2261 5684 2349 5753 qui
2384 5697 2409 5732 a
2446 5682 2673 5752 profano
2706 5681 2824 5735 loco
2862 5680 3035 5749 ipS'tm
3068 5685 3297 5735 avocant
3343 5676 3417 5735 vd
