3946 6306
97 305 255 367 2313

96 505 168 572 τῇ
198 501 361 554 πόλει
393 499 565 568 λέγων
599 517 613 532 ο
655 501 716 552 Εἰ
751 501 925 570 μέγας
969 501 1108 564 ἐστὶ,
1141 501 1235 554 καὶ
1283 502 1383 570 τῆς
1441 498 1703 560 Ἰουδαίας

99 597 450 665 ὑπερμαχεῖ,
490 593 523 662 ἦ
588 592 662 664 μὴ
717 592 963 656 Θέλοντος
1011 594 1292 664 ἐπέϐημεν
1347 593 1576 662 ταύτης,
1610 592 1702 644 καξ

102 688 233 750 πῶς
291 688 440 739 ἐστιν
483 686 744 755 ἰσχυρόςς
797 686 829 758 ἢ
885 685 1211 755 βουλομένου
1263 683 1685 754 παρεγενόμεθα

101 777 204 830 καὶ
235 775 429 846 ὥσπερ
461 773 569 826 τῶν
592 773 789 838 ἄλλων,
822 775 918 826 καὶ
947 773 1152 843 ταύτης
1181 774 1552 844 κρατήσομεν.
1581 772 1705 823 Τοι-

103 865 326 938 γαροῦν
365 866 460 919 καὶ
513 865 604 918 τὸν
648 864 862 936 Ἰσραὴλ
918 865 1180 934 ἀδελφοὺς
1223 864 1382 928 ὄντας
1407 863 1707 932 ὑμετέρους

107 955 536 1027 ἐχειρωσάμεθα
562 993 576 1018 ,
632 955 769 1024 πρὸς
798 953 875 1025 τῷ
912 955 987 1025 μὴ
1043 953 1224 1023 λέγειν
1269 955 1436 1023 ὑμᾶς,
1470 954 1546 1018 ὡς
1579 955 1708 1018 τοὺς

107 1047 319 1109 ἄλλους
346 1047 374 1098 ό
401 1045 534 1109 Θεὸς
568 1047 642 1116 μὴ
671 1046 830 1107 ὄντας
863 1046 1025 1099 αὑτοῦ
1051 1046 1455 1114 παραδέδωκεν.
1472 1045 1708 1113 Ἀγνοῶν

107 1137 188 1202 ὡς
210 1139 314 1191 καὶ
348 1136 562 1207 Ἰσραὴλ
591 1127 1061 1207 εἰδωλολατρήσας
1090 1135 1226 1189 Θεοῦ
1253 1135 1523 1207 προῆλθεν
1549 1135 1710 1189 ἀλλό-

109 1243 297 1298 τριος.
328 1228 494 1297 Δῆλον
511 1226 589 1294 δὲ,
619 1228 804 1294 φασιν,
833 1228 883 1279 εί
915 1226 978 1291 ἐξ
999 1227 1224 1280 εἰκότων
1249 1226 1405 1295 ἔλεγε
1435 1225 1708 1292 ταῦτα,ὲκ

112 1319 212 1373 τοῦ
236 1320 462 1389 νικῆσαι
490 1319 584 1372 τὸν
617 1318 835 1390 Ἰσραὴλ
863 1319 992 1371 λαὸν
1012 1318 1140 1372 ὄντα
1159 1319 1324 1388 δῆθεν
1358 1317 1516 1380 Θεοῦ,
1553 1317 1586 1388 ἢ
1616 1318 1710 1372 καὶ

112 1417 324 1488 ᾔσθετο
375 1415 512 1468 Θεοῦ
573 1417 688 1480 τοῖς
745 1414 914 1469 αὑτοῦ
982 1415 1265 1486 λογισμοῖς
1315 1415 1713 1478 ὑποϐάλλοντπ

117 1509 378 1564 ἐπελθεῖν
412 1508 685 1572 Ἰουδαίοις
709 1509 797 1563 διὰ
814 1510 913 1573 τὰς
943 1510 1169 1564 ἐκείνων
1193 1511 1560 1580 παρανομίας.
1580 1504 1714 1562 Εἶτα

120 1605 391 1675 παραινεῖ
447 1601 527 1673 τῷ
582 1602 698 1672 λαῷ
727 1601 1065 1672 παραδοῦναι
1116 1601 1215 1672 τὴν
1269 1601 1446 1666 πόλιν,
1501 1601 1596 1654 καὶ
1616 1601 1716 1672 τὴν

120 1695 414 1764 διαϐόητον
445 1695 542 1748 καὶ
571 1695 700 1764 παρ’
729 1695 914 1758 αὐτοῖς
953 1693 1200 1760 Ἐζεκίου
1233 1693 1488 1764 καθαιρεῖ
1532 1692 1717 1746 θεοσέ-

123 1787 301 1840 ϐειαν.
349 1786 460 1840 Καὶ
491 1787 604 1840 ἄνω
632 1785 688 1838 δὲ
718 1787 1078 1856 συνέκρουσεν
1105 1785 1292 1850 αὑτὸν,
1321 1785 1396 1848 ὡς
1425 1787 1715 1840 καθελόν-

126 1895 201 1932 τα
230 1877 306 1931 τὰ
336 1878 575 1946 ὑψηλὰ,
609 1873 689 1941 οἷς
715 1877 857 1945 ἔγνω
899 1878 1041 1932 κατὰ
1082 1877 1180 1948 τὴν
1215 1876 1391 1948 Ἀχαζ
1441 1877 1718 1947 βασιλείαν

127 1972 393 2041 χαίροντα
432 1970 526 2023 τὸν
556 1971 683 2024 λαὸν
708 1968 846 2022 Θεοῦ
881 1970 1120 2039 νομίζων
1149 1970 1310 2024 αὑτά.
1355 1964 1489 2023 Εἶτα
1529 1969 1719 2023 συλλο-

127 2064 372 2132 γίζεται,
409 2063 485 2126 ὡς
513 2065 560 2117 εί
593 2064 720 2124 τοὺς
761 2062 958 2126 ἀλλους
991 2063 1092 2116 οὐκ
1119 2062 1334 2116 ἔσωσαν
1358 2064 1408 2116 οί
1437 2064 1571 2126 θεοὶ,
1599 2062 1721 2116 οὐδὲ

129 2157 237 2208 τὸν
287 2154 522 2209 Ἰούδαν
554 2156 589 2210 ὀ
621 2156 857 2222 Κύριος,
889 2154 1042 2209 οὐδὲν
1063 2155 1170 2210 τῶν
1201 2155 1376 2209 ἄλλων
1417 2155 1580 2209 αὑτὸν
1608 2154 1722 2208 δια⁶

132 2247 320 2318 φέρειν
345 2247 617 2316 οἰόμενος.
652 2248 798 2318 Πρὸς
845 2247 881 2301 ἂ
917 2247 1154 2318 ρηθέντα
1191 2247 1334 2300 κατά
1390 2247 1724 2317 πρόσταγμα

136 2337 332 2404 σιγῶσι
366 2337 671 2407 βασιλικόν.
728 2337 983 2401 Εὐσεϐῶς
1029 2337 1141 2409 γὰρ
1178 2340 1291 2392 οὐκ
1335 2339 1724 2406 ἀποκρίνεται

139 2427 496 2498 βλασφήμης,
531 2429 654 2481 ἀντὶ
685 2429 761 2492 ὡς
793 2429 868 2498 μὴ
897 2429 922 2467 ¹ί
957 2428 1096 2500 πρὸς
1139 2426 1298 2482 τοῦτο
1331 2428 1596 2498 μειζόνως
1629 2429 1726 2483 αὐ-

139 2518 226 2571 τὸν
262 2517 591 2587 ὲρεθίσειεν.
653 2519 810 2572 Κατὰ
865 2519 948 2584 τὸ,
993 2537 1012 2570 r
1066 2518 1158 2589 Μὴ
1208 2519 1398 2573 ἔκκαιε
1447 2519 1726 2590 ἄνθρακας

141 2607 494 2680 ἁμαρτυ›λοῦ.
538 2630 555 2662 ι
598 2611 704 2664 Καὶ
734 2611 992 2682 ἀνόνητον
1021 2609 1078 2664 δὲ
1112 2613 1225 2673 τοῖς
1257 2611 1450 2664 ἀνίατα
1488 2613 1588 2683 τὴν
1625 2613 1728 2681 ψυ-

146 2701 243 2773 χὴν
272 2701 498 2771 νοσοῦσι
529 2702 1038 2772 προσδιαλέγεσθαι,
1077 2704 1214 2772 πρὸς
1263 2703 1358 2766 οὒς
1388 2705 1470 2757 δεῖ
1518 2705 1730 2775 πεφρά-

147 2793 268 2863 χθαι
296 2797 369 2864 τῇ
407 2796 608 2864 σιωπῇ,
637 2793 982 2861 κρύπτοντας
1014 2795 1113 2864 μὲν
1141 2794 1268 2858 τοὺς
1289 2795 1512 2865 ἀληθεῖς
1539 2795 1730 2864 λόγους

151 2885 206 2936 ἐν
234 2885 474 2947 ἑαυτοῖς,
503 2884 900 2954 περιμένοντας
919 2883 976 2937 δὲ
1000 2883 1100 2954 τὴν
1122 2884 1187 2936 ὲκ
1205 2883 1339 2936 Θεοῦ
1365 2883 1506 2937 κατὰ
1525 2883 1732 2937 τούτων

151 2973 412 3046 εὔκαιρον
442 2975 677 3045 κίνησιν.
711 2975 786 3028 Οὐ
821 2975 958 3046 πρὸς
987 2977 1136 3046 ἡμᾶς
1165 2975 1276 3047 γὰρ
1310 2975 1410 3040 ἔτι,
1439 2975 1578 3047 πρὸς
1599 2977 1732 3030 Θεὸν

1297 294 1829 359 COMMENTARH
1857 293 1946 355 IN.
1973 292 2258 353 ISAIAM.

176 407 520 478 Auatpértco;
541 407 596 460 δὲ
633 407 1006 476 συλλογίζεται
1035 407 1110 480 μὴ
1139 408 1274 461 Θεοῦ
1295 409 1466 480 χωρὶς
1487 406 1696 459 ἐπιέναι
1725 409 1773 464 Α

3238 283 3380 347 2314

1865 402 2009 458 Male
2037 411 2218 457 autem
2237 415 2346 460 non
2360 399 2479 454 sine
2499 397 2591 453 Dei
2617 398 2846 454 numine
2869 397 3148 453 civitatem
3171 395 3377 451 adoriri

1807 509 1867 549 se
1926 493 2244 571 colligitin
2305 491 2452 545 hunc
2507 491 2767 545 modum:
2805 489 2860 544 Si
2909 504 3142 560 magnus
3177 493 3283 552 est,
3327 496 3382 538 et

1807 584 2049 641 Judmam
2081 592 2262 640 tuetur
2293 623 2309 648 ,
2366 591 2464 638 aut
2522 597 2590 638 eo
2626 585 2845 638 nolente
2896 583 3144 638 eamdem
3189 595 3382 635 sumus

1810 674 2012 738 adorti,
2075 683 2129 727 et
2187 672 2333 727 nulla
2395 678 2482 725 est
2536 670 2659 740 ejus
2705 672 2986 740 potentia:
3046 678 3142 722 aut
3190 667 3382 722 eodem

1808 764 2026 818 volente
2059 762 2432 824 accessimus.
2469 761 2736 816 eteadem
2769 775 2990 830 quoque
3012 801 3028 827 ,
3067 760 3208 814 sicut
3237 759 3383 820 aliis.

1811 855 2107 924 potiemur.
2131 853 2320 924 Itaque
2350 863 2404 908 et
2440 852 2694 908 Israelem
2723 851 2948 908 fratrem
2973 859 3216 908 vestrum
3241 851 3388 906 bello

1812 954 2131 1016 superatum
2168 944 2445 1015 captivum
2468 944 2869 1002 habemuszne
2922 943 3061 999 alios
3119 943 3251 1012 jam,
3292 942 3387 1012 qui

1813 1038 1899 1095 sui
1956 1051 2066 1090 non
2113 1044 2318 1098 essent,
2377 1034 2546 1088 Deum
2598 1032 2895 1088 tradidisse
2956 1031 3219 1088 aﬂeratis.
3280 1029 3389 1085 Sed

1815 1130 2076 1187 lsraelem
2096 1128 2212 1198 jam
2235 1143 2266 1183 a
2297 1127 2434 1190 Deo,
2458 1133 2683 1197 propter
2711 1125 3111 1192 idololatriam,
3147 1125 3389 1180 alienum

1815 1223 1992 1280 fuisse
2022 1219 2334 1290 ignorabat.
2375 1218 2535 1274 Patet
2573 1233 2729 1285 vero,
2760 1218 2940 1281 aiunt,
2993 1218 3040 1272 si
3089 1217 3158 1272 ab
3185 1231 3253 1272 eo
3284 1216 3392 1271 ista

1816 1319 2191 1370 consentanee
2216 1309 2500 1372 dicuntur,
2539 1323 2603 1363 ex
2627 1322 2740 1378 quo
2761 1307 3015 1363 lsraelem
3053 1308 3270 1376 ipsum,
3297 1305 3393 1360 Dei

1815 1406 2079 1478 populum
2139 1403 2390 1466 scilicet,
2454 1400 2802 1471 subiugavit,
2859 1399 2947 1454 vel
3013 1398 3119 1453 hoc
3188 1399 3395 1454 sentire

1815 1497 2006 1562 etiam,
2032 1494 2204 1550 Deum
2240 1492 2347 1550 sibi
2373 1499 2432 1546 ut
2459 1489 2678 1548 Judmos
2709 1497 2936 1560 propter
2967 1503 3159 1542 eorum
3189 1487 3395 1542 scelera

1819 1588 2122 1650 adoriatur,
2156 1585 2211 1640 in
2239 1584 2484 1638 animum
2537 1582 2820 1637 inducere.
2876 1579 3083 1636 Deinde
3133 1587 3193 1633 ut
3243 1579 3399 1633 urbis

1819 1677 2156 1734 deditionem
2181 1673 2366 1739 faciat,
2391 1673 2650 1742 populum
2667 1671 2993 1726 adhortatur
3015 1689 3031 1738 ;
3050 1678 3104 1725 et
3125 1670 3397 1726 celebrem

1825 1769 1968 1839 apud
1997 1781 2094 1822 eos
2121 1765 2370 1820 Ezechiae
2401 1765 2658 1834 pietatem
2690 1762 2876 1818 studet
2905 1772 3228 1818 extenuare.
3254 1761 3398 1828 Quin

1823 1865 1878 1910 et
1907 1854 2162 1908 eumdem
2193 1852 2470 1922 superius,
2504 1859 2766 1922 tanquam
2832 1853 3040 1907 excelsa
3078 1853 3401 1916 sustulisset,

1825 1945 2127 2013 vellicavit,
2169 1946 2373 2016 quibus
2403 1945 2626 2000 Achazo
2651 1953 2917 2015 regnante
2949 1947 3210 2016 populum
3264 1961 3403 2015 gau-
3481 1933 3498 1939 ’

1827 2039 1958 2095 dere
1983 2047 2233 2102 noverat,
2259 2037 2354 2091 Dei
2383 2050 2508 2112 esse
2564 2035 2660 2090 illa
2715 2035 3037 2090 arbitratus.
3078 2036 3158 2090 Ita
3207 2034 3406 2090 deinde

1828 2130 2224 2187 ratiocinatur:
2256 2128 2314 2183 Si
2343 2129 2481 2184 alios
2504 2128 2590 2183 sui
2627 2144 2736 2182 non
2780 2135 3074 2184 servarunt
3093 2129 3166 2182 dii
3187 2167 3203 2193 ,
3227 2143 3409 2198 neque

1829 2225 2091 2280 Dominus
2119 2221 2374 2287 Judazos,
2435 2234 2601 2292 quem
2674 2219 2891 2275 caeteris
2955 2229 3220 2289 praestare
3296 2235 3407 2275 non

1829 2316 2010 2371 video.
2042 2318 2111 2368 At
2135 2313 2269 2368 nihil
2293 2313 2361 2368 ad
2407 2313 2782 2383 blasphemias
2823 2313 2961 2368 istas
3021 2313 3143 2383 pius
3195 2328 3288 2368 rex
3330 2330 3411 2365 re-

1831 2407 2080 2479 sponderi
2098 2421 2297 2478 passus
2315 2413 2425 2469 est,
2439 2420 2508 2460 ne
2529 2405 2596 2459 ad
2611 2405 2848 2476 majores
2867 2414 3196 2474 provocaret
3215 2421 3229 2469 ;
3253 2404 3410 2474 juxta

1834 2500 2001 2557 illud:
2068 2517 2087 2551 ‹
2124 2499 2204 2554 Ne
2257 2498 2580 2560 succendas
2619 2498 2893 2554 carbones
2945 2497 3259 2568 peccatoris
3281 2498 3347 2550 ¹⁰.
3385 2515 3404 2548 ι

1833 2592 2032 2648 Inutile
2061 2589 2231 2646 fuerit
2264 2599 2533 2660 praeterea
2568 2603 2693 2644 cum
2731 2588 2868 2652 illis,
2915 2587 3118 2657 quibus
3168 2594 3258 2664 est
3290 2588 3410 2641 ani-

1835 2699 1939 2739 mae
1965 2683 2116 2738 salus
2144 2681 2456 2750 deplorata,
2483 2678 2664 2734 verbis
2682 2677 2996 2744 decertare;
3024 2693 3168 2748 quos
3189 2676 3413 2756 silentio

1837 2781 2063 2846 prmstat
2090 2771 2406 2836 retundere,
2429 2769 2819 2840 sermonisque
2843 2769 3132 2824 veritatem
3167 2767 3222 2822 in
3251 2768 3412 2823 nobis

1838 2869 2029 2925 tandiu
2056 2882 2323 2940 premere,
2344 2865 2521 2920 donec
2545 2865 2745 2920 idoneo
2770 2873 3013 2934 tempore
3041 2878 3072 2918 a
3101 2863 3213 2919 Deo
3234 2863 3290 2918 in
3318 2879 3414 2919 eos

1840 2961 2168 3017 excitemur.
2193 2957 2384 3028 Neque
2405 2957 2552 3013 enim
2583 2967 2698 3011 tum
2722 2956 3013 3011 adversum
3034 2969 3136 3011 nos
3156 2956 3414 3025 amplius,

152 3066 205 3120 δὲ
231 3069 319 3120 τὸν
338 3067 583 3137 πόλεμον
603 3065 816 3136 ἔχουσιν
898 3045 1152 3137 ποιήτέον
1184 3045 1256 3120 ἐνῇ
1273 3067 1451 3138 καιρῷ
1478 3045 1723 3140 διωγμῶι

1843 3051 1941 3106 sed
1974 3049 2268 3105 adversum
2292 3049 2473 3119 ipsum
2513 3045 2682 3102 Deum
2712 3047 2913 3102 bellum
2972 3046 3205 3116 geritur.
3254 3047 3412 3112 Quod

155 3157 210 3210 ὲν
247 3160 368 3222 ταῖς
415 3157 758 3228 βλασφήμοις
805 3156 916 3211 τῶν
969 3157 1183 3210 ἀσεϐῶν
1214 3157 1484 3224 διαλέξεσι
1526 3159 1738 3227 λέγοντι
1775 3147 1800 3152 ν
1843 3147 1964 3212 ipso
2019 3147 2260 3194 “'“ime
2336 3147 2790 3209 Ρθτδθθυιῖοηυω
2849 3147 3095 3210 tempore
3150 3149 3416 3209 Ρτπδιδτθ

159 3252 516 3323 πειθομένους
547 3251 710 3305 Δαϐίδ
733 3268 746 3282 ο
790 3271 808 3302 ι
863 3251 1104 3322 Ἐθέμην
1133 3250 1212 3321 τῷ
1241 3251 1473 3322 στόματί
1509 3269 1609 3322 μου
1642 3269 1742 3321 φυ-

159 3343 346 3417 λακήν.
414 3346 504 3399 Ἐν
545 3345 624 3416 τῷ
673 3345 936 3415 συστῆναι
995 3345 1087 3397 τὸν
1145 3345 1470 3416 ἁμαρτωλὸν
1499 3345 1742 3399 ἐναντίον

165 3456 262 3509 μου
286 3480 300 3504 ,
325 3441 635 3524 ὲκωφώθην
674 3441 770 3494 καὶ
811 3438 1190 3508 ὲταπεινὼθην
1211 3478 1226 3504 ,
1278 3438 1374 3492 καὶ
1420 3437 1653 3508 ὲσίγησα
1682 3438 1744 3503 ἐξ

161 3531 399 3600 ἀγαθῶν.
438 3552 456 3584 ι

757 3712 1008 3768 ΚΕΦΑΛ.
1051 3711 1176 3766 ΛΖ’.

231 3805 355 3870 αοζκ
397 3804 506 3860 Kal
533 3805 771 3874 ἐγένετο
811 3806 883 3858 ἐν
913 3802 994 3868 τῷ
1026 3803 1287 3858 ἀκοῦσαι
1337 3804 1446 3856 τὸν
1475 3803 1745 3867 ,βασιλέα

178 3897 457 3964 Ἐζεκίαν,
485 3898 701 3966 ἔσχισε
753 3897 828 3950 τὰ
879 3895 1078 3965 ἱμάτια
1102 3895 1308 3960 αὐτοῦ,
1337 3895 1436 3948 καὶ
1472 3895 1743 3962 περιεϐά-

168 3993 298 4044 λετο
346 3989 604 4054 σάκκον,
653 3988 756 4042 καί
808 3987 992 4055 ἀνέϐη
1017 3989 1106 4052 εἰς
1142 3984 1251 4040 τὸν
1277 3981 1448 4039 οἷκον
1499 3985 1742 4053 Κυρίου,

169 4096 223 4134 κ.
248 4098 298 4134 τ.
325 4081 372 4135 λ.

239 4171 400 4236 Ἔθος
425 4167 494 4244 ἦν
539 4169 814 4241 Ἑϐραίοις
845 4168 939 4221 ἐπὶ
965 4169 1087 4231 ταῖς
1130 4167 1272 4222 κατά
1324 4166 1459 4221 Θεοῦ
1500 4165 1745 4238 βλασφη-

176 4262 317 4330 μίαις
346 4262 819 4335 περιρρήγνυσθαι
843 4263 972 4324 τοὺς
1013 4261 1251 4332 χιτῶνας
1272 4277 1287 4292 ο
1335 4260 1625 4330 τοιγαροῦν
1670 4261 1748 4313 εί-

1842 3240 2083 3304 oportet,
2106 3231 2269 3304 417
2297 3231 2552 3302 interque
2587 3231 2944 3302 blasphemas
2993 3231 3291 3302 impiorum
3324 3245 3419 3284 vo-

1843 3341 1957 3394 ces,
1985 3324 2245 3380 Davidem
2269 3323 2464 3379 audire
2495 3325 2817 3394 psallentem
2846 3324 2934 3380 his
2957 3325 3171 3380 verbis:
3201 3343 3219 3376 ι
3249 3323 3418 3378 Posui

1842 3418 1925 3473 ori
1957 3432 2082 3474 meo
2116 3418 2466 3483 custodiam;
2499 3432 2626 3472 cum
2674 3418 3005 3474 consisteret
3037 3419 3305 3473 adversus
3332 3431 3418 3470 me

1842 3516 2118 3579 peccator,
2144 3507 2415 3574 obmutui,
2447 3515 2503 3563 et
2548 3507 2870 3564 humiliatus
2921 3523 3067 3572 sum,
3113 3515 3168 3562 et
3226 3505 3354 3562 silui
3389 3520 3419 3558 τι

1843 3600 2005 3655 bonis
2028 3601 2093 3653 “.
2134 3619 2153 3651 ι

2399 3689 2554 3745 CAP.
2595 3689 2860 3746 XXXVII.

1913 3781 2082 3836 Vens.
2110 3781 2232 3836 1-7.
2272 3779 2340 3833 Et
2378 3779 2582 3848 factum
2625 3789 2701 3834 est
2743 3795 2862 3832 cum
2894 3778 3102 3831 audiret
3143 3792 3235 3831 rex
3289 3775 3424 3830 Eze-

1845 3873 2016 3938 chias,
2049 3871 2207 3926 scidit
2236 3871 2549 3926 uestimenta
2573 3887 2696 3933 sua,
2743 3878 2794 3924 et
2853 3885 3062 3922 saccum
3117 3867 3325 3933 induit,
3375 3879 3424 3920 et

1849 3961 2089 4017 ascendit
2111 3962 2167 4015 in
2192 3961 2409 4016 domum
2439 3960 2677 4026 Domini,
2709 3969 2821 4016 etc.

1921 4163 2090 4236 418
2119 4161 2236 4219 Ilos
2270 4169 2388 4218 erat
2419 4161 2687 4229 Hebraeis,
2715 4163 2760 4218 si
2791 4176 2932 4232 quas
2970 4163 3023 4218 in
3059 4162 3226 4218 Deum
3284 4163 3427 4218 blas-

1850 4256 2102 4326 phemias
2139 4255 2444 4321 audissent,
2476 4262 2660 4310 vestes
2689 4271 2848 4337 suas‘
2874 4256 3137 4310 lacerare.
3185 4255 3429 4326 Indeque

174 4351 358 4416 πόντος
397 4352 492 4406 τοῦ
517 4351 790 4422 Σωτῆρος,
827 4370 847 4402 ι
887 4350 1120 4420 Ἀπάρτι
1152 4347 1352 4417 ὅψεσθε
1374 4349 1468 4402 τὸν
1499 4347 1629 4402 Υίὸν
1649 4347 1723 4401 τοί

1851 4345 2286 4416 est,quod,cum
2311 4344 2818 4415 dixissetISalvator
2845 4365 2858 4401 :
2893 4366 2910 4398 ι
2943 4347 3156 4402 Amodo
3173 4347 3429 4402 videbitis

176 4444 454 4515 ἀνθρώπου
489 4443 791 4514 καθήμενον
828 4442 893 4494 ὲκ
924 4439 1112 4504 δεξιῶν
1167 4443 1267 4510 τῆς
1314 4439 1620 4510 δυνάμεως,
1652 4455 1723 4493 κα

1853 4437 2055 4494 Filium
2101 4437 2344 4516 hominis
2365 4439 2645 4495 sedentem
2680 4455 2710 4494 a
2741 4440 2951 4497 dextris
2983 4441 3227 4507 virtutis,
3259 4449 3313 4496 et
3337 4457 3432 4496 ve-

177 4531 462 4603 ἐρχόμενον
489 4533 584 4586 ἐπὶ
612 4532 723 4586 τῶν
755 4529 993 4598 νεφελῶν
1021 4533 1118 4581 τοῦ
1146 4531 1377 4598 οὐρανοῦ
1400 4569 1414 4594 ,
1453 4545 1472 4579 ι
1508 4534 1537 4581 ό
1565 4531 1722 4599 ἀρχιε

1853 4531 2096 4586 nientem
2124 4531 2178 4586 in
2215 4531 2459 4587 nubibus
2481 4532 2647 4596 caeli;
2689 4552 2708 4586 ι
2766 4534 3113 4589 sacerdotum
3170 4533 3430 4603 princeps

181 4621 299 4689 ρεῦς
319 4624 572 4695 διέρρηξε
599 4623 666 4676 τὰ
696 4623 886 4690 ἱμάτια
915 4618 1084 4672 αὐτοῦ
1129 4617 1324 4687 λέγων,
1370 4637 1392 4670 ε
1436 4618 1723 4689 Ἐϐλασφή

1853 4623 2062 4693 dirupit
2084 4623 2413 4679 vestimenta
2445 4640 2568 4689 sua,
2594 4625 2807 4692 dicens,
2833 4643 2852 4676 ι
2880 4626 3291 4697 Blasphemavit
3309 4627 3374 4681 ι’.
3405 4645 3424 4678 ι

182 4727 363 4782 μησεν.
396 4735 414 4767 ι
444 4715 555 4768 Καὶ
583 4713 650 4766 δι’
675 4712 792 4775 ἑνὸς
810 4712 866 4764 δὲ
894 4711 1042 4778 λέγει
1069 4709 1178 4762 τῶν
1203 4709 1522 4782 προφητῶν,
1541 4728 1560 4762 ι
1585 4711 1722 4781 Διαῤ

1854 4719 2062 4774 Deinde
2089 4719 2171 4774 sic
2223 4719 2370 4789 apud
2427 4719 2751 4790 prophetam
2810 4720 3100 4788 quemdam
3159 4721 3432 4790 legimus:

183 4801 374 4871 ῥήξατε
403 4803 504 4866 τὰς
537 4802 763 4874 καρδίας
784 4800 962 4870 ὑμῶν,
993 4799 1089 4854 καὶ
1121 4798 1196 4870 μὴ
1231 4798 1299 4851 τὰ
1337 4799 1547 4868 ἱμάτια.
1581 4817 1601 4850 ι
1641 4799 1721 4853 Τὰ

1860 4827 1880 4859 ι
1920 4807 2222 4863 Discindite
2247 4808 2416 4863 corda
2448 4816 2630 4865 vestra
2661 4851 2676 4876 ,
2722 4820 2778 4864 et
2812 4825 2924 4864 non
2968 4811 3294 4866 vestimenta
3335 4825 3434 4863 ve-

183 4891 382 4947 ἑαυτῶν
425 4896 534 4964 γὰρ
564 4894 733 4964 ᾤοντο
797 4892 1122 4963 θεραπεύειν
1155 4891 1523 4961 παρανομίας,
1575 4894 1626 4944 εἰ
1661 4894 1723 4946 ὲτι

1853 4904 1966 4952 stra
2005 4897 2087 4950 ¹³.
2133 4916 2151 4948 ι
2210 4897 2287 4951 Ita
2348 4897 2496 4950 enim
2552 4897 2670 4952 suis
2733 4913 2792 4953 se
2829 4897 3053 4968 purgari
3106 4897 3434 4952 criminibus

182 4986 294 5046 ταῖς
326 4987 465 5040 κατὰ
495 4985 629 5040 Θεοῦ
671 4985 1044 5055 βλασφημίαις
1072 4983 1606 5052 περιρῤηγνύοιντο
1631 4983 1723 5052 tiu

1851 4987 2282 5052 arbitrabantur,
2311 4988 2380 5055 si,
2410 4989 2596 5043 audita
2632 4989 2686 5044 in
2716 4991 2887 5045 Deum
2913 4988 3280 5060 blasphemia,
3303 5001 3436 5041 suas

183 5072 418 5144 ἐσθῆτα.
451 5077 623 5132 Τοῦτο
655 5077 714 5130 δὲ
737 5077 833 5129 καὶ
864 5075 960 5130 νῦν
997 5076 1187 5146 ἔδρων,
1217 5074 1295 5138 ὼς
1332 5075 1608 5128 δυσσεϐῶν
1660 5093 1722 5129 κε

1860 5087 2024 5132 uestes
2060 5077 2424 5132 lacerassent:
2481 5081 2716 5149 quodet
2765 5081 2857 5135 hic
2913 5080 3075 5135 etiam
3134 5077 3434 5142 faciebant,

186 5171 564 5241 κοινωνηκότες
575 5169 862 5238 ῥημάτων
883 5168 970 5221 διὰ
997 5170 1096 5238 τῆς
1118 5166 1308 5235 ἀκοῆς,
1333 5166 1366 5237 ἢ
1390 5167 1465 5231 ὠς
1491 5166 1560 5220 δι’
1586 5168 1723 5222 αὐτο

1860 5175 2120 5236 tanquam
2182 5168 2479 5237 impiorum
2553 5171 2827 5224 verborum
2893 5168 3243 5226 exauditione
3305 5166 3435 5221 facti

189 5250 666 5329 βλασφημουμὲνου
702 5257 860 5312 Θεοῦ.
893 5259 969 5311 Οὐ
1015 5257 1122 5328 γὰρ
1162 5255 1406 5310 ἀνελθεῖν
1455 5259 1471 5296 Ι
1512 5274 1722 5329 συνεχω

1860 5259 2184 5329 participes,
2217 5260 2300 5314 vel
2337 5271 2564 5330 propter
2613 5261 2814 5317 factam
2852 5261 2962 5318 Deo
3017 5259 3433 5316 contumeliam.

192 5342 324 5418 ρήθη
365 5351 525 5422 μέχρι
549 5349 761 5417 πυλῶν,
801 5350 890 5403 ἵνα
924 5351 1020 5409 καὶ
1047 5346 1272 5402 τοιαῦτα
1303 5347 1723 5420 βλασφημοῦντο

1861 5349 2043 5419 Neque
2088 5351 2237 5406 enim
2289 5349 2551 5421 Rapsacze
2605 5353 2674 5406 ad
2725 5361 2914 5422 portas
2955 5366 3132 5420 usque
3172 5349 3435 5422 progredi

259 5495 486 5558 “Eccli.
528 5502 766 5571 "11,13.
847 5502 888 5532 “
918 5499 1066 5556 Psal.
1100 5516 1334 5570 xxxvm,
1361 5501 1417 5568 2,
1454 5503 1510 5556 5.
1590 5503 1634 5534 ¹²
1671 5501 1719 5557 Μ

1832 5519 1866 5558 I.
1903 5518 2058 5572 xxvr,
2085 5506 2177 5574 64,
2212 5509 2302 5566 65.
2383 5509 2424 5542 ¹³
2461 5508 2579 5566 Joel
2620 5524 2683 5576 ιι,
2711 5508 2798 5564 l5.

1388 5642 1392 5645 -
1497 5613 1738 5671 VARIE
1785 5614 2193 5676 LECTIONES.

258 5701 286 5744 ’⁵
316 5723 404 5776 τρο
437 5707 512 5772 ὡς
544 5707 634 5762 ἄν.
716 5703 737 5744 1
769 5722 864 5775 γρ.
893 5704 958 5758 ἂν
989 5703 1186 5759 ἐλθεῖν.

495 5803 766 5866 Ριιτιιοι..
814 5802 934 5862 Gn.
967 5799 1336 5863 LXXXVII.
2961 5809 3036 5870 τίς
