3946 6306
98 324 264 394 2317

1275 331 1806 393 COMMENTARII
1843 330 1924 390 IN
1963 331 2244 390 ISAIAM.

3241 331 3381 396 2318

103 458 228 494 σαν
260 437 498 493 ἀπειλῶν
515 438 607 492 καὶ
638 450 820 508 πάσης
852 437 1204 508 βλασφημῗας
1244 439 1460 509 Ἐζεκίᾳ
1489 441 1709 511 πέμψας

1817 440 2113 510 cogitaret;
2157 439 2299 494 malo
2328 438 2394 492 ad
2427 455 2549 493 eum
2603 440 2810 507 perlato
2853 441 3067 501 nuntio.
3104 441 3378 497 minarum

100 531 435 603 ἐπιστολὴν,
485 531 561 594 ὡς
603 530 708 600 ἰδίᾳ
756 531 982 600 δυνάμει
1013 532 1193 586 πάντα
1226 531 1362 584 ἐλὼν
1395 533 1705 603 ὑποχείρια,

99 624 270 678 καθὰ
296 623 506 692 φθάσας
538 625 567 675 ό
598 624 881 692 προφήτης
921 622 1029 694 πρὸ
1066 622 1173 676 τῶν
1209 622 1386 692 ἔργων
1414 625 1704 694 ὲμήνυσεν,

109 718 316 782 (Οὐαὶ,
355 717 557 784 λέγων,
604 714 937 784 ’Δσσυρίοις,
970 717 1003 785 ή
1036 715 1230 784 ῥάϐδος
1264 713 1358 766 τοῦ
1380 713 1555 785 θυμοῦ
1603 732 1704 784 μου

101 813 220 866 καὶ
250 811 422 882 ὀργῆς
457 811 607 862 ἐστιν
640 810 699 860 ὲν
739 810 862 872 ταῖς
911 810 1102 881 χερσὶν
1133 809 1335 876 αὐτῶν,
1361 828 1380 861 ι
1424 809 1521 861 καὶ
1560 808 1706 878 ἑξῆς.

102 902 299 965 Αὐτὸς
348 901 405 954 δὲ
450 901 550 970 οὐχ
597 899 772 962 οὕτως
824 899 1158 971 ἐνεθυμήθη.
1192 899 1303 954 Καὶ
1354 899 1454 962 τὰς
1486 898 1580 952 νῦν
1611 898 1706 952 τοῦ

102 990 536 1060 Σενναχηρεὶμ
593 990 825 1052 ἀπειλὰς
879 991 972 1043 ἐπὶ
1021 989 1235 1052 τούτοις
1291 991 1617 1060 ἐπήνεγκεν,
1651 988 1708 1042 αϊ

103 1085 525 1158 προρρηθεῖσαι
581 1083 678 1138 νῦν
721 1081 1143 1153 ἐπληρώθησαν.
1188 1081 1248 1134 Ὀ
1299 1081 1356 1134 δὲ
1405 1081 1566 1135 πάλιν
1617 1082 1710 1134 ἐπὶ

103 1177 232 1228 τὸν
257 1173 412 1227 ναὸν
443 1171 774 1240 καταφυγὼν
805 1173 897 1225 τοῦ
940 1170 1098 1236 Θεοῦ,
1127 1170 1402 1224 δείκνυσιν
1432 1171 1581 1239 αύτῷ
1611 1171 1710 1240 τὴν

100 1265 437 1337 ἐπιστολὴν,
467 1266 566 1336 οὐχ
593 1265 668 1328 ὡς
698 1263 1008 1333 ἀγνοοῦντι,
1038 1263 1291 1334 μάρτυρα
1320 1261 1374 1315 δὲ
1400 1262 1500 1332 τῆς
1519 1263 1710 1316 τοσαύ·

101 1376 222 1430 της
277 1359 442 1412 αὑτὸν
487 1357 840 1428 βλασφημίας
900 1356 1246 1426 ποιούμενος,
1293 1355 1388 1408 καὶ
1431 1356 1530 1424 τὴν
1569 1357 1709 1410 κατὰ

102 1454 344 1507 πάντων
383 1449 550 1504 αὑτοῦ
584 1447 908 1502 δεσποτείαν
949 1446 1249 1516 ὁμολογῶν,
1282 1447 1375 1499 καὶ
1397 1447 1470 1509 ὡς
1497 1447 1711 1515 ψευδεῖς

107 1545 160 1596 υἱ
212 1542 500 1612 λεγόμενοι
541 1539 654 1593 τῶν
686 1537 858 1591 ὲθνῶν
887 1533 998 1590 εἷεν
1037 1536 1172 1589 θεοί.
1227 1535 1305 1588 Δι’
1341 1536 1712 1606 ὑπερϐάλλου-

101 1653 220 1688 σαν
242 1635 303 1688 δὲ
333 1634 394 1687 τδ
425 1633 642 1703 πρῶτον
670 1629 984 1693 εὐλάϐειαν,
1032 1629 1132 1682 οὐκ
1174 1627 1466 1698 εὐξάμενος
1493 1629 1580 1681 ὅτε
1619 1628 1710 1681 τὸν

107 1725 331 1778 σάκκον
367 1721 678 1786 ἐνεδύσατο,
709 1721 784 1784 ὡς
819 1720 912 1773 ἐπὶ
961 1717 1098 1771 Θεοῦ
1138 1717 1274 1787 μηδὲ
1308 1717 1482 1788 στόμα
1527 1717 1708 1788 διᾶραι

1811 533 1864 581 et
1890 526 2508 596 cujusvisblaspbemire
2535 525 2768 581 refertas
2821 527 2887 580 ad
2923 526 3203 582 Ezechiam
3239 530 3382 584 litte-

1813 630 1902 671 ras
1924 617 2104 683 dedit;
2143 625 2402 685 tanquam
2435 618 2526 686 qui
2566 619 2782 686 propria
2816 618 3012 673 virtute
3053 621 3234 673 omnia
3275 621 3379 674 sibi

1810 708 2158 777 subjecisset,
2215 708 2357 762 sicut
2413 717 2498 762 est
2549 725 2578 761 a
2619 709 2882 778 prOpheta
2923 710 3379 773 demonstratum,

1811 799 1898 854 bis
1926 799 2108 854 verbis
2142 819 2154 854 :
2195 819 2213 851 ι
2268 797 2361 853 Vae
2413 801 2679 868 Assyriis,
2715 802 2864 870 virga
2914 804 3118 856 furoris
3161 803 3287 866 mei,
3329 811 3384 857 et

1813 891 1908 945 ira:
1947 905 2081 944 mea:
2114 890 2165 943 in
2193 890 2448 944 manibus
2481 905 2670 944 eorum
2707 891 2782 955 ”;
2824 911 2841 942 ι
2887 887 2941 945 et
2970 907 3091 960 qua:
3137 908 3381 962 sequun-

1818 987 1932 1034 tur.
1962 982 2025 1032 At
2059 982 2176 1048 ipse
2199 994 2268 1033 ne
2297 979 2375 1034 sic
2401 979 2668 1034 intellexit
2708 979 2948 1048 quidem.
2977 980 3148 1036 Minas
3180 983 3378 1037 deinde

1811 1085 1950 1140 quas
1983 1071 2283 1134 intuemur,
2317 1071 2370 1123 in
2403 1069 2777 1124 Sennacherim
2814 1071 3088 1141 adjunxit,
3120 1088 3238 1142 qua:
3269 1075 3381 1144 jam

1815 1162 1942 1216 inde
1972 1161 2246 1231 praedicta:
2268 1177 2416 1216 nunc
2448 1161 2666 1216 demum
2694 1163 3010 1231 implentur.
3047 1160 3153 1217 Sed
3187 1179 3384 1218 rursus

1812 1251 1877 1303 ad
1916 1249 2010 1304 Dei
2069 1251 2319 1319 ternplum
2347 1249 2673 1320 confugiens
2727 1249 3010 1315 Ezechias,
3053 1251 3229 1306 cidem
3277 1253 3385 1322 epi-

1812 1339 2006 1394 stolam
2039 1339 2304 1406 ostendit,
2337 1354 2443 1393 non
2475 1347 2734 1410 tanquam
2769 1341 3024 1409 ignorare
3061 1343 3378 1407 arbitretur;

1814 1431 1908 1485 sed
1941 1440 1998 1484 ut
2021 1438 2186 1485 tanta:
2219 1431 2572 1500 blasphemia:
2603 1439 2796 1486 testem
2829 1431 3108 1497 adhibeat,
3151 1434 3383 1503 ejusque

1812 1524 2115 1577 dominium
2152 1522 2206 1576 in
2259 1537 2473 1586 omnes,
2510 1532 2566 1576 et
2617 1521 2784 1577 falsos
2819 1538 2939 1578 esse
2973 1524 3241 1592 gentium,
3286 1523 3380 1593 qui

1816 1614 2096 1678 dicuntur,
2143 1613 2276 1669 deos
2313 1613 2654 1684 proﬁteatur.
2686 1613 2875 1685 Neque
2906 1630 3038 1670 vero
3073 1613 3238 1669 Deum
3271 1622 3383 1670 sta-

1814 1707 1909 1759 tim
1959 1705 2104 1776 (quaa
2134 1720 2349 1762 summa
2401 1705 2575 1775 ipsius
2606 1705 2705 1759 fuit
2739 1707 2792 1760 in
2832 1705 3080 1762 eumdem
3122 1721 3382 1761 reverens

104 1776 360 1884 τολμῶν,
413 1776 724 1883 πρεσϐευτῇ
764 1776 822 1862 δὲ
862 1809 1009 1879 μόνῳ
1037 1776 1708 1879 τῷ1προφήτηχρησάμε-

1817 1795 1912 1866 tia)
1982 1804 2146 1865 atque
2183 1810 2344 1850 sacco
2385 1795 2610 1850 indutus
2645 1795 2768 1862 fuit,
2799 1796 3046 1851 oratione
3087 1812 3382 1867 aggressus

111 1924 239 1971 νος,
273 1905 342 1958 δι’
373 1904 540 1958 αὐτοῦ
579 1902 674 1956 νῦν
705 1901 965 1968 ἀξιωθεὶς
995 1899 1361 1970 ἀποκρίσεως,
1396 1899 1586 1972 θαρρεῖ
1607 1900 1706 1970 τὴν

107 1996 496 2068 προκειμένην
524 1995 868 2065 ἀναπέμπειν
890 1992 1078 2062 εὐχήν.
1158 1996 1166 2003 ’

187 2270 406 2340 κα-ληθ.
462 2267 570 2324 Καὶ
647 2265 961 2331 ἀπεστάλη
1012 2263 1250 2330 Ἡσαΐας
1322 2263 1452 2330 υἱὸς
1527 2263 1703 2332 Ἂμὼς

114 2364 274 2431 πρὸς
291 2359 568 2424 Ἑζεκίαν,
596 2359 693 2413 καὶ
720 2355 888 2412 εἷπεν
905 2357 1065 2422 αὐτῷ
1090 2372 1105 2387 ο
1142 2356 1284 2410 Τάδε
1305 2355 1465 2426 λέγει
1495 2358 1706 2423 Κύριος

116 2460 149 2509 ὁ
185 2454 340 2520 Θεὸς
384 2453 622 2523 Ἰσραήλ
653 2469 666 2483 ·
697 2453 972 2506 Ἤκουσα
1000 2449 1036 2503 ἂ
1069 2448 1394 2517 προσηύξω
1436 2449 1584 2514 πρός
1607 2464 1707 2516 με,

116 2546 259 2614 περὶ
292 2543 693 2613 Σενναχηρεὶμ
729 2540 1035 2606 ,ϐασιλέως
1069 2540 1421 2606 Ἀσσυρίων.
1459 2533 1647 2602 Οὗτος
1675 2539 1708 2592 ὀ

115 2636 330 2704 λόγος,
364 2633 437 2687 ὃν
455 2632 724 2700 Aldinae
753 2630 887 2699 περὶ
915 2629 1103 2684 αὐτοῦ
1136 2633 1168 2683 d
1188 2629 1349 2693 Θεός.
1387 2627 1708 2697 Ἐφαύλισέ

117 2743 216 2791 σε,
252 2726 350 2779 καὶ
383 2722 750 2795 ἐμυκτήρισέ
778 2738 874 2788 σε,
916 2719 1210 2789 παρθένος
1244 2718 1504 2789 θυγάτηρ
1533 2718 1705 2788 Σιῴν,

118 2824 175 2871 π.
212 2835 266 2871 τ.
294 2816 344 2871 λ.

192 2911 238 2962 Τ
242 2910 342 2973 οὺς
375 2909 659 2980 προφήτας
679 2907 730 2960 oi
765 2905 1059 2969 ἀκούοντες
1075 2903 1376 2974 ἐγνώριζον
1409 2899 1546 2957 εἶναι
1569 2920 1705 2975 προ-

1811 1895 1932 1955 est;
1991 1889 2086 1944 sed
2131 1904 2197 1944 ne
2237 1881 2301 1945 os
2345 1887 2563 1959 quidem
2614 1896 2746 1943 tunc
2782 1904 2950 1945 ausus
3001 1890 3214 1960 aperire
3249 1906 3382 1961 pro-

1809 1983 1986 2052 phetae
2037 1990 2247 2037 tantum
2291 1982 2454 2037 unius
2507 1980 2574 2034 ad
2641 1980 2694 2034 id
2745 1982 3014 2051 legatione
3073 1997 3228 2046 usus,
3289 1999 3383 2054 per

1808 2090 1969 2144 quem
2009 2073 2115 2128 hoc
2169 2073 2292 2126 loco
2323 2071 2430 2127 sibi
2481 2086 2811 2141 responsum
2855 2071 3049 2136 fuerat,
3089 2073 3382 2142 przedictas

1811 2179 2002 2236 preces
2029 2163 2225 2218 oﬂ‘erre
2255 2171 2502 2218 conatur.

1877 2257 2040 2329 422
2093 2255 2260 2310 Vens.
2317 2255 2551 2310 21-58.
2605 2254 2674 2308 Et
2729 2255 2921 2310 missus
2963 2265 3040 2310 est
3088 2254 3267 2311 Isaias
3311 2260 3379 2310 ad

1813 2347 2122 2411 Ezechiam,
2153 2357 2200 2402 et
2223 2347 2360 2400 dixit
2378 2348 2426 2400 ei
2457 2363 2474 2400 :
2514 2346 2640 2400 ιιωο
2665 2347 2803 2398 dixit
2837 2346 3089 2400 Dominus
3115 2347 3257 2401 Deus
3289 2346 3379 2400 ls-

1811 2442 1922 2496 rael
1954 2457 1973 2494 :
1999 2439 2193 2494 Audivi
2223 2455 2340 2509 qua:
2361 2448 2602 2507 precatus
2625 2453 2677 2490 es
2711 2453 2791 2490 me
2811 2453 2968 2505 super
3008 2436 3379 2491 Sennaeherim

1809 2549 1926 2602 rege
1961 2531 2321 2600 Assyriorum.
2355 2529 2458 2582 Hic
2481 2537 2558 2600 est
2581 2544 2771 2592 sermo,
2797 2543 2947 2596 quem
2986 2527 3189 2581 locutus
3217 2539 3290 2582 est
3317 2530 3382 2580 de

1806 2625 1902 2678 illo
1954 2622 2115 2676 Deus.
2166 2619 2466 2676 Contemnit
2526 2629 2575 2673 te
2612 2627 2662 2672 et
2701 2617 3017 2683 subsannat,
3071 2619 3214 2687 virgo
3262 2619 3379 2687 ﬁlia

1811 2715 1967 2782 Sion,
2000 2720 2109 2769 etc.

1880 2907 2044 2981 423
2089 2905 2394 2978 Prophetas
2425 2907 2518 2976 qui
2567 2905 2884 2973 audiebant,
2927 2907 3061 2962 tales
3094 2924 3216 2963 esse
3268 2923 3379 2963 non

122 3003 307 3071 φήτας
356 3001 459 3053 οὐκ
511 2999 619 3052 άπὸ
681 2998 791 3051 τῶν
859 2997 1074 3068 χρόνοις
1129 2996 1410 3066 ἐσομένων
1472 2997 1704 3067 μακροῖς

1817 3016 1875 3056 eo
1929 3001 2046 3069 ipso
2109 3002 2505 3069 agnoscebant,
2564 2998 2711 3068 quod
2765 3015 2888 3069 quae
2944 2999 3122 3070 longis
3187 3011 3377 3072 postea

124 3091 389 3161 (ἠγνόουν
420 3088 575 3162 γὰρ),
615 3089 732 3143 ἀλλ’
771 3089 879 3144 ἀπὸ
920 3087 1030 3141 τῶν
1057 3089 1268 3158 μικρῶν
1299 3096 1326 3136 P
1357 3086 1583 3156 ὕστερον
1623 3086 1709 3156 βε-

1819 3089 2158 3158 temporibus
2211 3086 2397 3143 futura
2445 3097 2624 3154 erant,
2678 3089 3057 3159 ignorantibus
3109 3091 3376 3160 prtedice-

123 3181 474 3252 δαιουμένων
523 3175 718 3252 ἔργοις
757 3181 1136 3251 προρρήσεων,
1185 3178 1280 3246 ἀφ’
1327 3170 1401 3230 ὧν
1430 3177 1526 3230 καὶ
1581 3177 1709 3248 περὶ

1817 3186 1967 3234 rent:
2000 3179 2093 3234 sed
2129 3179 2272 3249 quod
2299 3195 2419 3249 qua:
2444 3179 2850 3249 praedixissent,
2890 3181 3054 3236 rebus
3076 3183 3238 3251 paulo
3261 3193 3382 3252 post

125 3274 236 3327 τῶν
268 3272 448 3327 ἄλλων
479 3272 784 3326 ἐπίστευον.
817 3272 984 3324 Ὅθεν
1025 3269 1284 3340 προλέγει
1334 3270 1464 3340 περὶ
1510 3269 1646 3322 ὄνων
1682 3269 1709 3321 ό

1817 3270 2267 3340 comprobarent;
2309 3269 2451 3324 unde
2476 3278 2797 3325 ceterorum
2843 3269 3006 3326 etiam
3044 3273 3200 3327 [idem
3234 3275 3381 3328 face.

126 3363 390 3435 Σαμουήλ
409 3381 422 3393 ·
465 3365 558 3417 καὶ
595 3363 772 3427 ἄλλος,
807 3362 936 3433 περὶ
966 3361 1249 3424 νοσοῦντος
1277 3359 1540 3430 βασιλέως
1569 3356 1708 3411 υίοῦ·

1817 3364 1952 3407 rent.
1980 3353 2161 3423 Atque
2192 3354 2324 3409 hinc
2356 3363 2462 3422 est,
2489 3354 2640 3425 quod
2666 3370 2832 3424 super
2859 3355 3032 3410 asinis
3051 3354 3302 3421 Samuel;
3329 3361 3389 3407 et

125 3454 280 3520 όδὲ,
317 3449 582 3523 βασιλέως
631 3450 847 3522 Ἰσραὴλ
897 3447 1263 3520 προαγορεύει
1315 3449 1407 3501 τὸν
1461 3447 1709 3502 θάνατον.

1817 3459 1966 3515 super
1994 3461 2136 3515 aegro
2162 3447 2306 3516 regis
2327 3446 2438 3500 tilio
2461 3448 2601 3503 alius
2623 3447 2955 3503 va'icinatur
2985 3448 3057 3492 "1
3090 3448 3175 3502 hic
3208 3455 3388 3504 autem

129 3534 519 3615 Συνεχώρείδὲ
541 3541 698 3596 τοῦτο
719 3543 876 3606 Θεὸς,
913 3543 988 3606 ὼς
1015 3541 1081 3594 ἂν
1114 3541 1189 3612 μὴ
1221 3539 1433 3610 λιχνείᾳ
1466 3537 1709 3608 προγνὼ-

1817 3540 2096 3596 lsraelitiei
2138 3541 2279 3611 regis
2307 3548 2536 3594 mortem
2571 3527 2818 3609 praedicit
2849 3541 2914 3596 ’³.
2958 3542 3072 3595 Hoc
3101 3525 3228 3595 vero
3258 3558 3382 3610 per-

133 3651 272 3698 σεως
299 3671 317 3698 ,
359 3633 446 3686 ἐπ’
473 3631 916 3702 εἱδωλολατρείαν
944 3632 1230 3702 τρέποιντο
1283 3629 1377 3681 καὶ
1404 3629 1709 3698 χρηστήρια

1817 3631 2064 3684 mittebat
2103 3629 2266 3693 Deus,
2315 3645 2384 3685 ne
2437 3631 2746 3684 futurorum
2792 3631 3070 3695 aviditate,
3103 3632 3169 3684 ad
3213 3633 3380 3695 idola,

130 3726 226 3777 καὶ
280 3723 384 3788 τὰς
433 3724 642 3788 πλάνας
683 3721 914 3776 καθόλου
958 3721 1056 3782 τὰς
1111 3720 1398 3790 μαντικὰς.
1431 3718 1592 3771 Ὅθεν
1620 3718 1713 3772 καὶ

133 3813 225 3867 νῦν
266 3816 517 3879 Ἐζεκίας
543 3814 716 3868 ἄνεισι
744 3813 844 3882 μὲν
871 3813 962 3863 ἐπὶ
998 3811 1090 3863 τὸν
1130 3809 1286 3862 νεών.
1333 3807 1712 3876 Ἀποκρίνεται

132 3903 186 3956 δὲ
218 3904 284 3957 τὸ
332 3904 522 3975 μέλλον
555 3904 708 3966 Θεὸς,
741 3903 828 3954 διὰ
868 3900 962 3954 τοῦ
999 3902 1282 3971 προφήτου
1321 3895 1711 3966 φθεγξάμενος.

134 3997 242 4048 Καὶ
276 3996 522 4066 χρησμὸς
542 3994 742 4048 δίδοται
771 3993 1043 4062 δεύτερος,
1086 3989 1222 4042 Θεοῦ
1272 3988 1580 4050 δεικνύντος
1637 3987 1714 4049 ὡς

135 4085 376 4155 ἀκήκοεν
403 4083 567 4139 αὐτοῦ
588 4083 699 4152 ,τῆς
731 4081 918 4152 εύχῆς.
957 4080 1068 4134 Καὶ
1101 4080 1239 4150 πρὸς
1283 4079 1374 4131 τὸν
1427 4079 1480 4130 Ἀ
1493 4077 1714 4149 σσύριόν

137 4191 290 4244 φησιο
329 4175 401 4226 Σὺ
439 4173 540 4244 μὲν
573 4171 1072 4241 κατηλαζονεύσω
1108 4170 1228 4222 κατ’
1288 4167 1446 4238 ἐμοῦ,
1496 4169 1590 4220 καὶ
1613 4169 1714 4237 τῆς

136 4264 505 4334 ἀνακειμένης
576 4280 665 4332 μοι
740 4265 1018 4328 πόλεως,
1093 4261 1278 4328 φοϐεῖν
1329 4259 1558 4322 ἐλπίσας
1615 4259 1714 4327 τὴν

138 4355 462 4425 ἀδιάφθορον
513 4355 608 4407 καὶ
659 4353 747 4406 διὰ
777 4351 935 4405 τοῦτο
985 4352 1258 4422 παρθένῳ
1295 4350 1714 4421 παραϐαλλομέ-

1813 3729 1867 3776 et
1906 3722 2154 3788 oracula,
2210 3729 2550 3792 ceterasque
2592 3723 2816 3775 omnino
2854 3723 3097 3786 frandes,
3147 3739 3268 3791 qua:
3299 3727 3382 3778 di-

1813 3814 2093 3868 vinatione
2139 3821 2422 3878 constant,
2485 3829 2605 3868 sese
2653 3820 3056 3867 converterent.
3113 3815 3249 3869 llinc
3297 3827 3382 3870 est

1816 3905 2004 3966 etiam,
2043 3903 2188 3972 quod
2240 3919 2367 3958 cum
2421 3904 2474 3957 in
2527 3903 2783 3974 templum
2841 3904 3181 3958 ascendisset
3246 3905 3381 3961 Eze—

1817 3995 1992 4056 Chias,
2033 3994 2208 4048 eidem
2244 4009 2340 4064 per
2381 3994 2701 4064 prephetam
2738 3995 2802 4048 de
2848 3994 3055 4050 futuris
3085 3997 3381 4066 respondet

1814 4083 2101 4148 Dominus,
2134 4084 2390 4154 editoque
2414 4084 2637 4137 oraculo
2666 4084 2862 4145 altero,
2909 4099 3096 4152 preces
3131 4085 3250 4155 ejus
3281 4102 3382 4141 au-

1815 4176 1958 4230 ditas
2007 4189 2127 4230 esse
2174 4175 2536 4239 demonstrat,
2593 4182 2648 4228 et
2699 4173 2986 4244 Assyrium
3053 4175 3138 4229 his
3196 4177 3380 4229 verbi:

1817 4268 2122 4338 alloquitur
2157 4285 2170 4320 :
2212 4267 2406 4338 Magna
2441 4274 2534 4320 tua
2561 4265 2663 4320 fuit
2699 4265 2752 4318 in
2792 4282 2900 4328 me,
2934 4265 3220 4337 urbemque
3247 4270 3378 4322 mihi

1818 4366 2198 4413 consecratam
2239 4357 2505 4426 superbia,
2557 4358 2648 4426 qui
2702 4358 3098 4428 incorruptam,
3151 4359 3383 4428 ideoque

139 4463 232 4515 νην
250 4443 348 4498 τοῦ
376 4444 510 4497 Θεοῦ
530 4444 733 4508 πόλιν,
763 4441 858 4494 καὶ
885 4441 976 4494 τὸν
1007 4443 1064 4492 ὲν
1098 4443 1234 4512 αὐτῇ
1267 4441 1392 4492 λαὸν
1422 4439 1709 4508 θυγατέρα

1817 4451 2007 4520 uirgini
2049 4455 2424 4518 comparatam
2455 4447 2548 4500 Dei
2588 4447 2887 4513 civitatem,
2923 4427 3215 4517 ipsumque
3243 4427 3392 4516 ejus-

139 4536 291 4589 Σιών
319 4551 381 4588 τε
418 4533 518 4588 καὶ
551 4531 949 4600 Ἰερουσαλὴμ
987 4532 1412 4602 χρηματίζοντα.
1458 4532 1568 4584 Καὶ
1609 4531 1708 4582 αύ-

138 4627 226 4688 eo;
262 4627 324 4679 δὲ
381 4623 700 4695 καθαρεύων
758 4621 1201 4691 εἰδωλολατρείας
1252 4621 1543 4688 παρθένος
1581 4620 1712 4673 ὠνό-

1815 4543 1935 4595 dem
1970 4541 2205 4596 incolam
2240 4542 2502 4610 populum
2536 4540 2650 4610 (qui
2696 4550 2751 4594 et
2784 4541 2899 4609 ﬁlia
2948 4541 3099 4606 Sion,
3131 4552 3181 4596 et
3221 4541 3386 4595 Jeru~

1814 4622 2003 4692 salem,
2047 4639 2102 4685 et
2131 4631 2274 4700 virgo
2318 4630 2482 4684 etiam
2520 4627 2686 4701 424
2728 4630 3066 4688 nominatur.
3108 4647 3229 4686 cum
3265 4635 3388 4686 nul-

144 4734 366 4784 μασται.
427 4717 518 4769 Διὸ
558 4716 654 4770 καὶ
685 4714 764 4784 τῷ
818 4715 932 4781 ίδίῳ
981 4714 1260 4785 θαρρήσας
1301 4713 1418 4782 Θεῷ
1466 4712 1566 4775 τὰς
1612 4715 1709 4774 σὰς

1817 4723 1920 4775 Iam
1979 4722 2142 4776 habet
2200 4722 2524 4775 idololatria;
2576 4719 2790 4790 labem)
2858 4722 3273 4789 perterriturum
3332 4731 3386 4776 te

141 4809 432 4876 ἐγέλασεν
458 4807 708 4870 ἀπειλὰς,
744 4806 866 4884 avri.
890 4805 945 4858 δὲ
994 4804 1112 4870 τοῦ,
1143 4803 1242 4857 ἐπὶ
1281 4803 1384 4856 σοὶ
1437 4803 1709 4873 κεφαλὴν

1817 4814 2070 4884 sperasti.
2117 4811 2236 4868 Non
2298 4811 2574 4867 inunerilo
2625 4813 2810 4881 itaque
2856 4811 2966 4869 Deo
3019 4828 3121 4866 suo
3173 4813 3380 4877 innixa,

141 4901 444 4967 ἐκίνησεν,
480 4899 710 4964 ἐξέδωκε
750 4875 1084 4968 ἷύμμαχος,
1141 4895 1393 4950 ὄπισθέν
1440 4913 1556 4950 σου
1610 4912 1708 4949 κε-

143 4992 346 5060 φαλὴν
366 4993 634 5059 ἐκίνησε.
655 4990 748 5061 Μὴ
760 4990 927 5044 δοῦσα
947 4991 1056 5061 γάρ
1085 5006 1164 5041 σοι
1192 4988 1329 5059 πρὸς
1349 4987 1447 5052 τὰς
1475 4987 1710 5058 βλασφη-

145 5085 270 5152 μίας
305 5085 617 5154 ἀπόκρισιν.
665 5083 1071 5154 ἀποστρέψειν-εί
1106 5099 1290 5151 φησιν,
1339 5082 1434 5135 ἐπὶ
1479 5083 1576 5135 σοί
1611 5099 1708 5134 κε-

144 5172 352 5240 κίνηκε
405 5172 702 5242 κεφαλὴν,
748 5172 938 5238 ἔλεγέν
981 5188 1042 5224 τε
1078 5172 1278 5244 μηκέτι
1307 5171 1534 5238 σιγῶσα,
1576 5173 1710 5224 τίνα

144 5260 454 5330 ὠνείδισας
507 5263 602 5318 καὶ
648 5261 1036 5330 παρώξυναςς
1075 5261 1190 5316 ἀνθ’
1256 5257 1318 5315 οὗ
1342 5303 1356 5326 ,
1401 5262 1711 5330 ἐϐλασφήρ

1819 4907 1994 4959 minas
2041 4915 2163 4958 tuas
2217 4903 2332 4956 risu
2368 4903 2585 4970 excepit.
2623 4899 2825 4956 Verum
2875 4917 2985 4972 quo
3040 4903 3182 4969 loco,
3234 4904 3293 4956 in
3336 4917 3386 4958 te

1817 5005 1973 5065 caput
2027 4995 2208 5058 movit,
2250 4992 2518 5047 habemus
2551 5033 2566 5058 ,
2611 5000 2752 5046 retro
2806 4993 2990 5061 ἱρειιηιξ
3012 4993 3148 5045 idem
3199 4993 3384 5061 fecisse

1816 5086 1953 5139 dixit
1986 5082 2366 5153 Symmachus.
2401 5080 2539 5136 Cum
2580 5081 2748 5146 enim,
2779 5081 2876 5144 ait,
2915 5081 2979 5135 ad
3010 5082 3382 5151 blasphemias

1819 5175 1952 5228 nihil
1990 5180 2203 5241 putaret
2250 5169 2690 5240 respondendum
2740 5187 2754 5224 :
2822 5169 2892 5224 In
2941 5181 2987 5224 te
3044 5179 3380 5226 revertentem

1821 5273 1976 5334 caput
2004 5263 2200 5323 movit;
2235 5270 2502 5331 ruptoque
2543 5263 2766 5317 silentio
2795 5303 2808 5327 ,
2842 5263 2925 5315 cui
2952 5262 3306 5328 exprobrasti,
3332 5275 3383 5318 et

142 5370 339 5422 μησας
393 5355 661 5421 ἐξέδωκαν
720 5357 770 5408 oi
828 5355 1052 5408 λοιποί·
1109 5354 1170 5406 οὐ
1223 5353 1578 5423 λογισάμενος
1636 5355 1709 5417 ὡς

1817 5370 1968 5420 quem
2006 5352 2282 5407 concitasti
2315 5351 2643 5422 ?quaasivit;
2691 5367 2926 5422 quorum
2959 5355 3098 5417 ioco,
3135 5353 3190 5405 in
3228 5369 3380 5424 quem

243 5511 284 5542 "
312 5513 416 5566 lca.
449 5527 508 5577 ι,
545 5511 598 5565 5.
675 5510 719 5543 ¹⁸
746 5510 766 5565 1
793 5508 922 5581 Reg.
960 5525 1037 5578 ιτ,
1073 5509 1173 5575 ³ος
1207 5507 1274 5563 111
1315 5508 1448 5578 Reg.
1478 5523 1590 5572 xrv,
1623 5507 1655 5561 5
1693 5522 1709 5561 ε

1817 5523 1846 5576 ι.
1927 5508 1971 5538 ¹⁹
2002 5505 2106 5562 lsa.
2141 5522 2346 5564 xxxvnt
2377 5549 2392 5575 ,
2430 5509 2481 5566 1.

1401 5608 1640 5695 vani/ra
1678 5623 2082 5680 mammas.

222 5727 246 5770 ιτ
282 5736 369 5789 γρ.
404 5717 605 5790 μικρῷ.
