4010 6302
208 301 354 369 2321

1370 302 1903 367 COMMENTARII
1942 300 2025 363 IN
2051 300 2338 362 ISAIAM.

3322 300 3483 366 2322‘

211 429 324 480 γων
351 410 406 465 δὲ
426 410 503 476 ὡς
529 411 568 479 ἡ
597 414 802 480 πικρία
827 430 944 469 σου
970 413 1157 484 ἀνέϐη
1200 419 1350 487 πρός
1388 436 1467 488 με
1489 457 1506 483 ,
1559 417 1593 488 ἢ
1645 417 1790 473 κατὰ

1891 415 2134 482 nomine,
2164 422 2396 470 mortem
2430 412 2586 483 ejus:
2627 427 2723 483 per
2753 413 3033 469 introitum
3061 402 3242 471 autem
3272 423 3329 469 et
3359 416 3475 470 exi-

214 500 525 572 Σύμμαχον,
566 503 607 570 ἠ
630 501 950 564 ἀλαζονεία
977 522 1095 562 σου
1145 509 1227 574 είς
1257 508 1331 562 τὰ
1376 503 1497 563 ὦτά
1517 525 1660 579 μου,
1689 526 1790 580 σηκ-

216 594 397 662 μαίνει
416 594 477 647 τὸ
511 593 607 648 νῦν
632 594 794 649 αὐτὸν
828 597 1049 665 ὑφέξειν
1086 599 1184 669 τὴν
1205 600 1297 654 ἐπὶ
1329 600 1540 666 τούτοις
1573 603 1787 673 ποινὴν.

214 686 435 751 Λοιπὸν,
472 687 548 751 ὡς
583 689 714 760 περὶ
760 692 993 762 κτήνους
1021 693 1229 763 φησιν]
1262 694 1453 764 Φιμὸν
1486 697 1638 751 κατὰ
1684 695 1792 767 τοῦ

214 779 510 846 στόματός
561 795 679 835 σου
726 785 1025 839 τοσοῦτον
1063 785 1318 856 ἐμϐιωίὼ,
1374 788 1451 851 ὡς
1497 789 1592 842 καὶ
1621 789 1793 858 αὐτὴν

217 870 508 941 συνέχοντα
534 890 628 927 σου
656 875 757 945 τὴν
801 876 1080 948 ἀναπνοὴν
1113 860 1536 944 ἁποπνίξαι.“’0
1560 880 1618 934 δὲ
1649 881 1795 955 Σύμ-

217 979 407 1031 μαχος,
438 964 637 1031 Δώσω,
669 966 829 1037 φησὶ,
862 968 1078 1036 κρίκον
1111 972 1199 1036 εὶς
1222 970 1333 1024 τὸν
1349 969 1626 1040 μυκτῆρά
1650 988 1790 1041 σου,

215 1054 313 1107 καί
352 1057 608 1122 χαλινὸν
631 1060 719 1122 είς
738 1059 812 1113 τὰ
838 1061 1014 1128 χείλη
1038 1074 1185 1127 σου,
1219 1062 1297 1126 ὡς
1315 1064 1383 1118 ἂν
1415 1063 1490 1135 μὴ
1514 1063 1626 1133 εχοι
1655 1065 1795 1133 πρὸς

215 1146 244 1199 ὅ
262 1162 313 1198 τι
340 1145 483 1199 θέλοι
511 1152 731 1219 χωρεῖν,
764 1150 974 1206 ἕλκοιτο
1002 1151 1059 1206 δὲ
1082 1154 1163 1216 εἰς
1184 1154 1426 1209 τούπίσω
1457 1156 1594 1226 πρὸς
1617 1157 1797 1210 80.60-

214 1232 359 1289 λῶνα
384 1234 616 1305 βαδίζων
645 1239 740 1292 καὶ
762 1238 838 1309 μὴ
871 1239 1216 1310 βουλόμενος,
1246 1242 1281 1314 ἢ
1312 1244 1408 1298 καὶ
1435 1245 1610 1309 ἄλλως
1637 1247 1796 1300 ἀπει-

214 1324 296 1377 λεῖ
319 1326 571 1397 καθάπερ
598 1328 827 1398 χαλινῷ
856 1333 975 1394 ταῖς
1022 1332 1257 1403 πληγαῖς
1298 1335 1398 1405 τῆς
1446 1335 1796 1408 βλασφημίας

215 1412 496 1485 ἀπεὶρξειν
544 1416 728 1472 αὐτόν.
785 1419 975 1475 Ταῦτα
1033 1422 1135 1491 μὲν
1183 1418 1279 1478 οὖν
1336 1424 1599 1497 είρησθω,
1636 1429 1793 1500 φησι,

217 1504 351 1575 πρὸς
376 1507 590 1563 ἐκεῖνον
621 1511 716 1564 καὶ
766 1511 841 1583 μὴ
880 1514 1124 1585 παρόντα
1170 1516 1249 1587 τῷ
1275 1516 1511 1587 σώματι.
1544 1520 1688 1590 Πρὸς
1736 1521 1796 1574 σὲ

215 1596 268 1649 δὲ
290 1595 436 1669 λέγῳ
465 1598 557 1653 τὸν
601 1600 870 1665 Ἐζεκίαν.
922 1605 1017 1670 El;
1048 1608 1098 1660 ei
1130 1608 1214 1661 δεῖ
1237 1618 1260 1647 ³
1311 1608 1540 1680 σημείου
1577 1610 1686 1665 τῶν
1713 1613 1796 1665 εί-

218 1690 471 1759 ρημένων
509 1694 647 1763 πρὸς
694 1694 898 1760 πίστιν,
948 1698 1057 1753 ῐσθι
1105 1700 1213 1754 τὸν
1260 1704 1529 1769 παρόντα
1577 1702 1795 1758 τοῦτον

215 1779 490 1836 ἐνιαυτὸν
525 1782 651 1852 τοῖς
678 1788 1025 1857 αὐτομάτως
1050 1790 1378 1861 φυομένοις
1412 1794 1483 1849 ἐκ
1519 1794 1635 1866 γῆς
1657 1810 1793 1863 τρα-

216 1875 581 1942 “Odyss-09.
640 1876 961 1950 Γεωργῆσαι
1015 1882 1125 1953 γὰρ
1176 1884 1267 1938 διὰ
1315 1885 1441 1949 τοὺς
1497 1886 1793 1958 πολεμίους

216 1963 542 2019 κεκώλυσαι.
583 1966 728 2021 Ἀντὶ
770 1970 881 2040 γὰρ
918 1971 1014 2025 τοῦ
1046 1973 1065 2009 ι
1108 1973 1442 2044 ἕσπορκας,
1488 1979 1795 2049 αὐτόματα

217 2053 412 2119 πάντες
458 2056 731 2121 ἐξέδωκαν
765 2062 816 2114 oi
854 2062 1050 2120 λοιποί.
1090 2066 1216 2130 Τοῖς
1251 2067 1311 2123 δὲ
1334 2071 1543 2125 τούτων
1567 2072 1792 2127 ὑπολοί-

217 2162 334 2208 ποις
380 2146 666 2202 ἐνιαυτὸν
720 2152 978 2223 τραφήσῃ
1024 2156 1145 2207 tor
1182 2158 1485 2228 δεύτερον.
1535 2163 1683 2218 Ἀντὶ
1734 2164 1792 2219 δὲ

214 2234 301 2288 τοῦ
337 2235 402 2289 τὸ
467 2238 859 2309 κατάλειμμιι,
901 2243 1134 2309 ’Δκύλας
1199 2248 1300 2318 μὲν
1349 2251 1444 2304 καὶ
1498 2253 1792 2310 Θεοδοτίων

214 2326 505 2399 αὐτοφυῆ,
558 2331 589 2383 ό
641 2329 700 2386 δὲ
754 2331 1053 2407 Σύμμαχος
1104 2338 1226 2393 ἀπὸ
1282 2339 1546 2411 δένδρων
1597 2345 1793 2412 ἐξέδωέ

215 2433 332 2472 καν.

279 2685 391 2740 Δύο
418 2687 612 2744 ταῦτα
641 2694 1139 2766 στενοχωρηθέντες
1179 2696 1307 2767 ἐτη,
1334 2699 1422 2756 διὰ
1472 2702 1534 2757 τὸ
1559 2704 1656 2776 τὴν
1684 2707 1791 2778 χώ-

218 2793 310 2843 ριν
342 2778 613 2850 ὑπάρχειν
640 2782 826 2854 ἀργὸν,
854 2786 997 2840 κατὰ
1030 2787 1092 2841 τὸ
1139 2789 1343 2858 τρίτον
1384 2793 1540 2859 ἔτος,
1587 2796 1685 2861 τὰς
1724 2800 1790 2853 ὲκ

216 2866 312 2934 γῆς
332 2869 667 2935 ἀπολαύσεις
697 2875 1057 2945 καρπώσεσθε
1082 2882 1200 2934 κατ’
1230 2884 1453 2955 εἰρήνην
1488 2886 1786 2956 διάγοντες,

213 2958 257 3008 ot
289 2959 345 3010 ἐν
389 2960 619 3032 Ἰουδαίᾳ
668 2967 809 3034 μετὰ
853 2965 954 3038 τὴν
988 2968 1190 3024 ἅλωσιν
1215 2972 1530 3045 Σαμαρείας
1572 2979 1788 3035 ὑπόλοι-

215 3064 320 3151 ποι,
340 3049 517 3118 ῥίζαν
561 3053 623 3156 ὲν
664 3055 811 3156 dtu-xi]
860 3056 1166 3156 θεοσεϐείας
1215 3062 1524 3156 βαλόμενοι,
1568 3071 1789 3143 καὶτῆς
1816 3094 1861 3156 c

216 3140 351 3209 ἐμῆς
389 3143 670 3213 γεωργίας
727 3146 841 3200 ἄνω
890 3147 1161 3218 βλέποντα
1214 3155 1426 3224 καρπὸν
1458 3140 1788 3229 ἀποδώσετε,

214 3230 297 3282 δά
342 3230 507 3286 τοῦτο
554 3233 870 3307 σωζόμενοι.
907 3239 1062 3306 Τινὲς
1089 3241 1168 3306 δὲ,
1205 3246 1280 3299 Τὰ
1298 3244 1428 3313 δύο,
1453 3251 1652 3317 φασὶν,
1683 3252 1788 3322 ἐτη

216 3324 595 3393 τραφήσεσθε
622 3327 692 3382 ἐκ
720 3327 838 3383 τῶν
867 3330 1300 3401 ἀποτεθέντων,
1329 3338 1406 3402 ὡς
1426 3341 1485 3394 ἐν
1504 3340 1791 3417 πολιορκίᾳ

218 3417 459 3486 καρπῶν,
508 3419 653 3490 ἆπερ
682 3421 872 3492 ἔτυχον
902 3424 1246 3495 σπείραντος.
1279 3430 1395 3484 Δύο
1418 3430 1528 3503 γὰρ
1576 3434 1793 3505 ἐπιμεί-

215 3526 397 3600 ναντες
428 3519 457 3548 ιι
492 3510 601 3581 ἐτη
635 3516 701 3585 τῇ
736 3516 1041 3589 Σαμαρείᾳ,
1070 3518 1152 3585 τῷ
1188 3521 1364 3590 τρίτῳ
1398 3525 1670 3600 πεσούσης
1696 3529 1793 3583 αὒ-

216 3599 289 3681 τῷ
314 3603 412 3672 τῆς
437 3607 705 3677 στρατιᾶίς¹
723 3606 969 3678 θεηλάτῳ
988 3609 1191 3684 πληγῇ,
1218 3614 1396 3681 φυγὰς
1414 3615 1789 3690 ὑπεχώρησεν.

216 3692 285 3743 Τὸ
308 3693 363 3746 δὲ
406 3695 514 3765 τῆς
544 3695 810 3767 εὐθυμίας
860 3699 1080 3769 βέϐαιον
1107 3703 1185 3766 ὡς
1218 3704 1313 3756 ἐπὶ
1363 3707 1548 3774 φυτῶν
1570 3710 1627 3779 νή
1668 3710 1795 3781 ῥίζα

215 3784 375 3854 δηλοῖ,
408 3787 471 3841 τὸ
500 3787 556 3842 δὲ
584 3787 937 3860 πολυχρόνιον
968 3792 1032 3846 τὸ
1072 3794 1166 3847 καὶ
1198 3795 1311 3850 ἄνω
1343 3797 1564 3869 σπέρμα
1596 3805 1790 3858 ποιεῖν.

217 3880 490 3944 Ζηλῶσαι
514 3880 572 3934 δέ
602 3898 737 3953 φησι
774 3884 991 3951 Κύριος
1026 3892 1056 3924 ν
1089 3885 1205 3955 ἃμα
1252 3886 1373 3957 μὲν,
1400 3888 1476 3953 ὡς
1516 3889 1655 3962 ὑπὲρ
1698 3894 1796 3947 πό-

216 3968 345 4033 λεως
374 3970 519 4033 ἰδίας
544 3988 558 4000 ·
584 3970 701 4041 ἅμα
730 3971 809 4037 δὲ,
846 3973 942 4027 καὶ
963 3973 1053 4028 διὰ
1074 3975 1173 4038 τὰς
1198 3978 1320 4029 κατ’
1348 3978 1514 4032 αὐτοῦ
1547 3980 1793 4055 βλασφη-

218 4060 360 4125 μίας.
384 4059 557 4115 Σώσω
585 4061 664 4126 δὲ,
695 4064 879 4133 φησὶν,
913 4064 1080 4134 ὑμᾶς,
1111 4056 1200 4120 διὰ
1230 4065 1293 4119 τὸ
1314 4068 1525 4139 πρέπον
1551 4072 1695 4141 ὲμοί.
1728 4072 1793 4127 El

214 4148 270 4200 δὲ
324 4152 427 4222 χρὴ
468 4152 570 4206 καὶ
617 4152 789 4223 ἄνδρα
841 4155 1095 4226 τιμῆσαι,
1152 4157 1248 4210 καὶ
1295 4157 1371 4221 ὠς
1402 4160 1540 4230 πρὸς
1571 4161 1640 4215 τὰ
1667 4152 1735 4234 τῇ
1766 4172 1794 4201 κ

214 4241 392 4298 δοῦναι
434 4245 539 4317 τὴν
589 4247 867 4316 σωτηρίαν
912 4248 1012 4319 τῆς
1049 4248 1276 4315 πόλεως,
1322 4250 1422 4304 διὰ
1473 4253 1652 4307 Δαϐὶδ
1687 4255 1796 4310 τὸν

213 4334 356 4401 ἐμὸν
381 4336 613 4391 δοῦλον
662 4337 838 4407 (οὕτω
884 4339 993 4410 γὰρ
1022 4340 1291 4406 ἐξέδωκαν
1341 4341 1391 4394 οἱ
1441 4342 1659 4413 λοιποὶ)
1693 4345 1795 4416 τῆς

1890 517 2027 571 tum,
2066 521 2186 562 eam
2218 506 2342 573 vim,
2375 521 2496 575 qua:
2527 505 2782 575 gerendis
2820 506 2986 563 rebus
3030 506 3288 562 omnibus
3316 507 3473 562 adhi-

1891 597 2074 664 betur,
2110 597 2381 652 rationem
2412 603 2605 667 putant
2640 594 2943 667 designari.
2984 596 3139 663 Quod
3175 604 3354 651 autem
3384 612 3471 651 sc-

1846 692 2104 760 vquitur,
2162 689 2535 743 amarulentia‘
2574 698 2667 742 tua
2718 689 2790 745 ad
2853 703 2969 753 me;
3023 690 3109 744 vel
3165 687 3471 744 secundum

1894 774 2209 852 Sym'inachi
2240 779 2772 849 interpretationem,
2802 780 3113 849 arrogantia
3148 787 3241 833 tua
3270 779 3340 832 ad
3374 794 3473 831 au-

1892 889 1975 928 res
2001 886 2144 927 meas
2165 869 2442 937 ascettdit;
2465 871 2578 941 jam
2625 885 2773 926 nunc
2819 869 3056 925 istorum
3102 871 3325 927 nomine
3359 883 3474 939 pte-

1892 980 1993 1022 nas
2021 979 2149 1021 eum
2170 962 2561 1020 essedaturum
2581 962 2876 1033 signiﬁcat.
2897 961 3187 1031 Deinceps,
3209 970 3474 1032 tanquam

1891 1056 1961 1112 de
1998 1055 2249 1126 iumento
2280 1054 2562 1124 loquatur,
2600 1060 2836 1120 tantum,
2882 1052 3084 1125 inquit,
3111 1050 3210 1107 Ονί
3244 1060 3334 1106 tuo
3369 1051 3476 1107 sive

1891 1147 2101 1216 {renum
2150 1147 2258 1201 sive
2315 1144 2574 1200 circulum
2626 1160 2942 1215 apponam,
2994 1155 3054 1198 ut
3109 1143 3474 1217 respiratione

1892 1237 2174 1303 cohibita,
2212 1234 2473 1292 sull‘ocari
2518 1234 2720 1290 valeas.
2772 1234 2846 1288 At
2871 1232 3256 1304 Symmachus,
3297 1229 3473 1293 Dabo,

1893 1327 2060 1400 426
2084 1327 2284 1397 inquit,
2312 1326 2366 1379 in
2408 1341 2566 1380 nares
2603 1333 2724 1380 tuas
2756 1325 3043 1389 annulum,
3089 1333 3137 1378 et
3181 1322 3388 1392 frenum
3418 1323 3474 1375 in

1896 1419 2042 1472 labia
2070 1427 2183 1483 tua,
2210 1431 2462 1486 .ne,.quo
2511 1417 2649 1471 velis
2678 1410 3011 1482 abeas,'sed
3044 1415 3254 1470 invitus
3295 1412 3476 1483 Baby-

1894 1509 2074 1565 lonem
2107 1508 2430 1564 retraharis.
2479 1506 2804 1577 Quanquam
2859 1506 2997 1563 ali‘as
3044 1507 3235 1573 etiam,
3275 1505 3472 1575 plagis,

1896 1605 2159 1667 tanquam
2201 1596 2372 1666 freno,
2409 1611 2441 1651 a
2470 1595 2829 1666 blasphemiis
2849 1610 2974 1653 eum
2998 1611 3059 1651 se
3089 1602 3476 1650 revocaturum

1896 1688 2144 1742 minitari
2176 1686 2449 1743 videatur.
2482 1688 2663 1758 Atque
2702 1688 2816 1744 haec
2859 1687 3105 1756 quidem,
3160 1685 3358 1756 inquit,
3406 1685 3475 1738 ad

1822 1758 2047 1845 Betin],
2082 1779 2211 1835 licet
2240 1778 2546 1835 absentem
2597 1793 2847 1848 corpore,
2883 1777 3031 1833 dicta
3083 1776 3214 1832 sint.
3289 1775 3372 1830 Ad
3422 1782 3476 1829 te

1890 1872 2003 1943 jam
2034 1870 2325 1928 Ezechiam
2359 1886 2480 1926 mea
2515 1878 2872 1928 convertatur
2914 1870 3113 1926 oratio.
3153 1869 3211 1924 Si
3236 1884 3346 1940 quo
3375 1868 3477 1924 tibi

1895 1961 2057 2032 signo
2091 1961 2161 2016 ad
2187 1976 2380 2016 eorum
2413 1960 2596 2029 ﬁdem,
2626 1977 2750 2032 quae
2793 1961 2941 2016 dicta
2990 1969 3141 2026 sunt,
3172 1976 3314 2032 opus
3345 1970 3471 2016 est:

1895 2051 2033 2106 scito
2068 2058 2121 2106 te
2166 2067 2306 2104 anno
2352 2051 2455 2104 isto
2484 2050 2636 2105 rebus
2679 2067 2797 2122 qua:
2831 2060 3017 2120 sponte
3059 2061 3352 2105 nascuntur
3393 2052 3475 2105 vi-

1895 2152 2104 2195 cturum
2125 2183 2140 2207 ,
2169 2142 2261 2211 qui
2300 2151 2501 2197 terram
2531 2141 2715 2197 colere
2744 2151 2966 2212 propter
2996 2141 3182 2196 hostes
3206 2156 3315 2196 non
3346 2155 3476 2211 pos-

1894 2234 1990 2290 sis.
2029 2234 2167 2289 Nam
2200 2224 2341 2303 pro,
2386 2249 2510 2303 quae
2574 2234 2885 2297 senzinasti,
2938 2234 3032 2295 alii
3078 2248 3305 2300 omnes,
3354 2248 3486 2302 quae

1892 2331 2078 2393 sponte
2132 2331 2450 2390 nascuntur,
2511 2321 2962 2392 interpretantur.
3014 2320 3253 2378 Istorum
3302 2332 3479 2377 autem

1893 2418 2135 2489 reliquiis
2167 2433 2308 2473 anno
2347 2417 2574 2493 secundo
2605 2417 2898 2473 nutrieris.
2931 2416 3036 2473 Sed
3072 2433 3171 2488 pro
3205 2416 3473 2488 reliquiis.

1891 2512 2090 2582 Aquila
2137 2510 2359 2581 quidem
2405 2518 2462 2566 et
2512 2509 2821 2565 Theodotio
2869 2516 3053 2577 sponte
3092 2511 3256 2576 natis,
3314 2510 3476 2581 Synt-

1894 2604 2122 2660 machus
2142 2611 2329 2658 autem
2365 2602 2431 2656 ab
2468 2601 2749 2657 arboribus
2779 2611 3184 2672 expresserunt.

1978 2696 2077 2752 Vos
2139 2695 2349 2750 biennio
2409 2696 2514 2750 ista
2565 2695 2822 2750 toleratis
2872 2700 3095 2764 propter
3149 2692 3470 2764 impeditum

1891 2805 2052 2851 terra:
2084 2777 2315 2854 cultum.
2350 2793 2577 2863 agrique
2610 2791 2973 2847 cessationem
3021 2789 3327 2860 angusﬂis‘,
3369 2795 3479 2843 ter-

1893 2889 1967 2943 tio
2002 2886 2223 2942 demum
2271 2883 2567 2953 tranquille
2614 2882 2873 2952 degentes
2904 2880 3119 2936 fructus
3172 2888 3334 2936 terra:
3368 2879 3481 2952 ipsi

1890 2974 2231 3047 percipietis,
2268 2974 2363 3044 qui
2401 2982 2525 3043 post
2554 2971 2825 3027 devictam
2852 2969 3172 3024 'Samariam
3204 2969 3260 3024 in
3284 2967 3473 3025 Judaaa

1893 3067 2218 3140 superstites
2248 3065 2435 3120 adhuc
2469 3063 2690 3134 pietatis
2729 3061 2933 3116 radices
2955 3061 3011 3115 in
3040 3071 3225 3117 mente
3252 3060 3472 3131 egistis;

1891 3158 2328 3231 etagriculturm
2367 3168 2501 3213 meae
2549 3167 2771 3209 sursum
2816 3158 3154 3222 spectantem
3206 3150 3472 3216 fructum,

1891 3253 1985 3323 qui
2020 3252 2078 3307 iu
2113 3264 2238 3306 eum
2289 3248 2454 3305 linem
2505 3246 2709 3302 servati
2756 3245 2915 3309 estis,
2966 3242 3160 3300 edetis.
3211 3240 3475 3297 Nonnulli

1889 3359 2021 3398 vero
2049 3358 2216 3397 annos
2243 3339 2376 3394 duos
2405 3338 2692 3397 reconditis
2718 3376 2733 3402 ,
2768 3344 3032 3406 tanquam
3063 3333 3134 3390 de
3183 3334 3489 3398 seminatis.

1891 3444 2020 3491 ante
2053 3433 2351 3496 fructibus,
2389 3430 2700 3487 obsidionis
2730 3436 2976 3499 tempore
3001 3429 3233 3484 victuros
3258 3427 3473 3482 dicunt.

1894 3524 2121 3579 Biennio
2153 3523 2302 3579 enim
2338 3522 2397 3577 in
2446 3521 2695 3576 Samaria
2744 3519 3093 3582 immoratus,
3141 3519 3294 3573 tertio
3349 3525 3475 3571 tan-

1894 3613 2039 3679 dem,
2073 3614 2228 3682 plaga
2259 3610 2525 3665 divinitus
2568 3615 2814 3678 accepta,
2847 3607 3029 3678 fugam
3077 3606 3331 3676 arripuit.
3375 3603 3476 3660 Se-
3531 3667 3538 3673 I

1893 3704 2145 3760 caritatis
2189 3702 2390 3759 deinde
2437 3700 2695 3767 ﬁrmitas,
2748 3707 3010 3768 tanquam
3080 3699 3136 3752 in
3180 3697 3474 3752 arboribus

1892 3812 1958 3853 ex
2000 3793 2207 3860 radice,
2252 3791 2592 3848 diuturnitas
2632 3797 2813 3845 autem
2847 3804 2917 3844 ex
2959 3788 3167 3852 fructu,
3218 3787 3311 3858 qui
3347 3802 3473 3842 sur-

1895 3903 2017 3945 sum
2047 3886 2250 3953 editur,
2300 3883 2642 3955 agnoscitur.
2687 3880 2906 3937 Zetasse
2949 3895 3115 3952 porro
3161 3878 3470 3944 Dominum,

1894 3980 1982 4036 vel
2019 3986 2281 4049 tanquam
2311 3976 2547 4047 proprim
2573 3973 2814 4029 civitatis
2845 3972 3100 4038 nomine,
3133 3972 3217 4027 vel
3252 3983 3476 4043 propter

1894 4073 2075 4139 illatas
2109 4074 2165 4127 in
2194 4086 2254 4127 se
2280 4067 2651 4145 blasphemias
2683 4065 2977 4136 signiﬁcat.
3015 4063 3220 4119 Deinde
3245 4079 3345 4133 pro
3375 4065 3472 4120 de-

1895 4167 2010 4224 cori
2049 4165 2133 4222 sui
2184 4166 2419 4229 ratione,
2472 4170 2791 4234 erepturum
2831 4177 2890 4216 se
2934 4173 3032 4215 eos
3071 4157 3279 4229 adjicit.
3314 4158 3476 4225 Quod

1897 4261 1969 4324 si,
1997 4259 2095 4325 ait,
2127 4266 2182 4320 et
2219 4257 2400 4311 virum
2429 4256 2593 4311 etiam
2627 4270 2724 4325 par
2754 4260 2839 4308 est
2872 4255 3079 4308 honore
3107 4248 3343 4314 allicere,
3374 4264 3474 4321 pa-

1898 4363 2169 4420 tronoque
2209 4348 2383 4411 urbis,
2433 4347 2667 4403 salutem
2715 4344 2889 4416 ipsius
2941 4341 3285 4408 concedere;
3340 4355 3469 4410 pro-

216 4428 417 4490 πόλεως
448 4429 721 4512 ἐοίκιστὴν
765 4431 860 4484 καὶ
916 4430 1141 4501 βασιλέα
1190 4433 1410 4504 πρῶτον
1454 4436 1744 4505 γενόμενον
1771 4455 1785 4470 ο

1893 4452 2007 4512 pter
2047 4439 2223 4496 David
2249 4455 2457 4494 servum
2486 4453 2659 4492 meum
2701 4436 2798 4506 (ita
2845 4434 2991 4490 enim
3029 4431 3224 4502 reliqui
3283 4445 3476 4488 omnes

213 4517 284 4578 ὡς
313 4518 379 4571 ἂν
407 4508 587 4587 γνοῖεν
620 4520 821 4585 πάντες
851 4521 975 4575 ὅσον
1028 4524 1061 4593 ἡ
1110 4522 1396 4578 θεοσέϐεια
1417 4524 1661 4592 δύναται,
1694 4529 1788 4582 καὶ

212 4611 321 4674 τοῖς
370 4610 513 4680 μετὰ
563 4613 755 4683 χρόνον
817 4614 1059 4680 ἀναξίοις
1103 4617 1376 4688 σωτηρίαν
1425 4610 1813 4691 χαριζομένη.’

212 4701 330 4765 Τοῖς
357 4703 414 4757 δὲ
443 4703 623 4772 λόγοις
654 4706 935 4775 ἠκολούθει
960 4710 1029 4760 τὰ
1056 4707 1212 4778 ἔργα,
1259 4712 1531 4763 τοσούτων
1569 4711 1786 4766 ἀπολω-

212 4789 396 4857 λότων,
428 4792 510 4856 οἷς
533 4796 562 4848 ὁ
581 4795 787 4850 τούτων
815 4796 877 4849 οὐ
909 4796 1257 4851 συναπώλετο
1288 4797 1562 4868 βασιλεὺς,
1611 4799 1688 4864 ὡς
1717 4801 1803 4855 ἂν

215 4882 332 4937 ἰδὼν
363 4884 426 4938 τὸ
452 4885 717 4957 πραχθὲν,
747 4887 847 4965 τὴν
891 4887 1052 4941 ἄθεον
1077 4888 1245 4942 αὐτοῦ
1279 4889 1530 4957 γλῶσσαν
1562 4892 1784 4947 επιστο-

205 4974 410 5043 μίσειν,
446 4976 556 5035 καὶ
612 4979 875 5047 μειζόνως
921 4980 1205 5045 κολάζοιτο
1242 4985 1352 5035 τῶν
1402 4983 1658 5054 ὑπηκόων
1712 4988 1780 5057 τῇ

211 5070 483 5139 συμφορᾷ,
515 5069 768 5140 καθάπερ
793 5070 887 5125 καὶ
908 5071 1128 5144 Φαραώ.
1161 5069 1270 5128 Ἦν
1319 5074 1377 5128 δὲ
1406 5075 1503 5128 καὶ
1526 5076 1783 5146 πικροτέ-

214 5170 306 5221 pa;
334 5157 608 5228 τιμωρίας
635 5159 697 5213 τὸ
736 5160 875 5232 πρὸς
902 5162 1012 5215 τῶν
1046 5163 1254 5218 παίδων
1282 5163 1494 5218 παθεῖν.
1541 5165 1784 5230 ’Δνὰξεις

209 5246 262 5299 δὲ
285 5251 419 5318 πρὸς
452 5251 687 5323 θεωρίαν
731 5254 824 5308 τὸν
862 5255 1039 5321 λόγον.
1078 5255 1198 5324 Τὴν
1217 5257 1326 5328 γὰρ
1351 5256 1444 5311 τοῦ
1478 5257 1628 5312 Θεοῦ
1673 5259 1780 5311 πό-

206 5341 307 5390 λιν
332 5341 432 5412 τὴν
468 5344 794 5415 Ἐκκλησίαν
815 5330 1192 5418 πολῖορκοῦσιν
1213 5349 1503 5419 αἱρετικοὶ,
1531 5348 1781 5420 καθάπερ

210 5433 309 5487 ὑπὸ
335 5438 632 5509 στρατηγῷ
662 5439 740 5508 τῷ
767 5440 996 5511 διαϐόλῳ
1020 5442 1363 5513 ταττόμενοι,
1389 5443 1605 5496 Τούτων
1655 5445 1780 5495 πολι

1895 4530 2350 4604 interpretantur)
2405 4530 2498 4601 qui
2537 4530 2749 4601 primus
2806 4527 2997 4582 urbem
3057 4524 3367 4581 construxit
3418 4532 3477 4578 ct

1894 4626 2062 4690 rexit,
2104 4623 2156 4678 id
2186 4624 2366 4694 ipsum
2405 4621 2650 4676 futurum
2681 4627 2803 4675 est:
2844 4626 2901 4673 ut
2936 4632 3128 4673 omnes
3162 4616 3475 4685 intelligant

1893 4726 2159 4789 quantum
2215 4716 2389 4784 pietas
2426 4714 2544 4784 ipsa
2598 4713 2792 4776 valeat,
2834 4724 2956 4779 qua:
3004 4707 3247 4779 posteris
3302 4707 3469 4762 etiam

1894 4810 2135 4880 indignis
2173 4808 2404 4864 salutem
2445 4806 2641 4874 pariat.
2678 4804 2867 4873 Neque
2908 4818 3037 4858 vero
3077 4801 3242 4873 427
3289 4802 3471 4856 verbis

1895 4917 1983 4956 res
2010 4900 2161 4970 ipsae,
2193 4905 2270 4953 tot
2298 4897 2481 4953 statim
2514 4894 2821 4959 trucidatis,
2857 4892 3190 4963 defuerunt:
3237 4890 3470 4958 quibus»

1891 5003 2017 5044 cum
2051 4987 2171 5043 ideo
2214 5001 2309 5039 rex
2358 4999 2467 5039 non
2515 4983 2783 5040 cecidisse
2817 4981 3114 5052 putandus,
3153 4988 3211 5032 ut
3258 4985 3467 5032 tantam

1854 5088 2126 5149 stragem
2178 5077 2432 5137 intuitus,
2479 5090 2542 5129 os
2588 5076 2814 5145 impium
2869 5073 2974 5129 sibi
3019 5073 3134 5141 ipse
3183 5069 3470 5125 obturaret

1891 5183 2190 5239 pinnasque
2233 5168 2375 5223 idem
2431 5182 2596 5237 quam
2651 5168 2857 5225 subditi
2903 5165 3202 5237 graviores,
3243 5171 3301 5214 ut
3335 5160 3466 5227 olim

1893 5248 2128 5321 Pharao.
2169 5257 2543 5329 experiretur.
2567 5256 2813 5313 Fuerunt
2849 5273 2914 5313 eo
2950 5258 3069 5325 ipso
3102 5267 3296 5324 graves
3342 5266 3463 5305 ma-

1891 5351 1974 5421 gis
2021 5359 2072 5405 et
2104 5350 2335 5412 acerbae,
2371 5349 2512 5417 quod
2558 5360 2586 5400 a
2621 5349 2736 5403 suis
2786 5348 2902 5416 ipse
2937 5345 3061 5399 tiliis
3103 5344 3473 5412 interemptus.

1889 5453 1995 5496 est.
2025 5440 2210 5496 Possis
2244 5450 2296 5494 ct
2329 5439 2394 5494 ad
2440 5436 2959 5507 contemplationem
3013 5446 3321 5492 sermonem
3372 5444 3465 5486 re-

1505 5594 1743 5650 γΑιιιΑε
1789 5592 2199 5648 LECTIONES.

277 5711 297 5739 '
324 5725 410 5778 γρ.
452 5708 507 5762 εἷ
538 5726 619 5763 σοι
649 5710 750 5767 δεῖ.
835 5714 851 5749 ι
883 5716 943 5768 λ.
978 5713 1035 5767 ἆ.
1104 5690 1139 5752 il
1166 5730 1250 5783 γρ.
1274 5711 1671 5781 ὲπιμείναντος.

1753 5722 1777 5749 ν
1802 5729 1888 5781 χρ.
1928 5710 2147 5780 Κύριον.

2229 5723 2254 5751 ι
2281 5726 2366 5777 ιγ».
2406 5706 2699 5777 προσιάτη.
