3946 6306
526 282 668 349 2323

1836 279 2182 343 PROCOPII
2204 236 2462 345 οΑΖιΕΙ

3665 287 3819 353 232i

526 412 743 454 vocare.
781 396 883 455 Dei
901 396 1049 454 enim
1081 394 1445 463 civitatem,id
1465 403 1551 453 est
1575 393 1901 462 Ecclesiam,
1932 396 2099 452 etiam

2216 398 2271 453 ta
2289 400 2830 471 βλασφημούντων
2879 403 3152 475 ἀσκητέον
3192 403 3291 475 τὴν
3324 404 3544 475 σιωπὴν
3606 405 3816 481 Παύλῳ

525 489 784 545 obsident
812 497 867 545 et
904 496 1224 562 oppugnant
1269 487 1537 564 heretici,
1563 486 1784 542 diabolo
1817 486 1946 558 ipsi,
1980 495 2103 542 tan-

522 597 693 651 quam
742 582 870 638 duci
914 583 1140 650 milites,
1171 581 1614 652 obtemperantes
1646 596 1662 635 :
1709 593 1852 649 quos
1882 578 2105 635 silentio

525 676 770 742 vincere,
817 676 1171 745 quantumvis
1204 672 1649 742 blasphemiarum
1680 677 1960 736 evomant,
2014 684 2106 726 as-

533 766 901 822 suescendum
930 775 1033 831 est,
1067 781 1179 821 non
1209 765 1276 820 de
1304 765 1471 821 rebus
1501 763 1679 829 vanis,
1720 769 1913 819 contra
1946 755 2102 815 Pauli

532 858 884 925 sententiam,
927 858 1110 915 verbis
1141 859 1423 914 decertare
1469 857 1565 912 ὀι
1620 855 1732 912 imo
1781 854 2102 911 hmreticum

530 952 834 1017 hominem,
859 963 982 1023 post
1010 951 1448 1007 adhortationem
1473 950 1723 1015 alteram,
1756 948 2001 1004 devitare
2019 947 2101 1001 ἰι

532 1058 658 1098 cum
691 1043 748 1097 in
792 1042 1210 1099 ohlirmatorum
1243 1051 1298 1097 ct
1347 1041 1713 1111 pertinacium
1741 1039 1952 1095 morbis
1980 1038 2107 1093 nul-

532 1134 651 1187 lum
684 1133 957 1189 medicina
980 1133 1158 1190 locum
1181 1132 1413 1197 habeat;
1441 1147 1540 1186 nec
1567 1131 1672 1185 nisi
1700 1131 1790 1196 iis,
1817 1130 1911 1201 qui
1943 1145 2104 1197 aures

534 1225 759 1291 habent,
822 1223 1157 1293 loquendum
1214 1237 1340 1278 esse
1394 1223 1686 1279 scribatur.
1741 1221 2109 1288 Quantumvis

534 1314 1321 1393 igitur,utRapsacesille,sive
1341 1315 1608 1387 requiem,
1642 1314 1757 1369 sive
1794 1315 1972 1368 minas
2005 1329 2108 1367 an-

2212 490 2427 561 λέγοντι
2456 493 2839 565 πειθομένους,
2877 495 2953 567 μὴ
2982 498 3309 567 λογομαχεῖν
3337 498 3424 551 ἐπ’
3450 497 3638 551 οὐδενὶ
3668 484 3815 570 19:;-

2213 584 2380 655 σίμῳ.
2411 585 2522 639 Kal.
2548 585 2732 651 πάλιν,
2757 588 3032 659 αἱρετικὸν
3056 588 3347 660 ἄνθρωπον
3379 589 3521 659 μετά
3550 589 3692 659 μίαν
3704 579 3813 643 ’καὶ

2210 673 2472 745 δευτέραν
2529 677 2812 732 νουθεσίαν
2855 679 3149 750 παραιτοῦ.
3204 679 3330 743 Τοῖς
3378 680 3489 751 γὰρ
3522 698 3811 751 κεκρατηο

2215 765 2398 836 μὲνοις
2423 768 2486 821 ού
2532 767 2614 823 δεῖ
2639 770 2909 841 ἐγχειρεῖν
2937 771 3014 834 ὡς
3052 770 3302 826 νοσοῦσιν
3337 772 3557 828 ἀνὶατα.
3587 772 3811 845 Γέγρα-

2192 867 2341 912 ’πται
2368 859 2498 930 γὰρ,
2531 860 2624 921 Εἰς
2648 854 2768 915 ὦτα
2789 862 3096 917 ἀκουόντων
3117 863 3289 919 λάλει.
3310 863 3432 917 Κᾶν
3458 864 3812 929 ἀναπαύσεις

2209 945 2304 1002 οὖν
2330 948 2795 1018 ὲπαγγέλλωνται,
2816 950 2959 1006 κατά
2986 950 3322 1021 Ῥαψάκην·
3346 953 3451 1007 κᾶν
3471 953 3808 1017 ἀπειλιῖηιν,

2213 1039 2334 1110 Θεῷ
2368 1038 2526 1111 μόνον
2583 1040 2986 1113 προσέρχεσθαι
3033 1041 3162 1113 χρὴ,
3198 1042 3300 1113 τὴν
3341 1042 3555 1097 ἀνωθεν
3587 1042 3693 1096 τοῦ
3720 1044 3814 1113 pi-

2215 1149 2339 1196 νους
2368 1140 2398 1181 .'
2442 1132 2713 1203 βοήθειαν.
2753 1133 3116 1203 Ἀποσοδήσει
3167 1135 3278 1205 γὰρ
3331 1135 3532 1198 αὐτοὺς
3577 1135 3813 1204 ἀφανῶς

2216 1222 2333 1289 τὴν
2360 1221 2515 1276 Σιὼν
2554 1222 2929 1293 διαφυλάττων
2961 1222 3261 1279 ἀνάλωτον.
3303 1222 3475 1277 Πύλαι
3516 1224 3633 1295 γὰρ
3680 1223 3811 1295 ᾆδον

2216 1313 2317 1382 τῆς
2355 1312 2684 1385 Ἐκκλησίας
2705 1315 2767 1367 ού
2802 1315 3214 1386 κατισχύσουσι.

535 1410 824 1473 nuntient;
861 1412 929 1460 ad
957 1409 1127 1460 Deum
1153 1422 1255 1463 nos
1281 1405 1441 1465 decet
1466 1405 1749 1471 accedere,
1782 1412 1838 1460 et
1894 1419 2134 1474 superne
2171 1404 2436 1480 auxilium
2514 1414 2858 1477 exspectare.
2913 1406 3020 1464 Eos
3059 1407 3207 1464 enim
3265 1407 3504 1464 latenter
3562 1408 3801 1479 repellet

538 1501 808 1556 Dominus
866 1499 1085 1556 Siouem
1139 1498 1430 1556 obsidione
1466 1499 1737 1564 liberans;
1795 1514 1972 1568 neque
2019 1498 2286 1555 adversus
2326 1500 2631 1556 Ecclesiam
2674 1500 2839 1557 inferi
2873 1510 3047 1572 portae
3073 1502 3455 1573 praevalebunt
3481 1504 3559 1557 τ’.

1104 1590 1259 1646 CAP.
1299 1588 1589 1646 XXXVIII.

2792 1593 3046 1648 ΚΕΦΑΛ.
3095 1594 3233 1650 AH'.

536 1710 539 1711 ν
600 1685 1095 1757 428·4291·ἓ2
1107 1684 1337 1756 Contigit
1355 1694 1527 1739 autem
1544 1701 1605 1740 eo
1618 1695 1865 1753 tempore,
1882 1693 1939 1737 ut
1954 1700 2110 1753 wgro—

2286 1684 2459 1756 α-κβ⁹.
2509 1684 2780 1756 Ἐγένετο
2806 1685 2875 1740 δὲ
2894 1685 2965 1740 ἐν
2993 1683 3074 1751 τῷ
3105 1683 3286 1753 καιρῷ
3311 1684 3547 1756 ἐκείνῳ,
3586 1685 3813 1753 ἐμαλα-

530 1788 667 1832 ιιινει
701 1778 955 1832 Ezechias
978 1794 1139 1849 usque
1161 1778 1228 1833 ad
1263 1787 1523 1840 mortem;
1546 1778 1866 1847 accessitque
1896 1775 1965 1829 ad
1995 1791 2114 1829 eum

532 1870 708 1925 Isaias
727 1871 871 1940 ﬁlius
900 1873 1084 1935 Amos,
1106 1870 1380 1939 propheta,
1399 1879 1450 1925 et
1478 1870 1613 1923 dixit
1640 1868 1728 1923 ei:
1754 1867 1884 1923 Ηωο
1905 1867 1981 1920 ait
2009 1865 2138 1920 θα·-

492 1964 497 1965 “
530 1963 741 2016 minus:
767 1961 996 2030 Dispone
1036 1962 1217 2016 domui
1260 1970 1364 2014 tuae
1396 1976 1415 2014 :
1443 1960 1570 2030 quia
1621 1957 1883 2023 morieris,
1916 1965 1964 2011 et
2010 1970 2114 2010 non

530 2057 690 2117 vives,
728 2065 834 2109 ctc.

596 2229 760 2301 [630
813 2228 916 2294 Qui
946 2226 1088 2283 dixit
1140 2223 1487 2293 DeusHEgo
1506 2223 1777 2288 occidam,
1811 2228 1865 2277 et
1927 2219 2113 2276 vivere

528 2323 723 2376 faciam
751 2337 766 2387 ;
795 2319 1121 2391 percutiam,
1148 2326 1204 2375 et
1255 2316 1466 2374 sanabo
1494 2315 1574 2381 ”;
1607 2332 1626 2366 ι
1661 2313 1754 2368 ubi
1779 2313 1967 2368 hostes
2017 2326 2114 2382 pcr

528 2412 782 2482 angelum
849 2411 1007 2481 plaga
1070 2408 1382 2480 percussit,
1419 2406 1571 2477 pium
1630 2419 1814 2475 regem
1870 2401 2113 2473 pristinae

512 2500 827 2558 valetudini
867 2499 1129 2556 restituit.
1152 2497 1308 2565 Quod
1334 2497 1481 2552 enim
1509 2511 1571 2551 eo
1596 2503 1827 2563 tempore
1846 2491 2113 2564 propheta

525 2593 684 2660 dixit,
710 2592 786 2657 id,
819 2601 878 2646 ut
910 2591 1116 2647 cladem
1147 2590 1362 2645 illorum
1394 2588 1820 2651 demonstraret,
1838 2583 2108 2654 adjunxit.

529 2684 659 2753 ltegi
688 2692 870 2738 autem
912 2682 1037 2736 vita:
1095 2682 1257 2736 linem
1285 2680 1426 2734 Deus
1484 2675 1895 2756 praesigniticat,
1929 2682 1988 2729 ut
2043 2674 2111 2729 ad

527 2777 759 2831 salutem
787 2772 1174 2845 postulandam
1222 2771 1452 2827 invitet:
1488 2769 1693 2840 quibus
1747 2774 1899 2823 certe
1941 2766 2111 2822 vitam

520 2870 687 2926 nobis
721 2885 830 2925 non
852 2867 950 2924 fati
979 2867 1303 2925 necessitate
1334 2865 1543 2933 claudi,
1570 2865 1667 2921 sed
1696 2879 1727 2918 a
1756 2862 1869 2920 Deo
1909 2862 2112 2934 quibus

529 2964 680 3019 novit
706 2963 823 3032 ipse
852 2961 1185 3026 rationibus,
1241 2969 1337 3016 aut
1363 2961 1420 3015 in
1474 2959 1649 3015 lucem
1675 2956 1986 3023 educendo,
2015 2965 2111 3010 aut

512 3066 772 3125 tempora
805 3051 1100 3119 metiendo,
1124 3060 1218 3106 aut
1250 3066 1351 3121 pro
1380 3050 1664 3106 voluntate
1701 3048 1938 3119 denique
1978 3054 2110 3103 aeta-

512 3147 600 3204 -tis
623 3155 928 3202 extremum
959 3141 1333 3216 producendo,
1388 3142 1605 3198 deﬁniri
1656 3131 2105 3198 demonstratur:

528 3253 653 3294 cum
685 3238 838 3294 solus
866 3236 992 3292 vitae
1018 3244 1222 3291 nostra:
1250 3243 1496 3304 tempora
1527 3232 1835 3304 dimensus,
1877 3231 2105 3302 jamjam

530 3327 827 3382 morituros
857 3325 1000 3382 sicut
1038 3302 1491 3391 Ezechiampnon
1522 3302 1761 3378 excitare
1805 3328 2019 3377 tantum
2051 3327 2106 3377 et

528 3432 804 3482 recreare,
836 3418 935 3473 sed
964 3416 1269 3473 exstinctos
1307 3416 1497 3480 etiam,
1531 3415 1675 3472 sicut
1705 3421 1852 3485 patet
1879 3429 1912 3469 e
1961 3412 2108 3469 Scri-

528 3508 730 3579 pturis,
763 3510 819 3564 in
853 3510 1018 3565 vitam
1077 3523 1336 3565 revocare
1395 3505 1593 3564 valeat.
1636 3506 1888 3578 Undique
1940 3506 2109 3578 igitur

530 3615 737 3657 eversae
763 3600 926 3656 nobis
942 3615 1007 3656 ac
1036 3599 1321 3656 dissolutae
1337 3606 1522 3670 lacent
1552 3598 1648 3653 fati
1668 3598 1930 3653 rationes.
1953 3597 2108 3665 Quod

530 3707 657 3748 cum
680 3707 788 3749 non
828 3692 1107 3761 ignoraret
1132 3689 1414 3756 Ezechias,
1442 3689 1571 3746 dum
1601 3704 1700 3760 per
1743 3688 2109 3747 valetudinem

530 3785 751 3852 licebat,
803 3784 952 3841 haud
982 3783 1170 3856 segnis
1201 3783 1345 3839 idem
1373 3783 1642 3838 adversus
1667 3781 1928 3854 Assyrios
1950 3797 2111 3853 opem

531 3878 924 3950 imploraturus
967 3879 1022 3932 in
1068 3875 1320 3946 templum
1373 3876 1743 3947 properabat;
1778 3876 1872 3945 qui
1920 3875 2116 3931 morbo

531 3987 681 4029 nunc
700 3973 1017 4043 impeditus,
1047 3987 1078 4027 e
1104 3972 1247 4028 lecto
1276 3970 1419 4041 ipso,
1467 3969 1639 4026 Deum
1676 3969 1884 4039 ubique
1921 3967 2116 4025 adesse

531 4065 670 4122 nihil
696 4067 980 4132 dubitans,
1006 4053 1300 4136 ad‘preces
1324 4078 1385 4119 se
1413 4063 1617 4127 vertit;
1648 4061 1709 4117 in
1736 4061 1940 4133 quibus
1988 4061 2115 4117 vita:

528 4156 869 4213 conscientia
917 4156 1114 4223 fretus,
1146 4156 1216 4212 de
1243 4171 1346 4213 sua
1385 4160 1597 4210 tantum
1629 4154 1904 4225 probitate
1949 4153 2116 4209 audet

2138 3008 2182 3066 (Ξ

2218 1777 2399 1846 ac!an
2441 1775 2698 1845 Ἐζεκίας
2726 1777 2839 1844 ἕως
2875 1775 3159 1833 θανάτου.
3191 1774 3305 1831 Καὶ
3344 1770 3500 1846 ἦλθε
3528 1776 3691 1843 πρὸς
3706 1778 3813 1829 αὺ-

2224 1869 2333 1923 τὸν
2381 1868 2632 1935 Ἡσαΐας
2685 1868 2818 1936 υἱὸς
2854 1865 3037 1937 Ἅμὼς
3065 1869 3098 1921 ὁ
3128 1865 3468 1935 προφήτης,
3517 1866 3624 1920 καὶ
3680 1862 3811 1920 εἶχε

2214 1960 2366 2031 πρὸς
2399 1963 2587 2017 αὐτόν
2613 1975 2628 1992 °
2648 1959 2814 2015 ιΤιίδειι
2863 1960 3026 2030 λέγει
3054 1960 3288 2027 Κύριος,
3325 1958 3508 2022 Τάξαι
3539 1958 3679 2025 περὶ
3706 1957 3811 2010 τοῦ

2215 2051 2387 2106 οἴκου
2433 2065 2572 2106 σου.
2611 2047 3047 2117 Ἀποθνήσκεις
3100 2047 3210 2119 τὰρ
3231 2048 3336 2114 σὺ,
3366 2048 3468 2101 καὶ
3495 2049 3574 2101 οὐ
3594 2045 3686 2116 μὴ
3714 2043 3809 2112 [ii-

2215 2158 2320 2212 σῃ,
2346 2160 2401 2197 κ.
2431 2159 2484 2197 τ.
2518 2142 2570 2197 λ.

2299 2236 2357 2288 ’0
2377 2233 2537 2301 λέξας
2561 2233 2719 2299 Θεὸς,
2748 2251 2768 2286 ι
2804 2233 2948 2302 Ἐγὼ
2975 2232 3286 2298 ἀποκτενῶ,
3317 2231 3414 2286 καὶ
3446 2231 3805 2301 ζῇνποιήσω.

2213 2326 2461 2393 πατάξω,
2527 2324 2681 2394 κάγὼ
2737 2325 2987 2395 ἰάσομαι,
3021 2342 3040 2376 ι
3075 2324 3203 2387 τοὺς
3237 2322 3539 2394 πολεμίους
3566 2320 3807 2388 suam

2215 2419 2463 2484 πατάξας
2508 2416 2716 2489 πληγῇ,
2747 2417 2840 2470 τὸν
2881 2415 3105 2485 θεοφιλῆ
3148 2398 3384 2485 ³βασιλέα
3417 2412 3703 2477 ζωοποιεῖ.
3736 2411 3810 2462 Τὸ

2213 2510 2345 2583 γὰρ,
2367 2509 2531 2576 ἐντῷ
2557 2508 2740 2579 καιρῷ
2767 2509 3003 2576 ἐκείνῳ,
3028 2506 3191 2563 τοῦτο
3221 2506 3563 2579 παρίστησιν
3593 2503 3675 2573 τῷ
3708 2503 3811 2571 τῆς

2214 2600 2439 2655 ἐκείνων
2485 2598 2723 2670 πληγῆς.
2779 2599 2912 2663 Θεὸς
2931 2599 2989 2653 δὲ
3016 2597 3077 2651 τὸ
3106 2596 3261 2660 τέλος
3314 2595 3467 2666 αὑτῷ
3520 2592 3808 2665 προδηλοῖ.

2211 2696 2311 2762 τῆς
2339 2694 2613 2766 σωτηρίας
2642 2694 2852 2761 ὲνάγων
2877 2691 3253 2763 προσαίτησιν.
3312 2690 3393 2743 Δι’
3432 2684 3495 2744 οὗ
3548 2688 3813 2760 δηλοῦται

2218 2786 2293 2859 μὴ
2316 2786 2410 2839 τὸν
2433 2785 2624 2856 χρόνον
2650 2784 2752 2854 τῆς
2785 2781 2930 2853 ζωῆς
2974 2783 3243 2850 ἀνάγκαις
3279 2779 3628 2853 εἱμαρμένης
3669 2781 3814 2849 ἡμῖν

2214 2874 2643 2948 περικλείεσθαι,
2691 2874 2824 2928 Θεὸν
2845 2874 2902 2927 δὲ
2930 2871 3119 2926 τοῦτον
3150 2869 3377 2942 ὁρίζειν,
3409 2870 3535 2924 καθ’
3563 2868 3661 2933 οῦς
3696 2864 3813 2923 οἶδε

2212 2969 2406 3036 λόγους
2437 2964 2680 3036 αὐτὸς,ἢ
2719 2965 2988 3035 παράγων
3034 2965 3116 3027 εἰς
3162 2962 3300 3033 βίον,
3326 2961 3361 3033 ἢ
3384 2961 3453 3016 τά
3487 2961 3667 3032 μέτρα
3712 2961 3814 3013 τοῦ

2215 3061 2407 3130 χρόνου
2457 3057 2656 3122 διδοὺς,
2687 3055 2948 3127 ἠ’τρόπῳ
2983 3055 3280 3125 προσάγων
3309 3052 3391 3124 τῷ
3415 3051 3671 3107 δοκοῦντι
3708 3052 3814 3122 τὴν

2213 3150 2493 3221 τελευτήν.
2523 3141 2596 3218 Ὦ
2629 3146 2776 3218 μόνῳ
2827 3145 3055 3200 δυνατὸν
3087 3148 3184 3199 καὶ
3225 3144 3484 3216 θνήσκειν
3514 3142 3818 3214 μέλλοντας

2215 3240 2471 3312 ἐγείρειν,
2503 3237 2904 3308 ἑπιμετροῦντα
2928 3247 2951 3274 ⁸
2975 3236 3202 3308 χρόνους
3227 3237 3399 3304 ζωῆς,
3420 3235 3501 3299 ὡς
3520 3233 3620 3287 νῦν
3656 3232 3816 3297 Ἐξε-

2212 3332 2360 3395 κίαν,
2410 3330 2505 3383 καὶ
2538 3327 2872 3399 τεθνηκότας
2899 3326 3205 3391 ζωοποιεῖν,
3241 3325 3319 3390 ὡς
3350 3326 3514 3389 ὅσους
3536 3324 3817 3395 ἐδήλωσεν

2213 3427 2247 3495 ή
2282 3423 2501 3494 Γραφή.
2536 3421 2647 3474 Καὶ
2690 3419 3033 3490 πανταχόθεν
3060 3405 3216 3489 ’ἡμῖν
3243 3418 3293 3471 οἱ
3324 3417 3423 3488 τῆς
3460 3415 3818 3487 εἱμαρμένης

2214 3513 2538 3569 διαλύονται·
2566 3511 2738 3581 λόγοι.
2791 3511 2972 3581 ὀπερ
3038 3508 3290 3573 Ἐζεκίας
3337 3505 3521 3575 εἰδὼς,
3566 3507 3662 3559 ὅτε
3712 3506 3820 3577 μὲν

2217 3606 2447 3679 ἔρρωτο,
2499 3603 2641 3675 πρὸς
2679 3603 2791 3657 τόν
2818 3600 2974 3657 νεὼν
3015 3599 3148 3665 ἔθει,
3185 3600 3317 3670 περὶ
3362 3599 3473 3652 τῶν
3520 3598 3818 3669 Accepi»:

2218 3696 2386 3752 αἰτῶν
2409 3714 2424 3730 ο
2480 3698 2549 3768 τῇ
2612 3694 2755 3765 νόσῳ
2783 3693 2840 3748 δὲ
2869 3691 3146 3760 πεδηθεὶς,
3197 3690 3258 3755 ἐξ
3295 3690 3468 3761 αὐτῆς
3501 3693 3817 3760 στρωμνῆς

2219 3789 2464 3860 ἀνήγαγε
2518 3785 2619 3857 τήν
2678 3785 2866 3856 εὐχὴν,
2937 3781 3212 3852 πανταχοῦ
3262 3783 3525 3852 παρεῖναι
3552 3780 3616 3832 τὺ
3657 3779 3818 3832 Bato-tv

2222 3879 2398 3941 είδὼς.
2422 3878 2529 3931 Kal.
2576 3876 2705 3947 περὶ
2735 3878 2837 3947 τῆς
2864 3874 3001 3938 ἰδίας
3030 3873 3264 3937 εὐζωῖας
3297 3871 3460 3943 μόνον
3485 3873 3817 3942 ’παρρησιά-

2222 3968 2398 4034 ζεται,
2425 3966 2747 4037 προσθήκην
2774 3965 2879 4037 οὐκ
2909 3965 3143 4034 αἰτήσας
3174 3962 3343 4032 ζωῆς,
3373 3960 3487 4014 τῶν
3511 3961 3664 4014 κατὰ
3698 3960 3819 4013 διά-

2220 4027 2563 4124 νοιαν-εἰδὼς
2597 4027 2760 4112 ai:st
2789 4027 3160 4127 ἐπιγνώμονα,
3313 4051 3428 4122 τῆς
3454 4050 3656 4123 εὐχῆς
3697 4053 3815 4106 επι-

2218 4150 2490 4222 τρέψαςτ
2560 4188 2576 4204 .
2655 4188 2672 4204 .
2744 4189 2761 4204 .
2838 4186 2855 4204 .

530 4248 821 4319 attingere,
848 4263 960 4303 non
995 4246 1121 4301 vita:
1165 4245 1615 4316 propagationem
1658 4242 1960 4314 postulare,
2016 4241 2110 4325 qui
2150 4240 2325 4297 Deum
2363 4240 2563 4311 ipsum,
2607 4254 2801 4296 eorum
2843 4254 2968 4311 quae
3025 4246 3205 4294 mente
3290 4236 3553 4308 gerimus,
3625 4238 3815 4310 inspe-

528 4348 741 4397 ctorem
781 4344 838 4396 et
887 4337 1156 4395 arbitrum
1201 4351 1326 4393 esse
1376 4350 1486 4390 non
1529 4336 1792 4405 ambigat,
1819 4344 1874 4390 et
1899 4334 2182 4390 orationis.
2221 4372 2235 4387 .
2274 4372 2289 4389 .
2332 4372 2347 4389 .
2390 4339 2410 4355 '

605 4471 624 4490 .
663 4471 682 4489 .
725 4471 743 4487 .
784 4469 803 4488 .
843 4472 861 4489 .
904 4470 919 4486 .
960 4429 1133 4486 relicti
1163 4437 1285 4482 sunt
1357 4442 1460 4483 nec
1503 4428 1694 4483 laudes
1738 4428 1926 4484 forsan
1978 4427 2110 4483 cele-

2299 4465 2314 4480 .
2406 4466 2421 4481 .
2514 4464 2530 4480 .
2632 4423 3161 4494 κατελήφθησανι
3222 4423 3359 4495 μήτε
3395 4420 3815 4488 δοξολογοῦντες

533 4528 780 4592 brantes,
819 4520 1262 4578 aut‘virtutibus
1312 4527 1727 4590 promoventes,
1785 4518 1897 4573 imo
1938 4533 2110 4588 neque

2225 4514 2429 4586 ῖσως,ἢ
2457 4514 2844 4585 προστιθέντες
2865 4517 3112 4585 ἀρεταῖς,
3152 4517 3292 4584 μήτε
3325 4513 3433 4584 μὴν
3461 4512 3814 4583 ἁμαρτάνον·

533 4620 866 4687 pe‘ccantes,
900 4611 996 4669 sed
1021 4610 1216 4682 judicii
1244 4619 1458 4680 tempus
1493 4617 1900 4679 exspectantes.
1947 4610 2110 4678 Aiunt

2222 4626 2335 4674 τες,
2399 4607 2489 4661 τὸν
2521 4607 2576 4660 δὲ
2602 4607 2704 4677 τῆς
2745 4607 2983 4678 κρίσεως
3016 4607 3206 4678 καιρὸν
3255 4605 3626 4676 ἐκδεχόμενοι.
3656 4604 3816 4666 Τινὲς

536 4705 786 4762 nonnulli
840 4703 1266 4762 resurrectionis
1303 4716 1455 4772 spem
1495 4714 1605 4756 non
1658 4699 1865 4764 tollere,
1892 4698 1989 4755 sed
2046 4700 2110 4752 ad

2221 4701 2280 4754 δέ
2314 4718 2499 4772 φασιν,
2528 4700 2603 4763 ὡς
2637 4699 2738 4752 οὐκ
2771 4699 2989 4770 ἀναιρεῖ
3030 4698 3132 4761 τὰς
3170 4697 3394 4760 ἀλπίδας
3418 4698 3516 4765 τῆς
3568 4696 3815 4750 ἀναστᾶ-

533 4798 861 4872 perditionis
892 4796 1090 4868 inferos
1116 4794 1443 4867 potius,nisi
1463 4795 1752 4864 impetrata
1780 4801 2110 4859 peccatorum

2226 4807 2381 4854 σεωςο
2401 4791 2551 4861 δηλοῖ
2573 4789 2868 4859 δὲμᾶλλον,
2896 4788 2972 4851 ὡς
2988 4790 3089 4854 Eli;
3119 4788 3273 4855 ᾅδην
3304 4786 3581 4848 ἀπωλείας
3604 4787 3816 4855 ἀπελη-

535 4891 696 4948 venia
724 4891 818 4947 Dei
850 4905 1013 4945 manu
1038 4889 1371 4953 retrahatur,
1400 4887 1688 4943 devenisse
1717 4900 1778 4941 se
1807 4883 2110 4940 ostendere.

2226 4881 2429 4947 λύθειν,
2466 4881 2541 4952 μὴ
2573 4881 2672 4952 τῆς
2703 4880 2859 4951 παρά
2883 4879 2980 4933 σοῦ
3005 4878 3259 4952 βοηθείας
3286 4878 3465 4949 τυχὼν
3493 4876 3818 4947 παριδόντος

536 4985 723 5057 Itaque
751 4998 920 5054 prava
955 4983 1135 5052 illaet
1181 4980 1393 5037 lubrica
1447 4978 1782 5050 cogitatione
1828 4975 2110 5033 liberatus

2226 4974 2327 5036 τὰς
2357 4959 2496 5043 ἐμὰς
2549 4973 2859 5042 ἁμαρτίας.
2885 4971 2978 5025 Διὸ
3007 4971 3110 5042 τῆς
3164 4969 3442 5041 σφαλερᾶς
3490 4968 3717 5038 ἐκείνης
3738 4972 3819 5022 ἐν·

538 5077 605 5132 ad
635 5075 857 5147 nuptias
895 5074 1125 5147 jam,et
1175 5072 1460 5127 liberorum
1505 5068 1965 5141 procreationem,
2017 5082 2110 5137 qut

2231 5065 2379 5129 νοίας
2404 5064 2778 5134 παυσάμενος,
2834 5062 3055 5115 σπεύσω
3089 5060 3227 5133 πρὸς
3257 5064 3437 5129 γάμον
3467 5058 3566 5113 καὶ
3600 5058 3816 5112 mbo.

530 5168 762 5238 iustitia:
813 5176 921 5222 tuae
944 5180 1276 5238 praeconesa
1312 5179 1399 5219 me
1452 5169 1769 5233 procreatos
1823 5158 2110 5214 ostendere

2236 5160 2441 5212 ποιταν
2488 5156 2685 5222 ἐλθεῖν,
2721 5157 2817 5209 καὶ
2859 5156 2987 5218 τοὺς
3017 5153 3077 5219 ἐξ
3106 5152 3242 5224 ἐμοῦ
3294 5155 3546 5222 κήρυκας
3573 5150 3679 5219 τῆς
3723 5150 3817 5216 σῆς

542 5276 762 5333 queam,
797 5259 1091 5316 festinabo.
1130 5256 1259 5328 Ego’
1287 5271 1484 5312 rursus
1537 5261 1735 5325 praeter
1791 5266 1934 5317 eam,
2004 5266 2110 5319 qua

2232 5249 2513 5316 ἀποδεῖξαι
2534 5248 2949 5314 δικαιοσύνης.
2986 5243 3157 5314 Κάγὼ
3178 5244 3235 5298 δὲ
3259 5243 3396 5315 πρὸς
3422 5241 3521 5312 τήν
3550 5239 3817 5311 αἰσθητὴν

540 5329 701 5409 nobis
732 5351 933 5407 tradita
955 5359 1062 5415 est,
1091 5349 1392 5419 subjectam
1424 5346 1612 5403 sensui
1669 5343 2110 5399 consolationem

2234 5342 2479 5395 δοθεῖσαν
2526 5341 2657 5410 ἡμῖν
2701 5336 3078 5409 παραμυθίαν,
3109 5336 3216 5391 τὸν
3247 5335 3367 5391 σὺν
3396 5329 3570 5388 οἷκον
3590 5329 3714 5401 ἰὼν,
3743 5333 3818 5393 εἰς

614 5531 658 5562 ιο
692 5504 711 5586 ι
748 5529 985 5586 Timoth.
1027 5526 1233 5595 meo.
1336 5527 1379 5558 ει
1417 5522 1524 5577 Tit.
1586 5536 1678 5584 ιιι,
1735 5519 1817 5574 to.
1912 5520 1956 5550 ἰ
2002 5516 2107 5571 Mat

2226 5531 2347 5581 xw,
2384 5513 2472 5571 18,
2544 5512 2767 5583 "Deut.
2797 5526 2971 5577 χχιιι,
3004 5510 3096 5566 59.

1860 5633 2093 5689 VAIiI/E
2128 5629 2536 5689 LECTIONES.

621 5740 649 5783 ν
679 5750 769 5807 η).
796 5734 1189 5802 ὑπομένοντας.
1269 5743 1290 5770 ι
1324 5750 1415 5802 γρ.
1445 5727 1848 5803 ἑπιμετροῦντι.
1926 5740 1951 5769 ι
1987 5743 2075 5795 γρ.
2103 5722 2557 5795 κατελείφθησαν.
