4010 6302
295 344 450 412 i335
1219 409 1229 412 _
1454 342 1907 402 (ΣΟΜΜΕΝΤΑΗ

2023 340 2101 399 1N
2145 337 2429 398 lSAlAM.
3430 334 3572 398 2326

299 469 402 510 τον
467 456 559 509 σὺν
611 456 760 526 ἡμᾶς
815 453 980 524 φόϐον
1031 455 1448 518 συστέλλουσαν,
1506 454 1894 526 χαριστηρίους

2018 471 2047 506 n
2072 451 2286 506 domum
2319 461 2460 503 tuam
2485 447 2672 512 etiam,
2707 445 2764 501 in
2793 461 2902 515 qua
2930 445 2996 498 ad
3039 444 3116 498 tui
3173 445 3422 501 timorem
3454 450 3569 500 col-

304 543 578 600 ἁποδώσω
609 543 813 614 φωνάς.
845 544 1003 607 Τινὲς
1028 545 1087 598 δέ
1106 544 1188 611 τὸ,
1218 543 1424 597 παιδία
1480 544 1714 612 ποιήσω
1741 543 1890 613 ἅπερ

2017 543 2232 612 igimur,
2261 540 2562 610 profectus,
2603 538 2903 609 gratiarum
2935 535 3033 590 tibi
3070 537 3315 592 actiones
3380 553 3572 606 repen-

305 633 779 706 ἀναγγελοῦσιν,
801 633 996 704 δηλοῦν
1019 633 1248 703 ἔφασαν,
1270 635 1352 688 ὅτι
1374 634 1733 705 χοροστασίαν
1759 632 1894 702 ψαλ-

308 727 503 798 τῳδῶν
523 727 730 780 παίδων
751 723 1009 794 εὐφώνως
1029 723 1342 794 ὑμνοῦντων
1362 725 1418 777 ἐν
1437 724 1516 794 τῷ
1541 722 1652 793 ναῷ
1676 725 1895 792 στήσειν

310 818 732 887 ἐπαγγέλλεται.
769 815 848 868 Δι’
877 809 939 870 οὗ
965 815 1022 868 δέ
1055 814 1170 882 τὴν
1213 814 1512 881 τελευτὴν
1563 811 1711 883 αὐτῷ
1761 812 1895 875 Θεὸς

311 911 576 982 ἐδήλωσε,
611 908 702 962 διὰ
752 907 942 961 τούτου
990 907 1085 961 καὶ
1106 906 1208 978 τὴν
1235 905 1532 977 θεραπείαν
1552 905 1893 976 προσήγαγε,

317 1004 400 1073 μὴ
428 1001 524 1056 καὶ
552 1002 726 1054 ποιεῖν
745 999 871 1070 δόξῃ
900 1001 991 1052 τὸν
1019 999 1308 1069 προφήτην
1329 997 1677 1068 ἐφύϐριστον,
1707 995 1896 1048 κακῶν

314 1095 481 1147 αὐτὸν
514 1093 691 1163 μόνων
721 1091 1009 1158 ἀποδείξας
1035 1091 1302 1144 διάκονον.
1357 1088 1806 1161 Παραδοξοποιῶν
1839 1087 1895 1140 δὲ

313 1186 476 1249 Θεὸς,
499 1185 526 1238 ὃ
547 1185 694 1238 δοκεῖ
744 1184 856 1247 τοῖς
895 1181 1208 1253 τραύμασιν
1232 1179 1492 1244 ἐπαύξειν
1531 1179 1628 1250 τὴν
1661 1177 1892 1248 βλάϐην,

316 1275 395 1330 τὰ
421 1275 602 1338 σῦκα,
633 1273 790 1326 τοῦτο
814 1273 949 1344 πρὸς
977 1271 1122 1326 ῐασιν
1143 1270 1361 1336 ἔδωκεν,
1383 1270 1411 1323 ὃ
1429 1271 1524 1323 καὶ
1587 1269 1730 1340 μέγα
1782 1285 1896 1336 ση-

310 1367 492 1436 μεῖον
527 1365 879 1433 ἐκπλαγεὶςὸ
911 1363 1162 1428 Ἐζεκίας
1210 1362 1366 1415 καλεῖ
1427 1361 1523 1414 τοῦ
1571 1359 1896 1430 δυνήσεσθαι

317 1456 406 1523 τῷ
428 1455 565 1509 ποδί
590 1455 892 1525 χρώμενος
919 1456 1008 1520 είς
1037 1453 1145 1507 τὸν
1187 1456 1342 1506 νεὼν
1375 1453 1673 1507 ἀνελθεῖν.
1714 1450 1803 1504 Ἐν
1836 1450 1895 1504 δέ

316 1551 390 1617 τῇ
419 1548 460 1601 δ’
479 1547 589 1600 τῶν
634 1545 932 1600 Βασιλειῶν
961 1544 1274 1615 γέγραπται
1298 1545 1380 1598 ὃτι
1409 1544 1516 1615 πρὸ
1553 1543 1721 1597 πάλαι
1743 1541 1897 1613 παρὰ

320 1638 420 1692 τοῦ
454 1638 735 1709 προφήτου
760 1637 966 1708 μαθὼν,
991 1635 1064 1700 ὡς
1089 1637 1118 1689 ὁ
1145 1635 1296 1705 ἥλιος
1323 1635 1506 1705 μέλλει
1553 1635 1654 1702 τὴν
1709 1633 1801 1685 ἐπὶ
1825 1630 1894 1684 τὰ

321 1725 516 1797 πρόσω
551 1724 820 1778 ποιεῖσθαι
851 1724 1157 1795 ταχυτέραν
1195 1724 1335 1790 ὁδὸν,
1365 1725 1461 1776 καὶ
1494 1723 1582 1792 ὑφ’
1615 1722 1674 1775 ἓν
1702 1723 1832 1784 τοὺς
1865 1727 1897 1774 ι’

1993 633 2139 688 dam.
2167 631 2326 704 43],
2351 629 2470 685 Non
2493 629 2691 685 desunt
2719 636 2924 691 tamen,
2945 625 3221 696 qui,quod
3253 627 3394 696 ﬁttos
3414 629 3569 683 edam

1993 725 2084 792 qui
2104 720 2523 783 annuntiabunt,
2547 719 2703 784 dixit,
2736 717 2803 772 ad
2831 730 3128 786 puerorum
3155 715 3384 770 chorum
3411 717 3571 788 hym-

1995 829 2098 869 nos
2145 813 2201 868 in
2259 813 2460 882 templo
2502 810 2748 866 suaviter
2796 805 3237 870 modulantium,
3293 805 3568 870 referant,

1995 923 2158 976 quem
2205 919 2386 976 regem
2432 902 2814 958 instituturum
2867 914 2927 954 se
2958 897 3146 953 volunt
3192 898 3464 969 polliceri.
3502 899 3580 952 At

1995 1013 2094 1067 per
2117 1011 2278 1067 quem
2295 995 2343 1050 ei
2369 1003 2588 1048 mortem
2614 991 2758 1047 Deus
2777 989 3146 1054 denuntiavit,
3172 1005 3265 1058 per
3301 988 3553 1043 eumdem

1996 1089 2160 1144 etiam
2193 1095 2248 1142 et
2277 1086 2452 1141 morbi
2487 1083 2789 1140 remedium
2824 1082 2917 1147 (ne
2955 1081 3416 1135 contumeliosum
3445 1095 3570 1150 pro-

1997 1181 2236 1251 phetam,
2263 1176 2500 1246 malique
2542 1182 2754 1228 tantum
2792 1172 3110 1228 ministrum
3142 1171 3344 1226 habere
3371 1172 3578 1226 videre-

1997 1273 2110 1338 tur)
2137 1269 2340 1324 attulit.
2381 1268 2586 1323 Deinde
2613 1281 2739 1321 cum
2780 1265 3111 1320 miraculum
3141 1265 3305 1319 edere
3344 1264 3577 1320 statuis-

1998 1370 2082 1418 set
2110 1359 2277 1425 Deus,
2317 1360 2481 1428 ficum
2517 1358 2598 1413 illi
2626 1361 2773 1429 (quae
2808 1357 3103 1412 vulnerum
3131 1356 3381 1425 alioquin
3418 1355 3578 1411 dolo—

1995 1470 2110 1510 rem
2140 1469 2345 1524 augere
2388 1453 2631 1507 maxime
2664 1451 2833 1519 solet)
2876 1450 2931 1504 in
2963 1448 3268 1504 remedium
3301 1448 3534 1504 tradidit
3562 1469 3584 1504 :.

1996 1561 2118 1616 quo
2134 1545 2420 1616 perculsus
2436 1541 2720 1608 Ezechias,
2735 1543 2946 1611 signum
2965 1542 3263 1594 maximum
3288 1539 3340 1593 id
3356 1539 3594 1594 demunr

1997 1655 2142 1704 esse,
2181 1654 2282 1707 quo
2321 1637 2451 1707 pede
2489 1644 2643 1690 utens
2684 1635 2740 1688 in
2781 1632 3032 1703 templum
3077 1631 3354 1686 ascendere
3389 1639 3576 1701 postea

2001 1730 2200 1793 valeat,
2244 1727 2552 1798 proﬁtetur.
2585 1724 2842 1782 Invenias
2869 1733 3052 1779 autem
3085 1732 3286 1792 quarto
3308 1723 3587 1790 Regum"

322 1795 576 1872 κατιέναι
629 1815 893 1886 βαθμοὺς,
932 1815 1094 1879 αὐτὸς
1145 1815 1221 1878 ὡς
1269 1813 1613 1884 οἰκειὼτερον
1649 1813 1902 1882 σημεῖον

2014 1816 2319 1880 Ezeeltiam,
2375 1831 2500 1889 cum
2550 1815 2680 1870 olim
2729 1813 2900 1869 solem
2951 1813 3038 1868 via
3081 1813 3346 1868 celeriore
3392 1811 3588 1866 decem

323 1908 427 1976 τῆς
478 1907 614 1976 πρὸς
639 1905 732 1959 τὸν
769 1905 882 1976 βίον
931 1905 1300 1975 ἀναστροφῆς,
1333 1905 1427 1958 τοῦ
1463 1905 1615 1976 ἡλίου
1645 1905 1736 1958 τδν
1767 1907 1900 1957 ἀνα-

325 1995 593 2063 ποδισμὺν
631 1995 934 2066 ἐξῃτήσατο
967 2034 983 2060 ,
1041 1993 1174 2048 ἔνθα
1223 1993 1318 2049 καί
1376 2011 1544 2065 φησιν
1601 1997 1635 2065 ἡ
1674 1994 1900 2064 Γραφὴν

321 2087 408 2150 ὡς
461 2086 617 2150 ἕλκος
678 2085 827 2157 αὺτῷ
881 2085 1119 2157 πονηρὸν
1169 2085 1270 2157 τῆς
1320 2085 1634 2157 ἀρρωστίας
1693 2085 1898 2157 πρόφαο

283 2195 289 2198 ·
326 2194 416 2242 σις
439 2173 528 2248 ἦν.

925 2268 1176 2322 ΚΕΦΑΔ.
1201 2267 1326 2322 AG’.

402 2366 542 2430 α-η’.
590 2359 692 2413 Ἑν
732 2358 813 2425 τῷ
860 2359 1044 2428 καιρῷ
1076 2361 1286 2424 ἐκείνῳ
1335 2360 1656 2414 ἀπέστειλε
1700 2363 1906 2428 Μαρωο

322 2449 446 2519 ὀὰχ
476 2450 792 2516 Βαλαδὰν,
845 2453 880 2506 ὁ
910 2451 1042 2517 υίὸς
1077 2450 1186 2504 τοῦ
1217 2449 1518 2516 Βαλάόον,
1552 2453 1585 2505 d
1603 2450 1908 2517 ,ϐασιλεὺς

321 2542 445 2609 τῆς
470 2543 848 2609 Βαϐυλωνίας
873 2582 889 2608 ,
921 2543 1269 2609 ἐπιστολὰς,
1306 2542 1406 2596 καί
1453 2543 1758 2610 πρέσϐεις,
1805 2542 1907 2596 καὶ

322 2630 492 2700 δῶρα
528 2632 764 2702 Ἐζεκίᾳ.
797 2633 1090 2689 Ἤκουσεν
1131 2633 1262 2702 γὰρ,
1288 2631 1376 2686 ὅτι
1406 2631 1779 2702 spuantan
1801 2631 1910 2697 ἕως

326 2721 614 2787 θανάτου,
645 2723 745 2776 καί
773 2722 1019 2789 ἀνέστη,
1055 2739 1110 2776 κ.
1140 2739 1192 2774 τ.
1219 2721 1268 2774 λ.

419 2812 476 2868 '0
507 2813 616 2866 τῶν
651 2812 918 2866 Ἰουδαίων
951 2812 1267 2876 διδάσκαλος
1312 2811 1497 2881 ἔλεγεν
1556 2813 1910 2884 νενοσηκέναι

322 2903 426 2957 τὸν
460 2904 710 2967 Ἐζεκίαν
738 2903 884 2975 ᾠδὴν
913 2904 1006 2956 ἐπὶ
1032 2908 1097 2975 τῇ
1130 2903 1336 2959 πτώσει
1359 2905 1467 2957 τῶν
1482 2905 1784 2976 ’Δσσυρίων
1812 2905 1912 2958 οὐκ

324 2997 538 3069 ᾅσαντα
565 2999 942 3068 χαριστήριον,
964 2997 1039 3061 ὡς
1057 2999 1142 3051 ἐπ’
1168 2998 1488 3067 Αἰγυπτίοις
1504 2999 1532 3050 ὁ
1555 2997 1762 3067 Μωσῆς
1788 3037 1804 3062 ,
1837 2996 1912 3061 ὡς

2004 1911 2207 1979 gradus
2227 1910 2394 1966 semel
2417 1923 2540 1964 esse
2559 1906 2942 1963 coniecturum
2962 1920 2993 1960 a
3015 1906 3284 1976 propheta
3311 1903 3580 1965 audisset,

2004 2002 2291 2073 promissae
2316 1999 2572 2055 sanitatis
2595 1999 2805 2068 signum
2836 1996 3045 2068 aptius,
3079 2011 3273 2066 nempe
3314 2007 3372 2050 ut
3395 2007 3583 2064 regre-

2005 2097 2228 2150 deretur
2261 2091 2588 2168 postulasse,
2618 2089 2906 2159 morbique
2930 2103 3183 2153 causam,
3222 2103 3332 2158 quo
3367 2087 3606 2143 detinc-J

2007 2185 2189 2248 batur,
2221 2183 2290 2238 ab
2316 2181 2517 2239 ulceris
2550 2179 2891 2250 malignitate
2921 2178 3266 2248 proﬂuxisse.

2255 2273 2262 2280 ’
2573 2268 2727 2326 CAP.
2776 2267 3022 2322 XXXIX.

2076 2365 2238 2438 432
2277 2365 2442 2422 Vens.
2506 2363 2618 2418 1-8.
2678 2361 2929 2432 Tempore
2977 2363 3071 2416 iito
3100 2364 3242 2418 misit
3301 2361 3586 2417 Merodach

2010 2457 2275 2521 Buladan,
2306 2457 2450 2526 [ilius
2480 2454 2746 2519 Baladon,
2779 2468 2871 2507 rex
2902 2453 3241 2523 Babylonica,
3273 2449 3502 2514 litteras,
3533 2464 3582 2504 et

2012 2549 2232 2620 legatos,
2289 2558 2335 2602 et
2371 2564 2592 2602 matura
2645 2545 2714 2598 ad
2775 2543 3087 2598 Ezechiam.
3138 2544 3394 2598 Audierat
3444 2546 3602 2598 enim.

2011 2647 2293 2709 a'grotasse
2317 2635 2385 2690 ad
2411 2645 2650 2702 mortem,
2689 2643 2738 2688 et
2767 2633 3115 2700 convaluisse,
3155 2640 3261 2687 etc.

2085 2824 2229 2879 Dixit
2274 2822 2586 2878 Iudaeorum
2642 2819 2906 2891 magister
2957 2815 3245 2872 Ezecltiam
3298 2821 3606 2886 propterea-

2014 2921 2330 2985 argrotasse,
2365 2913 2510 2982 quod
2543 2921 2666 2980 post
2707 2908 3062 2978 Assyriorum
3109 2912 3383 2975 stragem,
3442 2904 3594 2960 sicut

2017 2997 2212 3059 deletis
2239 3002 2512 3074 Egyptiis
2546 3000 2727 3056 Moses
2762 3000 2841 3066 ”;
2867 2998 3010 3053 sicut
3035 2997 3363 3066 interempto
3395 2994 3584 3050 Sisare

326 3091 366 3159 ή
388 3087 649 3159 Δεϐϐωρᾶ
676 3090 772 3143 ἐπὶ
805 3088 882 3159 τῷ
913 3089 1140 3160 Σίσαρᾳ,
1164 3089 1239 3151 ὡς
1273 3091 1307 3160 ὴ
1346 3089 1514 3143 Ἀννα
1543 3088 1635 3141 ἐπὶ
1657 3091 1725 3160 τῇ
1760 3088 1907 3156 γενέ-

2023 3093 2377 3158 Debbora";
2418 3091 2564 3146 sicut
2616 3091 2774 3144 Anna
2831 3088 3092 3157 denique,
3135 3085 3225 3140 ubi
3280 3083 3600 3140 Samuelem

328 3197 423 3233 σει
449 3180 542 3234 τοῦ
582 3181 861 3251 Σαμουὴλ.
917 3177 1030 3234 Εἶτ’
1085 3179 1432 3250 ἀρωσθέντα
1484 3180 1674 3234 τοῦτον
1723 3184 1756 3235 ό
1793 3179 1907 3234 τῶν

2018 3183 2323 3254 peperisset
2353 3182 2430 3247 ⁸⁷,
2461 3181 2554 3238 Dei
2608 3179 2937 3236 beneﬁcium
2985 3177 3234 3231 carmine
3285 3191 3392 3230 non
3447 3173 3596 3229 cele-

327 3275 731 3328 Βαϐυλωνίων
777 3273 964 3346 μαθὼν
1007 3275 1330 3340 βασιλεὺς,
1379 3272 1742 3345 πρεσϐεύεται
1775 3272 1914 3344 πρὸς

328 3367 522 3428 αὑτὸν,
561 3367 660 3420 οὒκ
710 3365 917 3435 ἀργῶς,
971 3363 1095 3419 ἰδὼν
1139 3365 1196 3420 δὲ
1250 3366 1350 3435 τὴν
1407 3364 1644 3437 ἡμέραν,
1693 3364 1818 3419 καθ’
1847 3366 1914 3437 ἢν

327 3458 654 3512 ἀνεπόδισεν
687 3461 714 3512 ὁ
741 3458 914 3528 ἥλιος,
955 3457 1245 3513 διπλασίαν
1299 3457 1704 3529 γεγενημένην.
1761 3458 1915 3528 Μηδὲ

327 3549 447 3620 γὰρ
469 3549 653 3603 λαϐεῖν
679 3549 981 3612 Χαλδαίους
1009 3549 1218 3612 δεινοὺς
1247 3549 1379 3620 περὶ
1411 3546 1589 3602 ταῦτα
1619 3549 1916 3618 τυγχάνον-

325 3656 460 3704 τας.
483 3638 867 3702 Θεοποιοῦντες
885 3639 941 3692 δὲ
963 3639 1054 3694 τὸν
1080 3639 1250 3708 ἥλιον,
1277 3638 1384 3692 ὑπὸ
1409 3638 1716 3709 κρείττονος
1747 3637 1917 3709 ᾤοντο

329 3728 500 3783 τοῦτο
524 3728 790 3798 γενέσθαις
819 3729 1125 3798 δυνάμεως.
1181 3725 1302 3783 Καὶ.
1351 3721 1452 3794 τὴν
1509 3729 1694 3783 αἰτίαν
1749 3728 1916 3782 πολυ-

333 3819 810 3890 πραγμονοῦντες,
834 3819 1104 3887 ἔγνωσαν,
1127 3819 1202 3884 ὡς
1229 3819 1299 3874 δι’
1349 3818 1603 3884 Ἐζεκίαν
1633 3820 1663 3871 ὁ
1686 3819 1793 3873 τῶν
1829 3819 1918 3872 Έ-

331 3911 546 3983 ϐραίων
579 3909 750 3966 ταῦτα
781 3911 1072 3981 πεποιήκει
1127 3910 1280 3975 Θεός.
1324 3911 1439 3980 Ἐφ’
1467 3904 1511 3979 ᾧ
1538 3911 1920 3980 καταπλαγεὶς

327 4006 364 4056 ὸ
405 3997 674 4068 βασιλεὺς,
724 4000 950 4054 ἐκείνων
986 3999 1084 4064 τὰς
1115 4000 1250 4070 πρὸς
1304 4000 1472 4054 αὐτὸν
1535 4001 1611 4064 ὼς
1669 4000 1919 4070 Θεοφιλῆ,

334 4089 616 4160 συνθήκας
675 4090 999 4155 ἀσπάζεται.
1051 4090 1241 4153 Είποις
1269 4088 1408 4144 δ’ἂν
1456 4089 1622 4154 αὐτὸς
1671 4090 1750 4153 ὡς
1777 4091 1804 4130 δ
1851 4092 1922 4145 τὰ

334 4182 635 4252 Θαυμαστὰ
653 4182 827 4237 πάντα
851 4181 975 4236 κατ’
1009 4181 1255 4236 ἐνιαυτὸν
1274 4181 1372 4234 ἕνα
1396 4182 1680 4251 γεγονέναι
1708 4181 1919 4253 μαθὼν,

333 4272 439 4327 τοῦ
473 4273 759 4345 ’Δσσυρίου
807 4272 906 4345 τὴν
938 4272 1147 4342 ἔφοδον,
1193 4274 1291 4346 τὴν
1323 4274 1392 4328 δι’
1417 4275 1650 4344 ἀγγέλου
1685 4274 1921 4346 πληγὴν,

333 4366 448 4435 τὴν
498 4366 638 4419 κατὰ
708 4366 1084 4436 Σενναχηρεὶμ
1141 4367 1248 4420 ὑπὸ
1283 4367 1392 4422 τῶν
1419 4369 1627 4422 παίδων
1653 4368 1794 4440 μετὰ
1822 4369 1924 4438 τὴν

2015 3277 2248 3332 brasset.
2280 3274 2361 3330 Ad
2389 3275 2532 3328 hunc
2562 3289 2745 3344 porro,
2778 3286 2904 3327 cum
2937 3278 3220 3340 azgrotasse
3269 3266 3594 3338 Babylonio-

2017 3384 2135 3422 rum
2163 3382 2255 3421 νεα
2289 3367 2546 3429 audisset,
2575 3379 2685 3419 non
2717 3378 2855 3420 vana
2885 3369 3070 3418 motus
3100 3359 3416 3425 occasione,
3444 3357 3594 3426 lega-

2019 3471 2105 3516 tos
2140 3459 2310 3526 misit,
2342 3457 2437 3514 sed
2467 3457 2612 3529 quod
2643 3457 2788 3512 diem
2826 3457 3006 3524 illum,
3043 3467 3155 3524 quo
3184 3467 3406 3507 cursum
3433 3465 3590 3504 suum
3625 3479 3632 3498 -.

2019 3552 2101 3608 sol
2139 3551 2516 3620 retroegisset,
2573 3548 2741 3619 duplo
2774 3548 3035 3617 majorem
3069 3543 3355 3603 exstitisse
3408 3541 3600 3610 deprc-

2019 3644 2326 3700 ltendisset.
2374 3641 2566 3712 Neque
2601 3643 2746 3697 enim
2776 3641 2830 3695 id
2873 3641 3184 3704 Chaldaeos,
3237 3641 3330 3709 qui
3365 3641 3419 3694 in
3457 3639 3600 3694 side-

2022 3747 2141 3789 rum
2171 3733 2463 3803 disciplina
2498 3733 2731 3786 multum
2765 3731 2970 3786 versati
3012 3738 3223 3794 essent,
3279 3729 3450 3783 latere
3511 3745 3598 3798 po-

2023 3827 2158 3893 tuit;
2185 3840 2290 3881 nec
2318 3825 2389 3879 ab
2424 3824 2650 3888 eisdem,
2678 3823 2772 3892 qui
2822 3822 2992 3876 solem
3051 3821 3212 3876 deum
3264 3821 3528 3881 tacerent,
3570 3839 3600 3872 a

2023 3915 2328 3988 potentiore
2359 3914 2542 3983 aliqua
2585 3911 2788 3966 virtute
2841 3911 3045 3965 factum
3093 3911 3375 3980 denegari.
3432 3908 3600 3980 433

2023 4007 2214 4077 Itaque
2249 4020 2372 4059 cum
2407 4003 2487 4057 rei
2519 4018 2744 4058 causam
2781 4002 2944 4056 anxie
2973 4001 3207 4057 scrutati
3240 4001 3309 4054 ab
3342 3999 3596 4055 Hebraeo-

2022 4114 2145 4154 rum
2187 4096 2297 4153 Deo
2326 4104 2544 4166 propter
2579 4093 2872 4149 Ezechiam
2914 4093 3120 4147 factum
3156 4108 3280 4148 esse
3331 4108 3599 4164 agnosce-

2023 4197 2146 4246 rent
2173 4207 2185 4244 :
2216 4204 2282 4245 eo
2311 4194 2618 4243 commotus
2646 4201 2764 4252 rex,
2787 4183 2932 4255 quod
2959 4193 3221 4254 tanquam
3277 4182 3344 4237 ad
3401 4184 3604 4254 pietate

2025 4280 2465 4337 commendatum
2498 4277 2886 4343 accessissent,
2919 4277 3237 4334 eorumdem
3289 4275 3588 4329 amicitiam

2024 4381 2078 4427 et
2103 4371 2284 4426 foedus
2315 4370 2686 4438 amplectitur.
2747 4367 2940 4424 Dicere
2981 4367 3162 4439 possis
3200 4366 3366 4423 etiam
3422 4364 3601 4422 Hero-

334 4456 525 4526 φυγὴν
573 4456 964 4522 ἐπανάστασιν,
996 4457 1098 4527 τὴν
1144 4457 1242 4512 τοῦ
1294 4458 1411 4528 μετ’
1458 4459 1624 4512 αὐτὸν
1653 4459 1907 4530 ἄρξαντος

2023 4464 2215 4516 ducum
2261 4478 2369 4516 non
2419 4460 2858 4522 Sennaclierimi,
2923 4459 3019 4516 sed
3077 4459 3314 4513 Baldaui
3371 4474 3434 4514 ex
3493 4458 3602 4512 alia

337 4546 536 4611 παιδὸς
551 4547 810 4618 ’Δχορδὰν
833 4564 1020 4619 σεσιγη
1030 4549 1197 4620 μένην
1216 4549 1515 4604 ἀπώλειαν.
1536 4550 1722 4604 Ταῦτα
1744 4551 1907 4605 πάντα

2030 4553 2200 4623 stirpe
2232 4552 2428 4621 ﬁlium,
2463 4560 2596 4608 tunc
2649 4551 3061 4621 Babyloniorum
3094 4567 3284 4622 regem,
3315 4560 3602 4623 postquam

339 4637 540 4710 μαθὼν
558 4639 850 4708 Μαρωόὰκ
890 4640 1134 4696 Βαλδὰν
1160 4641 1290 4708 υίὸς
1317 4641 1414 4704 ὢν,
1444 4643 1502 4696 οὐ
1525 4642 1619 4696 τοῦ
1653 4643 1907 4714 Σενναχηι

2029 4660 2140 4700 uno
2180 4659 2326 4699 anno
2361 4652 2474 4698 tam
2507 4645 2679 4699 multa
2709 4655 2764 4698 et
2804 4644 3077 4714 stupenda
3107 4644 3406 4714 contigisse
3456 4642 3600 4698 didi—

339 4731 664 4804 pztp,&n<’t
717 4732 825 4787 τοῦ
872 4732 1137 4797 Βαλδὰν,
1165 4731 1226 4796 ἐξ
1255 4733 1446 4804 ἐτέρου
1501 4735 1691 4802 γένους
1737 4735 1907 4799 ,βασι-

2027 4737 2230 4802 cisset;
2263 4737 2618 4806 Assyriorum
2650 4751 2844 4806 nempe
2873 4737 3177 4791 exercitum
3218 4751 3314 4806 per
3347 4735 3604 4805 angelum

335 4821 546 4875 λεύων
563 4823 980 4886 Βαϐυλωνίων,
1012 4823 1086 4886 ὡς
1129 4823 1277 4892 ὡφελ
1302 4841 1361 4888 ος
1395 4825 1513 4895 (sic)
1539 4825 1636 4897 τὴν
1667 4825 1802 4896 πρὸς
1832 4827 1907 4879 τδε

2028 4829 2232 4897 deleri;
2275 4827 2766 4884 Sennaelterimum
2802 4835 3066 4898 praeterea
3111 4843 3295 4896 regem
3343 4830 3466 4894 luga
3492 4827 3603 4881 ela-

335 4911 550 4983 εὐσεϐἧ
578 4913 762 4982 φιλίαν
790 4915 1116 4980 ἀσπάζεται.

2029 4932 2192 4989 psum
2244 4917 2482 4970 ﬁliorum
2531 4918 2786 4973 manibus
2831 4917 3138 4983 trucidari;
3199 4916 3318 4986 ejus
3367 4915 3608 4986 denique

339 5007 525 5064 tilium
558 5009 966 5072 Achordanum.
1007 5011 1102 5081 qui
1135 5011 1279 5081 patri
1321 5024 1688 5080 successerat,
1742 5013 1906 5069 tacita
1947 5021 2124 5068 morte
2152 5013 2406 5078 interire,
2455 5021 2710 5082 tanquam
2787 5011 2842 5067 id
2887 5018 3062 5066 totum
3115 5010 3170 5064 in
3273 5023 3429 5063 suam
3487 5025 3604 5064 rem

337 5103 554 5159 factum
586 5119 711 5160 esse
735 5104 1035 5176 judicaret,
1070 5107 1142 5177 pii
1201 5109 1346 5178 regis
1401 5095 1701 5164 amicitiam
1742 5110 2068 5166 ambivisse.

423 5197 545 5250 ’Ὁτι
597 5199 705 5267 γὰρ
743 5201 800 5251 ἐν
823 5201 904 5253 ἐνὶ
950 5201 1128 5255 πάντα
1153 5203 1420 5274 προῆλθεν
1443 5203 1676 5275 ἐνιαυτῷ
1731 5205 1928 5275 μάθοις

332 5291 419 5345 ἂν
453 5291 755 5354 ἐπιστήσας
783 5290 857 5355 ὡς
889 5291 1131 5362 ήέφοδος
1178 5295 1260 5347 τοῦ
1309 5296 1595 5364 Ἀσσυρίου
1618 5296 1772 5358 έτους
1803 5314 1927 5350 τεσ·

343 5382 848 5448 ςαρεσκαιδεκὰτου
897 5383 996 5453 τῆς
1033 5383 1278 5447 Ἐζεκίου
1343 5386 1618 5456 βασιλείας
1683 5387 1918 5456 ἐγένετο.

421 5555 468 5587 ⁸³
502 5553 572 5608 ιν
604 5555 732 5624 Reg.
762 5572 853 5618 xx,
886 5556 1042 5610 9-“.
1154 5562 1196 5592 ⁸⁸
1225 5560 1398 5616 Exod.
1429 5570 1724 5628 x1v,etxv.

1803 5563 1847 5591 "
1869 5561 2048 5616 Judic.
2087 5577 2159 5623 tv,
2186 5571 2314 5619 etv.

2108 5204 2296 5274 Neque
2328 5203 2474 5258 enim
2507 5203 2676 5273 hujus
2703 5203 2830 5256 anni
2859 5203 3038 5273 spatio
3071 5201 3176 5254 ista
3201 5196 3385 5253 omnia
3424 5196 3606 5250 conti-

2035 5296 2182 5367 gisse
2209 5296 2505 5360 dubitabis,
2545 5296 2591 5350 si
2639 5295 2848 5364 Assyrii
2884 5293 3289 5362 expeditionem
3325 5293 3520 5358 quarto
3547 5294 3604 5341 et

2034 5387 2248 5443 decimo
2274 5386 2518 5442 Ezechiae
2545 5385 2822 5441 exstitisse
2862 5383 3142 5446 didiceris,
3201 5396 3326 5435 cum
3376 5377 3610 5447 quinde‘

2393 5565 2432 5594 ’⁷
2468 5561 2486 5616 l
2521 5565 2646 5633 Reg.
2667 5573 2728 5614 lt.

1659 5677 1889 5732 VAllI/E
1933 5676 2331 5733 LECTIONES.

426 5761 455 5802 δ
491 5781 577 5832 γρ.
602 5764 676 5828 ὡς
715 5765 900 5828 αὑτός.
