4010 6302
474 294 614 357 2327

1808 306 2161 368 PROCOPII
2188 307 2430 369 GAZEI

3578 317 3731 380 23%

472 407 576 460 cim
598 411 858 475 prmterea
894 407 1189 479 adjunctis,
1230 426 1378 468 nono
1405 419 1460 468 et
1488 413 1751 471 vicesimo
1786 416 1861 472 ita
1890 417 2033 473 diem

2144 417 2240 480 Ὃς
2300 418 2708 489 προστεθέντων
2771 417 2911 472 ἐτῶν
2973 418 3123 489 αὐτῷ
3176 422 3603 500 πεντεκαίδεκα,
3637 430 3733 500 τῷ

471 503 779 550 extremum
814 495 1033 561 obierit,
1080 505 1140 552 ut
1173 498 1228 554 in
1259 516 1465 556 annum
1495 513 1755 574 quartum
1790 513 1846 560 et
1891 505 2037 561 deci-

477 600 626 639 mum
656 586 909 641 morbum
941 587 1141 644 cadere
1172 606 1462 647 necessum
1485 593 1578 660 sit,
1610 596 1823 666 reliqua
1855 607 2038 653 autem

477 676 730 733 eumdem
754 678 1085 749 praecedere,
1110 688 1164 736 et
1192 683 1383 738 eodem
1418 693 1665 756 tempore
1691 690 1993 758 contigisse
2022 707 2035 745 :

473 769 676 837 quibus
717 771 920 827 auditis
957 774 1211 829 omnibus
1259 775 1326 829 ad
1365 776 1666 847 legatorum
1720 781 2037 836 missionem

472 859 729 916 inductus
762 869 851 918 est
882 862 1159 935 Assyrius.
1194 865 1399 922 Verum
1426 885 1556 924 eum
1619 870 1691 926 ad
1742 870 2037 927 Ezecliiam

470 953 860 1022 appulissent;
897 954 1059 1025 cujus
1092 966 1281 1027 partes
1306 969 1470 1016 erant
1496 976 1683 1017 rerum
1715 964 1846 1017 olim
1873 978 1903 1017 a
1923 964 2038 1018 Deo

469 1052 768 1112 gestarum,
808 1055 972 1118 atque
1001 1048 1166 1103 etiam
1199 1051 1505 1108 recentium
1531 1053 1666 1123 ipsis
1696 1054 2037 1125 magnitudi—

469 1149 598 1189 nem
621 1151 892 1204 narrare;
944 1140 1171 1209 partim,
1209 1147 1270 1196 ut
1320 1141 1572 1198 beneﬁcii
1631 1159 1926 1201 memorem
1977 1162 2039 1202 se

467 1235 780 1295 praestaret,
835 1231 1061 1300 partim,
1126 1241 1186 1287 ut
1233 1232 1360 1289 illos
1409 1234 1477 1289 ad
1539 1236 1798 1305 pietatem
1862 1238 2037 1308 magis

468 1316 814 1382 accenderet,
834 1335 1081 1397 quorum.
1096 1324 1349 1393 exemplo
1372 1333 1428 1380 et
1450 1327 1672 1382 monitis
1695 1328 1787 1382 alii
1814 1344 2034 1389 rursum

466 1416 857 1463 moverentur:
893 1425 958 1464 ea
1012 1426 1073 1467 re
1115 1414 1383 1483 neglecta,
1439 1416 1513 1470 ita
1562 1417 1821 1474 aviditate
1849 1420 2037 1489 glorias

466 1495 649 1566 frangi
700 1512 760 1553 se
790 1511 990 1567 passus
1019 1507 1123 1566 est,
1152 1511 1212 1557 ut
1244 1517 1379 1559 suos
1405 1504 1614 1560 eisdem
1644 1506 1944 1576 thesauros,
1981 1518 2034 1564 et

459 1586 683 1644 domum
721 1587 959 1644 Nec/tota
1002 1590 1195 1661 (quam
1243 1605 1553 1651 aromatum
1598 1598 1788 1653 cellam
1833 1600 2034 1672 Aquila

462 1686 895 1756 interpretatur;
929 1679 1095 1751 Gaza,
1126 1682 1513 1761 Symmachus,
1572 1690 1797 1747 nomine
1847 1692 2032 1749 Persis

461 1775 684 1830 divitias
709 1771 1092 1846 significante)
1128 1777 1432 1831 ostentarit.
1461 1777 1582 1845 Qua
1604 1766 1664 1835 re
1685 1768 2029 1838 noninanem

459 1874 674 1921 tantum
711 1866 1043 1937 iactantiam
1098 1881 1255 1923 suam
1303 1869 1655 1939 prodidisse,
1701 1874 1799 1930 sed
1842 1890 2032 1933 eorum

458 1956 624 2011 etiam
649 1957 897 2027 potiundi
917 1958 1274 2029 cupiditatem
1301 1958 1556 2017 hostibus
1582 1964 1887 2033 przbuisse
1913 1983 2035 2024 cre-

462 2050 628 2105 ditur.
679 2051 861 2121 Atque
893 2052 1024 2108 binc
1074 2063 1180 2119 est,
1243 2053 1387 2122 quod
1443 2055 1511 2109 ad
1565 2071 1687 2113 eum
1745 2060 2033 2130 propheta,

463 2141 628 2195 veluti
669 2156 768 2195 sua
800 2152 1018 2212 sponte,
1054 2159 1166 2200 non
1190 2143 1431 2215 pellente
1466 2145 1575 2203 Deo
1630 2151 1923 2216 accedens,
1979 2160 2034 2207 et

461 2230 605 2298 quod
634 2229 736 2299 ipsi
765 2232 968 2286 vellent
992 2248 1102 2288 non
1134 2234 1259 2290 sine
1290 2234 1467 2290 multo
1492 2235 1689 2295 attactu
1712 2242 2031 2310 exquirens;

460 2320 682 2376 venisse
712 2321 957 2391 quidem,
992 2331 1053 2377 ut
1101 2323 1199 2397 Dei
1239 2325 1591 2383 admirabilia
1641 2343 1810 2399 opera
1873 2332 2032 2386 audi-

463 2419 622 2476 rent;
703 2411 799 2466 sed
851 2413 937 2468 sui
994 2415 1177 2484 potius
1231 2431 1398 2487 quam
1461 2416 1560 2472 Dei
1614 2418 2032 2479 admirationem

462 2509 650 2556 monet
680 2503 972 2571 excitasse,
1010 2506 1105 2577 qui
1131 2507 1367 2565 eximias
1396 2509 1549 2566 illius
1588 2510 1846 2579 virtutes,
1879 2528 2032 2568 smn-

441 2610 723 2665 ,mumque
749 2596 804 2650 in
836 2613 925 2653 res
957 2606 1173 2655 creatas
1210 2601 1505 2671 imperium
1537 2604 1684 2675 apud
1726 2603 1893 2679 434
1936 2621 2034 2664 eos

447 2702 570 2742 .non
597 2687 931 2756 praedicarit.
964 2690 1157 2762 Itaque
1207 2694 1413 2749 veritus
1463 2697 1713 2753 accusari
1762 2713 1880 2761 rex,
1905 2712 2032 2754 cum

462 2778 590 2847 quid
622 2779 705 2833 illi
742 2781 993 2848 dicerent,
1026 2783 1294 2853 propheta
1323 2786 1652 2854 postularet,
1703 2788 1979 2843 obmutuit
2015 2806 2029 2842 :

462 2872 555 2938 qui
587 2873 766 2927 tamen
812 2874 951 2927 unde
981 2875 1259 2939 venissent,
1318 2875 1704 2948 interroganti,
1759 2880 1869 2933 non
1903 2880 2026 2936 sine

463 2963 859 3030 ostentatione,
906 2965 970 3018 de
1011 2967 1298 3036 longinqua
1353 2976 1498 3022 terra
1549 2969 1874 3040 respondit;
1908 2981 2033 3026 tan-

2145 509 2378 580 είκοστῷ
2406 511 2498 564 καὶ
2523 511 2698 581 ἐνάτῳ
2756 508 3147 581 τετελεύτηκεν
3174 496 3310 576 ἔτει,
3340 514 3418 577 ὡς
3442 515 3540 587 τὴν
3562 496 3732 572 νόσον

2142 598 2293 669 αὐτῷ
2323 599 2605 667 γεγονέναι
2627 599 2747 654 κατ’
2773 599 2895 663 ἔτος
2918 600 2981 653 τὺ
3004 604 3617 671 τεσσαρεσκαιδέκατον.
3633 608 3730 661 Τὰ

2142 686 2305 741 λοιπὰ
2328 687 2387 742 δὲ
2421 688 2599 742 πάντα
2661 687 2769 759 πρὸ
2804 687 3008 758 ταύτης
3035 687 3180 742 κατὰ
3203 689 3295 747 τὸν
3323 690 3490 745 αὐτὸν
3526 693 3732 763 χρόνον

2142 780 2567 850 συμϐεϐηκέναι,
2596 773 2674 833 ὧν
2705 770 2962 835 ἁπάντων
3021 778 3263 843 ἀκούσας
3312 781 3408 837 ἐπὶ
3433 782 3532 852 τὴν
3576 802 3729 854 πρε-

2142 869 2330 925 σϐείαν
2359 870 2640 940 ἠπείγετο.
2679 871 2793 924 Καὶ
2830 868 2941 923 τῶν
2967 869 3178 940 ἀνδρῶν
3208 870 3453 940 ἡκόντων
3480 872 3600 926 δεον
3621 876 3726 929 τὸν

2153 958 2402 1023 Ἐζεκίαν
2427 960 2526 1023 τὰς
2549 959 2759 1014 ἄνωθεν
2788 956 2885 1010 τοῦ
2910 957 3046 1012 Θεοῦ
3069 957 3377 1028 διηγεῖσθαι
3408 961 3726 1032 μεγαλουρ-

2139 1050 2287 1120 γίας,
2348 1051 2443 1105 καὶ
2466 1051 2537 1105 τὰ
2563 1051 2659 1104 νῦν
2692 1049 3084 1105 ἐπισυνάπτειν
3106 1050 3394 1119 γενόμενα,
3416 1051 3493 1114 ὡς
3519 1052 3588 1106 ἂν
3618 1054 3725 1106 εὐ-

2138 1138 2373 1211 γνώμων
2393 1156 2455 1198 τε
2468 1141 2623 1213 δοκῇ,
2645 1140 2935 1203 κάκείνους
2966 1139 3387 1212 εὐσεϐεστέρους
3410 1143 3722 1212 ποιήσειεν,

2139 1233 2233 1287 καὶ
2263 1232 2329 1285 δι’
2359 1231 2539 1286 αὐτῶν
2566 1232 2787 1302 ἐτέρους
2811 1232 3189 1302 διηγουμένων
3210 1232 3354 1303 ἅπερ
3373 1231 3682 1300 ἐγνώκασιν
3704 1250 3722 1265 ο

2134 1324 2293 1379 τοῦτο
2317 1324 2420 1395 μὲν
2451 1326 2513 1378 ού
2532 1327 2693 1379 ποιεῖ’.
2716 1323 3017 1394 Φιλοτίμως
3045 1323 3103 1377 δὲ
3132 1325 3430 1392 χαυνωθεὶς
3446 1366 3464 1391 ,
3488 1326 3724 1380 dram-

2136 1418 2348 1472 λύπτει
2404 1417 2641 1482 τούτοις
2682 1416 2828 1480 τοὺς·
2869 1415 3237 1485 θησαυροὺς,
3280 1416 3378 1469 καί
3405 1415 3522 1470 τὸν.
3548 1413 3727 1472 οἶκον

2134 1510 2242 1563 τοῦ
2284 1507 2529 1577 Νεχώθα
2552 1548 2566 1574 ,
2597 1509 2734 1577 ὅπερ
2761 1503 2931 1561 οἷκον
2956 1505 3277 1574 ἀρωμάτων
3332 1507 3564 1570 ’Δκύλας
3588 1507 3720 1578 εφη,

2135 1601 2229 1654 καὶ
2250 1599 2552 1670 Σύμμαχος
2595 1596 2757 1667 reita,
2786 1610 2810 1638 ο
2847 1597 2904 1651 δέ
2938 1596 3090 1668 παρὰ
3116 1596 3351 1667 Πέρσαις
3370 1596 3470 1667 τὴν
3493 1614 3722 1669 περιου-

2138 1692 2261 1745 σίαν
2297 1691 2575 1761 σημαίνει,
2607 1690 2766 1748 τοῦτο
2787 1689 2846 1742 δὲ
2877 1689 2939 1742 ού
2965 1689 3126 1758 μόνον
3156 1688 3327 1756 τύψον
3361 1683 3477 1759 εἶχε
3507 1690 3717 1752 καινὸν,

2064 1763 2106 1818 Β
2136 1783 2270 1838 ἀλλὰ
2287 1784 2507 1846 καὶτοῖς
2532 1780 2935 1853 [βλεπομένοις]
2956 1782 3085 1844 τοὺς
3103 1781 3400 1851 πολεμίους
3412 1781 3504 1833 ἐπ’
3518 1780 3723 1848 ὀφθαλ-

2139 1876 2271 1947 μίαν
2297 1874 2322 1914 ά
2354 1874 2789 1943 παρεσκεύαζεν.
2850 1874 3016 1928 Ὅθεν
3044 1875 3073 1926 ὁ
3110 1874 3401 1943 προφήτης
3440 1871 3612 1926 ἐλθὼν
3639 1871 3722 1936 ὡς

2136 1967 2232 2019 ἀπ’
2260 1967 2469 2029 οἰκείας
2510 1963 2758 2036 γνώμης,
2785 1964 2900 2019 ἀλλ’
2922 1964 2984 2017 οὗ
3005 1963 3141 2018 Θεοῦ
3178 1963 3339 2033 δῆθεν
3371 1963 3719 2034 πέμψαντος,

2135 2060 2164 2112 ὂ
2183 2077 2234 2113 τι
2256 2059 2464 2113 θέλοιεν
2487 2053 2634 2113 οὗτοι
2650 2058 3004 2123 πυνθάνεται,
3022 2058 3143 2131 nec:
3156 2056 3500 2128 κεχρημένος
3514 2055 3718 2122 πολλῷ,

2135 2153 2229 2205 καὶ
2280 2153 2495 2214 δεικνὺς
2518 2150 2594 2213 ὡς
2616 2146 2781 2220 ἦλθον
2837 2149 2940 2219 μὲν
2969 2148 3041 2203 τὰ
3070 2148 3168 2201 τοῦ
3225 2147 3362 2201 Θεοῦ
3434 2146 3721 2218 παράδοξα

2139 2242 2529 2314 μαθησόμενοι,
2558 2243 2623 2296 σὺ
2646 2241 2702 2294 δέ
2732 2240 2933 2294 σαυτὸν
2965 2239 3049 2302 είς
3101 2237 3288 2309 θαῦμα
3312 2238 3550 2303 τούτοις,
3594 2239 3722 2292 ἀντὶ

2134 2334 2273 2388 Θεοῦ
2327 2333 2740 2405 παραδέδωκας.
2771 2333 2873 2402 τὴν
2916 2331 3072 2385 θείαν
3091 2331 3154 2383 οὺ
3178 2328 3402 2395 διδάξας
3417 2329 3717 2400 ὑπεροχὴν,

2133 2427 2243 2481 οὐδ’
2295 2427 2377 2480 ὅτι
2398 2427 2510 2489 τοῖς
2540 2421 2705 2478 αὑτοῦ
2737 2423 3006 2493 νεύμασιν
3026 2424 3061 2493 ἡ
3091 2421 3271 2485 κτίσις
3323 2422 3625 2492 ὑποχωρεῖ.
3658 2420 3722 2473 ὐ

2133 2518 2193 2571 δέ
2215 2520 2353 2590 πρὸς
2401 2518 2503 2589 μὲν
2551 2515 2634 2580 τὺ,
2694 2515 2754 2569 τι
2796 2513 3110 2584 λέγουσιν,
3136 2513 3290 2567 οὐδὲν
3334 2512 3717 2583 ἀποκρίνεται,

2133 2606 2226 2659 τὸν
2254 2606 2476 2676 ἔλεγχον
2493 2605 2703 2669 δεδιώς.
2730 2603 2877 2674 Πρὸς
2896 2602 2954 2657 δέ
2988 2603 3071 2668 τὸ,
3100 2604 3286 2658 πόθεν
3306 2603 3556 2671 ἢκασιν,
3581 2606 3719 2659 ἀλα-

2134 2700 2365 2767 ζονικῶς
2411 2698 2621 2767 λέγων*
2646 2698 2716 2750 ἐκ
2748 2693 2860 2765 τῆς
2901 2697 3225 2764 μακρόθεν,
3257 2695 3334 2758 ὡς
3362 2696 3507 2751 κατὰ
3559 2696 3721 2761 κλέος

2134 2791 2300 2846 αὑτοῦ
2331 2790 2429 2861 τῆς
2474 2789 2670 2859 φήμης
2700 2787 2899 2849 αὐτοὺς
2926 2785 3020 2839 καὶ
3049 2784 3334 2856 πόρρωθεν
3360 2786 3712 2857 ἐνεγκούσης,

2132 2883 2221 2937 ὅτε
2281 2881 2376 2934 καί
2405 2879 2504 2949 τὴν
2553 2880 2620 2931 ἐκ
2644 2877 2783 2931 Θεοῦ
2826 2876 2969 2929 κατὰ
3003 2874 3195 2929 τούτου
3219 2876 3406 2930 λοιπὸν
3437 2878 3719 2947 ἀπόφασιν

2133 2973 2341 3042 ἢγαγεν
2362 2984 2376 3001 ·
2408 2966 2607 3022 πάντα
2656 2965 3082 3034 λειφθήσεσθαι
3107 2963 3269 3032 παρὰ
3322 2965 3720 3019 Hadulan

456 3068 627 3123 quam
665 3045 909 3112 nominis
933 3058 1018 3111 sui
1056 3057 1199 3112 fama
1233 3058 1505 3115 excitatos
1560 3068 1673 3115 tam
1729 3060 1899 3133 longo
1941 3078 2033 3118 ve-

2138 3061 2307 3117 εἰπὼν
2328 3059 2430 3114 καὶ
2473 3057 2616 3124 τοὺς
2650 3056 2720 3121 ἐξ
2754 3055 2940 3111 αὐτοῦ
2979 3055 3447 3125 καταγομένους,
3500 3056 3717 3109 δὺν-οὐ-

463 3145 617 3202 nisse
643 3147 839 3202 itinere
864 3148 1212 3216 gloriaretur.
1246 3149 1427 3218 Atque
1453 3150 1581 3205 inde
1613 3157 1722 3216 est,
1748 3153 1894 3224 quod
1927 3153 2035 3208 lata

464 3251 494 3289 a
540 3236 648 3290 Deo
676 3237 967 3293 adversum
1001 3252 1063 3292 se
1096 3238 1389 3304 sententia,
1425 3255 1456 3293 a
1490 3239 1804 3311 Babyloniis
1857 3244 2037 3297 omnia

464 3344 568 3381 non
600 3329 754 3382 modo
785 3328 1046 3395 direptum
1072 3328 1163 3395 iri,
1193 3329 1283 3382 sed
1307 3346 1395 3384 eos
1425 3331 1611 3396 etiam,
1634 3333 1781 3401 quia
1824 3349 1880 3388 se
1911 3350 2039 3403 pro-

463 3420 689 3480 dissem,
732 3416 868 3485 regis
918 3415 1179 3470 eunuchos
1219 3417 1359 3484 fore,
1392 3418 1579 3475 statim
1611 3420 1843 3478 audivit.
1880 3422 2039 3489 Quod

448 3508 741 3566 .Jcchoniaa
770 3500 949 3573 aetate,
977 3518 1240 3577 quantum
1266 3524 1330 3564 ex
1364 3525 1555 3582 regum
1593 3511 1828 3567 historia
1879 3514 2039 3569 colli.-

466 3616 593 3670 gere
626 3600 771 3665 licet,
807 3598 1075 3655 accidisse
1121 3610 1379 3672 putamus
1408 3621 1420 3656 :
1452 3619 1562 3674 quo
1622 3612 1868 3677 tempore
1928 3605 2038 3662 Da-

467 3692 667 3746 nieletn
703 3707 827 3747 cum
860 3693 1028 3748 sociis
1059 3694 1113 3748 in
1146 3693 1292 3763 regis
1340 3697 1463 3751 aula
1498 3699 1814 3753 eunuchum
1868 3697 2042 3756 fuisse

467 3781 715 3837 nonnulli
754 3783 1062 3839 valuerunt.
1107 3782 1319 3850 Quibus
1366 3784 1569 3843 auditis
1622 3786 1882 3844 Ezechias
1927 3789 2040 3843 cir-

469 3882 786 3945 cnmspecte
813 3873 1112 3945 quidemet
1137 3875 1224 3947 pie
1283 3892 1603 3947 quacunque
1651 3878 1857 3935 locutus
1906 3892 2040 3935 esset

470 3966 754 4029 Dominus,
794 3967 1150 4037 quantumvis
1193 3966 1476 4022 hominum
1529 3984 1692 4027 aures
1739 3969 2038 4036 oll‘endant,

470 4058 605 4113 bona
632 4073 743 4111 esse
774 4055 994 4127 adjecit,
1022 4070 1138 4111 suae
1163 4059 1309 4111 aetati
1346 4065 1557 4113 tantum
1593 4058 1867 4129 indulgeri
1914 4075 2041 4130 pos-

469 4150 673 4214 tulans,
707 4150 817 4205 Deo
845 4150 1052 4223 gratias
1080 4148 1210 4219 agit,
1251 4151 1398 4220 quod
1432 4166 1491 4206 se
1516 4167 1629 4207 non
1655 4167 1822 4210 sensu
1866 4153 2041 4208 malo-

469 4258 591 4296 rum
624 4241 945 4307 ulciscatur,
995 4243 1092 4298 sed
1150 4240 1266 4298 sola
1315 4241 1749 4311 impendentium
1799 4243 1942 4299 fama
1984 4246 2041 4301 in

468 4334 612 4387 viam
645 4342 896 4398 revocet;
929 4333 1024 4404 qui
1054 4333 1194 4388 sciat
1228 4347 1296 4388 ne
1327 4347 1518 4402 ptenas
1550 4333 1769 4404 quidem
1795 4336 1932 4392 istas
1972 4335 2042 4390 ad

2137 3171 2288 3224 κους
2327 3150 2410 3216 τῷ
2451 3150 2683 3204 τούτων
2721 3146 2974 3204 ἔσεσθαι
3023 3145 3297 3210 βασιλεῖ.
3345 3145 3595 3200 Τοῦτοδέ
3623 3145 3720 3214 γέ-

2137 3259 2316 3312 γονεν,
2348 3241 2425 3303 ὼς
2454 3238 2513 3291 ἐν
2535 3239 2657 3300 ταῖς
2694 3235 3003 3298 Ιὶασιλείαις
3033 3235 3379 3304 ἐγνώκαμεν,
3401 3236 3460 3287 ἐν
3481 3235 3719 3306 ἡμέραις

2150 3331 2422 3403 Ἰεχονίου,
2453 3329 2544 3382 ὅτε
2574 3328 2670 3382 καὶ
2697 3328 2749 3380 ot
2777 3326 2907 3397 περὶ
2932 3325 3024 3382 τὸν
3049 3324 3249 3396 Δανιὴλ
3273 3329 3333 3379 ἐν
3354 3325 3433 3395 τῷ
3458 3325 3592 3394 οἴκῳ
3618 3324 3718 3379 τοῦ

2141 3423 2406 3495 βασιλέως
2423 3421 2733 3491 γεγόνασιν,
2762 3415 3177 3487 εὐνοῦχοι,καθά
3201 3416 3335 3486 φασί
3358 3434 3525 3483 τινες,
3555 3433 3719 3485 γεγο-

2138 3517 2310 3577 νότες.
2344 3513 2527 3584 "Amp
2566 3510 2818 3576 Ἐζεκίας
2854 3507 3102 3572 ἀκούσας
3128 3507 3374 3571 εὐλαϐῶς
3406 3525 3467 3561 τε
3498 3507 3595 3561 καὶ
3626 3509 3721 3560 εὐ-

2141 3605 2316 3670 σεῦῶς
2348 3605 2574 3676 ἀγαθὸν
2594 3603 2710 3672 ἔφη
2734 3601 2933 3656 πάντα
2952 3603 3143 3671 λόγον
3177 3596 3333 3655 εἶναι
3353 3600 3524 3664 Θεοῦ,
3546 3599 3650 3652 κᾶν
3677 3600 3716 3668 ἡ

2138 3697 2347 3751 τούτων
2385 3695 2524 3766 ἀκοὴ
2578 3695 2706 3758 τοὺς
2752 3691 3076 3762 ἀνθρώπους
3131 3690 3444 3761 λυπήσειεν.
3498 3690 3606 3743 Τὸν
3631 3689 3720 3757 ἐφ’

2142 3784 2337 3839 ἐαυτοῦ
2360 3785 2418 3837 δέ
2451 3785 2608 3854 μόνον
2633 3781 2997 3852 παρῃτήσατο
3034 3780 3249 3851 χρόνον,
3277 3776 3617 3850 εὐχαριστῶν
3641 3775 3722 3847 τῷ

2140 3876 2299 3944 Θεῷ,
2357 3876 2550 3944 ὅτιπερ
2581 3873 2642 3927 οὐ
2674 3875 2741 3943 τῇ
2776 3872 2886 3929 τῶν
2940 3871 3127 3926 κακῶν
3173 3872 3496 3940 ἐτιμωρεῖτο
3531 3868 3719 3938 πείρᾳ,

2141 3975 2215 4043 (Ρῆ
2225 3991 2299 4043 μη
2324 3973 2380 4025 δὲ
2405 3971 2542 4044 μόνῃ
2572 3970 2681 4025 τῶν
2708 3966 2972 4042 λυπηρῶν
2996 3969 3106 4024 τῶν
3142 3968 3446 4040 μελλόντων
3467 3969 3722 4036 ἐσωφρο-

2141 4065 2338 4128 νίζετο,
2368 4062 2525 4127 εἰδὼς
2553 4063 2689 4133 μηδέ
2707 4063 2834 4126 τοὺς
2856 4062 2915 4129 ἐξ
2939 4061 3105 4116 αὐτοῦ
3129 4059 3226 4130 τὴν
3251 4060 3461 4114 τούτων
3480 4060 3723 4129 ἀκρίτως

2140 4155 2394 4222 δέξασθαι
2419 4155 2750 4225 πεῖρανμέφ⁹
2782 4150 2863 4217 οἷς
2895 4152 2953 4206 δὲ
2991 4154 3399 4224 ἁμαρτήσονται
3444 4165 3725 4220 τιμωρου-

2145 4248 2359 4319 μένους,
2382 4247 2491 4300 τῶν
2514 4246 2573 4312 ἐξ
2591 4244 2757 4299 αὐτοῦ
2781 4245 3116 4316 τικτομένων
3140 4243 3367 4297 δικαίων
3386 4243 3461 4313 μὴ
3487 4241 3723 4310 βλαπτο-

2145 4338 2323 4408 μένων
2351 4341 2419 4410 τῇ
2447 4337 2612 4392 αὐτοῦ
2670 4338 2937 4409 ἁμαρτίᾳ.
2975 4338 3032 4390 '0
3060 4336 3119 4391 δέ
3152 4337 3404 4407 Ἑϐραῖος
3445 4334 3600 4402 ἔλεγε
3628 4334 3725 4386 τδν

412 4492 417 4497 η
469 4436 724 4497 posteros
755 4441 886 4483 suos
919 4441 1043 4482 esse
1084 4433 1288 4481 temere
1336 4435 1739 4496 perventuras;
1794 4429 1892 4494 sed
1941 4444 2036 4484 sua

2144 4430 2276 4485 Θεὸν
2308 4429 2384 4503 μὴ
2417 4429 2782 4497 ἀποδέξασθαι
2832 4429 2931 4500 τὴν
2972 4427 3220 4492 Ἐζεκίου
3244 4426 3569 4497 προαίρεσιν
3595 4424 3724 4477 tau-

469 4526 687 4571 tantum
735 4517 883 4581 illos,
944 4531 1054 4570 non
1095 4531 1219 4587 quae
1266 4518 1391 4587 ipse
1428 4517 1765 4583 admisisset,
1817 4530 2042 4589 peccata

468 4608 728 4662 luituros.
768 4606 1020 4662 Tradunt
1061 4606 1276 4663 Hebrzei
1307 4606 1552 4664 Ezechiae
1578 4610 1913 4676 institutum,
1947 4613 2043 4681 qui

470 4700 576 4756 sibi
605 4707 817 4754 tantum
836 4700 1102 4765 intentus,
1131 4695 1389 4771 populum
1416 4711 1470 4755 et
1495 4701 1686 4757 urbem
1720 4702 2041 4774 negligeret,

474 4793 641 4847 Deum
682 4808 789 4848 non
822 4792 1098 4863 amplecti,
1122 4793 1353 4866 ideoque
1377 4794 1662 4864 deinceps,
1698 4794 2039 4855 Consolanti-

415 4897 426 4907 '
472 4886 549 4949 ni,
571 4885 920 4941 consulamini
941 4886 1188 4956 populum
1217 4904 1408 4955 meum,
1439 4888 1568 4942 dicit
1598 4887 1878 4954 Dominus,
1910 4905 2042 4959 pro-

474 4978 693 5047 phetam
740 4976 1003 5046 adjicere.
1050 4978 1280 5046 Quando
1321 4978 1489 5043 enim,
1533 4980 1707 5044 aiunt,
1732 4993 1919 5034 amore
1957 4982 2042 5035 sui

2147 4523 2243 4577 τοῦ
2275 4523 2438 4593 μόνου
2489 4522 2894 4592 φροντίσαντος,
2955 4519 3305 4591 ὑπεριδόντας
3338 4517 3399 4572 δέ
3442 4515 3537 4570 τοῦ
3588 4512 3723 4568 λαοῦ

2150 4615 2245 4667 καὶ
2274 4614 2383 4684 τῆς,
2410 4613 2639 4677 πόλεως.
2674 4612 2876 4683 Διόπερ
2906 4612 3211 4680 ἐπήνεγκεν
3239 4609 3326 4677 ἐφ’
3347 4607 3499 4677 ἐξῆς,
3530 4607 3725 4672 Παρα-

2149 4708 2408 4774 καλεῖτε,
2424 4704 2823 4777 παρακαλεῖτε
2845 4705 2953 4761 τὸν
2972 4704 3128 4759 λαόν
3153 4717 3294 4771 μου,
3309 4696 3477 4766 λέγει
3496 4701 3529 4751 ὁ
3555 4695 3723 4759 9815C-

2150 4801 2214 4853 Εί
2269 4799 2379 4871 γὰρ
2439 4802 2647 4862 ἐκεῖνος
2695 4797 2950 4866 φίλαυτος
2990 4795 3252 4865 πέφηνεν,
3298 4789 3417 4844 ἀλλ’
3476 4787 3637 4856 ὑμεῖς
3672 4785 3726 4838 cl

2149 4890 2457 4960 δυνάμενοι,
2489 4889 2887 4958 παρακαλεῖτε
2916 4888 3024 4942 ’τὸν
3058 4886 3206 4952 ἐμὸν
3241 4884 3420 4938 λαόν.
3473 4878 3727 4950 Κήδαμαι

2151 4981 2262 5052 γάρ
2296 4998 2398 5050 μου
2415 4979 2510 5034 τοῦ
2536 4981 2876 5051 πλάσματος.

471 5084 653 5138 regem
681 5071 905 5123 cernitis
932 5072 1187 5137 avocari;
1221 5072 1305 5125 vel
1335 5071 1438 5141 ipsi
1477 5073 1693 5136 saltem,
1741 5072 1833 5143 qui
1867 5073 2118 5143 potestis,
2139 5073 2392 5144 populum
2427 5089 2623 5140 meum,
2687 5072 2846 5142 cujus
2902 5079 3166 5140 tanquam
3224 5062 3467 5136 ﬁgmenti
3533 5070 3727 5116 cum

471 5180 625 5235 gero,
657 5163 1024 5218 consolamini.

1102 5252 1253 5308 CAP.
1297 5252 1408 5308 XL.

543 5343 703 5417 435
733 5344 901 5399 Vens.
940 5344 1051 5398 l-3.
1092 5342 1475 5410 Consolamini,
1506 5345 1852 5400 consulamini
1885 5361 2051 5415 popu-

476 5436 584 5489 lum
642 5454 833 5500 meum,
888 5445 1017 5488 dtCtt
1077 5434 1238 5489 Deus.
1292 5434 1622 5503 Sacerdotes,
1662 5437 1939 5505 loquimini
1974 5439 2042 5491 ad

2393 5283 2398 5289 -
2772 5248 3024 5302 ΚΕΦΑΔ.
3049 5247 3139 5301 Μ’.
3169 5274 3189 5289 ι

2393 5283 2398 5289 -
2960 5249 3024 5302 Δ.
3103 5252 3139 5300 ’.
3169 5274 3189 5289 ι

2228 5352 2365 5415 α-η’.
2396 5248 3254 5413 Παρακαλοῖτέῗιῗρακῗιεῖτε
3277 5332 3383 5387 τὸν
3408 5331 3565 5386 λαόν
3583 5345 3726 5399 μου,

2152 5439 2313 5507 λέγει
2340 5442 2373 5493 ό
2412 5439 2555 5504 Θεός
2581 5454 2593 5467 ο
2628 5434 2819 5505 ἱερεῖς,
2853 5429 3168 5499 λαλήσατε
3207 5427 3293 5493 είς
3326 5424 3442 5494 τὴν
3475 5421 3723 5492 καρδίαν

1784 5611 1871 5667 VA
1885 5610 2018 5664 NA“.
2060 5609 2457 5667 LECTIONES.

550 5700 572 5728 ’³
634 5702 715 5752 2T.
749 5697 801 5751 ἆ.
881 5699 1016 5767 άγρ.
1053 5696 1452 5767 ἐποφθαλμιᾷν.
