3946 6306
483 329 491 336 ο
513 298 650 363 2331

1790 293 2144 356 PROCOPII
2181 295 2426 357 (ἶΑΖᾹΞΙ

573 405 691 471 Qua
729 416 860 475 ergo
898 401 1112 457 ratione
1142 399 1232 456 hic
1261 399 1360 455 Dei
1392 399 1643 470 populus,
1680 399 1872 455 eadem
1910 408 1967 456 ct
1995 416 2086 455 cor

2270 402 2357 468 Ὦς
2384 397 2478 458 οὖν
2497 395 2651 467 οὗτος
2676 402 2826 470 λαὸς
2855 402 3025 470 Θεοῦ,
3044 400 3190 458 οὕτω
3219 402 3437 473 καρδία
3467 404 3794 474 Ἰερουσα-

500 492 827 560 Jerusalem,
858 492 1044 564 populi
1071 491 1289 548 scilicet
1336 491 1393 546 in
1441 490 1688 546 Ecclesia
1731 491 2086 561 praestantior

504 602 792 653 numerus,
838 586 1178 657 appellatur:
1212 598 1322 639 non
1363 584 1523 639 aliter
1549 598 1712 655 quam
1752 584 1809 638 in
1849 596 2087 653 corpore

507 678 655 733 cordi
687 677 1053 747 principatum
1084 675 1403 731 tribuimus.
1441 674 1563 740 Quo
1603 666 1859 745 loquendi
1887 687 2088 744 genere

507 768 709 824 rationi
757 775 813 822 et
854 765 1069 834 spiritui
1106 766 1279 835 magis
1309 763 1805 834 obtemperantium
1850 763 1988 819 ordo
2012 764 2089 818 si-

506 861 821 929 gniﬁcatur.
857 856 1048 927 Itaque
1074 838 1219 927 loqui
1249 854 1472 925 quidem
1507 856 1675 919 istos,
1713 854 1853 909 alios
1882 862 2085 921 autem,

508 959 768 1020 tanquam
826 949 1191 1004 consolatione
1249 962 1392 1018 opus
1449 947 1753 1013 habentes,
1810 946 2087 1001 consolari

508 1041 781 1114 pracipit.
810 1038 971 1095 Dicas
1001 1038 1166 1092 etiam
1200 1045 1255 1091 et
1280 1036 1468 1092 sensui
1497 1034 1757 1105 subjectae
1780 1034 2087 1092 Jerusalem

506 1137 656 1190 cives
690 1133 903 1188 ratione
938 1129 1114 1199 magis
1151 1128 1444 1199 pollentes,
1493 1126 1877 1197 zequioresque
1914 1127 2089 1198 signi-

507 1224 699 1290 ﬁcari;
729 1237 854 1277 cum
894 1220 1104 1289 reliqua
1146 1218 1309 1273 turba
1346 1231 1537 1272 crassa
1580 1217 1715 1280 fere,
1756 1215 2089 1287 corporique

509 1315 747 1370 maxime
782 1310 998 1366 addicta
1036 1309 1127 1364 sit.
1167 1305 1298 1362 Vult
1341 1306 1511 1377 igitur
1547 1313 1603 1361 et
1637 1304 1705 1360 ad
1746 1306 1884 1361 istos
1920 1306 2087 1361 verba

509 1404 627 1459 tieri
658 1404 729 1458 ab
750 1403 853 1468 eis,
880 1401 975 1471 qui
1000 1399 1264 1470 Spiritum
1297 1397 1697 1451 consolationis
1717 1402 2083 1466 acceperunt;

506 1498 562 1545 et
591 1498 939 1561 peccatorum
983 1501 1076 1557 per
1108 1484 1449 1555 prophetiam
1483 1484 1552 1539 de
1577 1483 1787 1540 Christi
1824 1483 2083 1547 adventu,

507 1596 635 1637 cum
660 1585 912 1636 cessante
939 1576 1239 1631 humilitate
1281 1576 1443 1631 etiam
1480 1576 1713 1630 solutum
1762 1576 1864 1630 erit
1900 1591 2087 1639 pecca-

511 1684 644 1737 tum,
692 1672 907 1727 veniam
948 1669 1282 1725 denuntiari.
1314 1666 1481 1746 Cordi
1512 1681 1644 1736 ergo
1683 1668 1940 1737 superius
1972 1683 2086 1722 me-

2188 492 2316 563 λὴμ
2334 494 2396 547 τὸ
2422 496 2670 565 κρεϊτιον
2687 492 2782 547 τοῦ
2817 492 2949 548 λαοῦ
2988 494 3199 565 τάγμα,
3240 494 3336 548 καὶ
3379 497 3485 566 τῆς
3547 496 3794 568 Ἐκκλη-

2191 583 2311 643 alat:
2336 583 2398 636 τὸ
2417 582 2774 653 κυριώτατον,
2795 583 2871 647 ὡς
2896 585 2936 654 ἠ
2959 584 3177 653 καρδία
3227 585 3322 640 τοῦ
3371 585 3677 658 σώματος,
3730 589 3793 641 δι’
3896 582 3897 605 ῖ

2188 668 2251 729 οὗ
2276 674 2530 745 δηλοῦται
2551 676 2611 729 τὸ
2632 675 2850 744 λογικόν
2869 693 2933 730 τε
2955 677 3045 731 καὶ
3072 676 3305 749 νοερὼτε
3315 695 3407 747 ρον
3445 679 3679 750 τάγμα.
3707 683 3790 736 Διὸ

2187 764 2398 829 τούτοις
2445 766 2546 835 μὲν
2599 765 2834 831 λαλεῖν,
2878 767 3253 836 παρακαλεῖν
3305 769 3365 824 δὲ
3422 771 3561 834 τοὺς
3596 771 3791 837 ἄλλους

2188 853 2470 919 ἐπέταξεν,
2500 854 2576 918 ὡς
2628 854 2696 908 ἂν
2722 842 3010 925 δεομένους
3057 856 3434 927 παραμυθίας.
3484 858 3708 924 Εῐττοις.
3737 861 3791 914 δ’

2187 944 2256 1000 ἂν
2281 944 2378 998 καὶ
2398 944 2496 1014 τῆς
2527 944 2793 1015 αἰσθητῆς
2835 945 3196 1023 Ἰερουσαλὴμ
3216 948 3343 1009 τοὺς
3373 947 3789 1021 λογικωτέρους

2192 1032 2577 1103 σημαίνεσθαι,
2618 1032 2712 1087 τοῦ
2745 1033 2933 1087 λοιποῦ
2974 1034 3216 1106 πλήθους
3254 1038 3418 1090 οἱονεὶ
3461 1039 3790 1111 σαρκώδους

2188 1123 2282 1177 καὶ
2310 1123 2627 1194 παχυτάτου
2668 1125 3052 1195 τυγχάνοντος,
3076 1127 3172 1180 καὶ⁵
3194 1129 3377 1192 αὐτοῖς
3403 1126 3503 1183 οῦν
3525 1130 3788 1200 βούλεται

2184 1214 2402 1270 λαλεῖν
2423 1217 2551 1279 τοὺς
2572 1217 2860 1287 εἰληφότας
2886 1218 2947 1271 τὸ
2971 1218 3200 1290 Πνεῦμα
3215 1219 3315 1289 τῆς
3343 1223 3786 1294 παρακλήσεως,

2186 1306 2381 1374 ἄφεσιν
2414 1306 2697 1376 ἁμαρτιῶν
2721 1308 3243 1380 εὐαγγελιζομένους
3267 1310 3357 1364 διὰ
3414 1312 3523 1382 τὴν
3566 1329 3789 1385 προφη-

2184 1394 2354 1459 τείαν,
2385 1394 2454 1465 ἢν
2482 1395 2678 1464 ἐπάγει
2711 1396 2958 1467 περὶτῆς
2985 1398 3223 1469 Χριστοῦ
3249 1402 3585 1471 παρουσίας,
3620 1421 3789 1457 παυο-

2188 1483 2358 1555 μένης
2378 1483 2491 1552 τῆς
2513 1484 2948 1552 ταπεινώσεως,
2989 1486 3090 1540 καί
3118 1488 3427 1557 λυομένης
3439 1490 3562 1559 τῆς
3593 1495 3782 1561 ἁμαρ-

2185 1577 2333 1642 τίας.
2368 1574 2583 1649 Τῇόῦν
2622 1578 2887 1649 εἰρημένῃ
2942 1578 3159 1647 καρδίᾳ
3204 1579 3318 1649 τῆς
3376 1582 3788 1651 Ἰερουσαλὴμ

2186 1666 2418 1736 διπλῆν
2463 1668 2821 1739 ἐπενηνέχθαι
2855 1668 3006 1737 λέγει
3056 1669 3159 1741 τὴν
3220 1671 3468 1739 κόλασιν,
3514 1675 3654 1726 ἐπεὶ
3698 1676 3784 1728 xa“.

507 1731 735 1820 moratae
764 1761 1065 1818 Jerusalem
1101 1742 1334 1829 duplices
1377 1731 1891 1830 pmnas'irrog'atas
1926 1756 2087 1830 437

2193 1731 2476 1825 ἱστοριτκῶς
2498 1731 2867 1812 συναπέλαυον
2906 1731 3016 1813 τῶν
3068 1731 3166 1814 τοῦ
3222 1731 3465 1834 πλήθους
3497 1766 3698 1829 κακῶν
3730 1768 3776 1818 οξ

507 1870 634 1911 esse
678 1854 816 1911 dicit
846 1872 860 1908 :
886 1851 1331 1924 quandoquidem
1370 1850 1762 1921 (praeterquam
1808 1851 1958 1919 quod
2000 1864 2090 1904 se-

508 1947 749 2002 cundum
782 1945 1095 2010 historiam,
1122 1952 1177 1999 et
1202 1944 1347 2010 illos,
1376 1957 1517 2013 quos
1550 1942 1940 2007 indicavimus,
1965 1955 2092 1996 cum

506 2037 713 2109 populo
767 2036 1057 2108 agentibus
1091 2035 1295 2090 exteris
1332 2033 1663 2099 humiliatos,
1714 2032 1907 2087 eadem
1958 2031 2095 2086 tole-

508 2141 664 2182 rasse
696 2127 936 2195 constat)
973 2132 1028 2180 et
1067 2125 1173 2195 ipsi
1207 2126 1375 2179 etiam
1408 2124 1595 2179 animo
1659 2123 2090 2193 torquebantur;

508 2230 632 2270 cum
671 2217 856 2286 populi
896 2215 1247 2284 rejectionem
1288 2215 1560 2285 lugerent,
1593 2214 1948 2284 secundoque
1979 2215 2092 2284 jam

509 2304 648 2360 urbe
676 2312 1009 2375 expugnata,
1037 2305 1157 2360 solo
1188 2306 1450 2376 templum
1483 2319 1608 2361 esse
1633 2305 1978 2375 adaequatum
2008 2306 2094 2360 in~

508 2401 815 2448 tuerentur.
850 2391 1282 2448 Cousolationem
1314 2408 1447 2465 ergo
1489 2392 1771 2466 deinceps,
1806 2409 1930 2469 quae
1965 2394 2091 2449 Sal-

509 2485 717 2541 vatoris
768 2486 1003 2542 adventu
1056 2493 1433 2557 praestaretur,
1483 2502 1612 2542 cum
1662 2503 1762 2541 vos;
1806 2487 2089 2542 clamantis

503 2578 665 2647 dixit,
700 2578 922 2647 adjecit.
957 2576 1183 2645 Deinde,
1216 2592 1269 2634 et
1297 2578 1489 2634 videbit
1511 2579 1682 2650 omnis
1706 2595 1832 2633 caro
1854 2579 2090 2634 salutare

511 2667 627 2733 Dei,
656 2668 891 2735 addidit,
914 2676 974 2724 ut
996 2667 1281 2741 Evangelii
1308 2668 1942 2741 praedicationem,unde
1971 2667 2092 2724 Sal-

507 2767 663 2814 vator
714 2760 974 2825 innotuit,
1029 2759 1325 2815 indicaret.
1378 2760 1474 2815 Est
1505 2774 1637 2816 vero
1687 2760 1954 2814 desertum
2001 2760 2092 2815 hic

507 2854 574 2906 ab
617 2867 685 2907 eo
734 2852 905 2917 aliud,
954 2868 1053 2924 per
1107 2852 1254 2923 quod
1283 2853 1546 2923 populum
1594 2851 1775 2909 Moses
1824 2851 2088 2907 traduxit.

480 2944 736 3027 .Deinde,
777 2946 1063 3018 cuiusnam
1113 2947 1220 3002 viri
1264 2962 1367 3001 eoa:
1398 2948 1452 3001 in
1503 2948 1607 3002 eo?
1655 2944 2094 3013 Clamantis,re~

418 3044 427 3049 ‘
506 3035 739 3106 spondet
764 3051 780 3091 :
801 3046 897 3091 aut
919 3045 979 3091 ut
1004 3036 1200 3107 Aquila
1219 3038 1636 3108 interpretatur,
1656 3038 1914 3092 uocantis.
1939 3037 2093 3093 Patet

2201 1846 2540 1917 δηλωθέντες
2575 1849 2666 1902 ὑπ’
2709 1849 3032 1918 ἀλλοφύλοις
3074 1850 3258 1907 ἔθνεσι
3288 1857 3782 1926 ταπεινούμενοε.

2196 1942 2292 1994 καὶ
2329 1942 2473 1995 κατὰ
2502 1941 2743 1995 διάνοιαν
2780 1941 3044 2007 ἐκόλαζον
3074 1943 3329 2009 ἑαυτοὺς,
3357 1944 3461 2017 τήν
3520 1946 3626 2000 τοῦ
3662 1947 3784 2000 λαοῦ

2195 2031 2521 2098 πενθοῦντες
2549 2031 2848 2103 ἀποὸολήν.
2893 2032 3057 2087 Ἀλλὰ
3091 2036 3190 2088 καὶ
3240 2035 3496 2108 δεύτερον
3542 2038 3579 2108 ή
3639 2037 3781 2097 πόλις

2193 2123 2405 2194 ἥλωκεν
2430 2122 2507 2188 ὡς
2532 2124 2628 2178 καὶ
2652 2123 2744 2177 τὸν
2783 2125 2844 2175 ἐν
2872 2125 3009 2194 αὐτῇ
3042 2122 3181 2178 νεὼν
3211 2124 3620 2196 κατενεχθῆναι
3653 2126 3785 2196 πρὸς

2195 2214 2415 2285 ἔδαφος.
2441 2214 2552 2286 Τὴν
2599 2214 2644 2267 δ’
2672 2209 2768 2268 οὖν
2817 2213 3206 2283 παράκλησιν
3254 2216 3356 2284 τῆς
3390 2215 3486 2269 τοῦ
3532 2217 3784 2287 Σωτῆρος

2195 2305 2515 2375 ἐπιφανείας
2532 2306 2618 2376 ἐφ’
2630 2306 2758 2376 ἑξῆς
2774 2306 3091 2376 ἐπενήνοχε,
3106 2305 3276 2375 φωνὴ
3296 2306 3780 2375 λέγωνβοιῖπτος·

2192 2394 2293 2452 εἷθ’
2326 2397 2452 2467 ἑξῆς
2472 2398 2783 2469 ἐπιφέρων
2812 2398 2919 2452 Καὶ
2946 2397 3155 2466 ὄψεται
3185 2396 3362 2454 πᾶσα
3388 2398 3555 2467 σὰρξ
3581 2401 3653 2454 τὸ
3681 2417 3784 2453 σω-

2192 2487 2400 2556 τήριον
2426 2486 2534 2541 τοῦ
2597 2487 2770 2549 Θεοῦ,
2800 2487 2861 2540 τὸ
2914 2484 3274 2556 εὐαγγελικδν
3299 2491 3593 2559 κήρυγμα,
3628 2488 3698 2542 δι’
3728 2486 3783 2541 οὗ

2192 2578 2385 2649 Σωτὴρ
2441 2575 2793 2651 ἐγνωρίζετο.
2834 2577 3029 2648 Ἑτέρα
3060 2577 3117 2630 δὲ
3168 2576 3265 2631 νῦν
3296 2577 3522 2647 ἕρημος
3568 2580 3781 2649 εἴρηται

2191 2672 2322 2742 παρ’
2345 2671 2412 2741 ἥν
2441 2672 2469 2723 ὁ
2486 2670 2693 2740 Μωσῆς
2723 2670 2951 2740 διήγαγε
2977 2669 3068 2723 τὸν
3100 2669 3255 2724 λαόν.
3280 2670 3393 2724 Καὶ
3409 2671 3563 2735 τίνος
3592 2671 3784 2741 ἀνδρὸς

2190 2764 2250 2816 ἐν
2275 2761 2449 2833 ταύτῃ
2483 2760 2654 2831 φωνὴ
2686 2759 2959 2826 ,ϐοῶντος
2989 2777 3008 2824 ;
3035 2760 3179 2814 κατὰ
3228 2760 3323 2814 τὸν
3365 2761 3634 2826 Ἀκύλαν,
3688 2778 3785 2816 και

2190 2852 2470 2918 λοῦντος.
2497 2852 2666 2922 Δῆλον
2693 2851 2752 2905 δέ
2785 2852 2883 2906 καὶ⁵
2911 2851 3049 2921 πρὸς
3076 2851 3231 2915 τίνας
3261 2851 3476 2920 ἐλεγενο
3518 2849 3783 2920 Ἑτοιμά-

2191 2955 2341 2996 σατε
2371 2942 2485 3010 τὴν
2518 2940 2664 2995 ὁδὸν
2687 2940 2932 3009 Κυρίου.
2960 2940 3141 3010 Ἀπερ
3169 2940 3348 2993 πάντα
3374 2939 3525 3003 είκδς
3551 2934 3628 3009 ἦν
3663 2940 3783 2998 τοὺς

2191 3032 2395 3088 τούτων
2414 3033 2689 3103 ἀκροατὰς
2707 3031 2910 3101 ζητεῖν,
2924 3028 3178 3101 εὔχεσθαί
3192 3047 3252 3083 τε
3276 3029 3340 3083 τὸ
3357 3029 3670 3098 σωτήριον
3686 3030 3785 3082 τοῦ

508 3134 722 3183 vero-et
752 3127 818 3182 ad
849 3143 990 3199 quos
1038 3129 1383 3197 loqueretur,
1420 3144 1545 3182 cum
1578 3144 1772 3197 parare
1805 3131 1944 3184 viam
1977 3127 2087 3181 Do-

2193 3124 2341 3180 Θεοῦ
2368 3122 2536 3187 ἰδεῖν,
2565 3121 2966 3193 προϐαινούσης
2994 3123 3073 3184 είς
3099 3120 3261 3191 ἔργον
3292 3120 3394 3191 τῆς
3411 3120 3776 3191 προφητείας.

508 3219 642 3273 mini
674 3218 914 3289 iuberet.
945 3218 1077 3286 Quae
1107 3221 1292 3276 omnia
1332 3221 1612 3277 auditores
1664 3224 1893 3276 istorum
1932 3233 2206 3292 qumrere,
2233 3206 2310 3284 et,
2336 3224 2395 3272 ut
2439 3224 2695 3286 pergente
2723 3216 2779 3270 in
2818 3222 3000 3269 actum
3028 3212 3349 3285 prophetia,
3399 3212 3649 3269 salutare
3692 3213 3780 3269 Dei

509 3319 761 3384 viderent,
789 3316 1002 3387 precari
1035 3315 1210 3372 fuerat
1256 3324 1704 3374 consentaneum.

577 3455 850 3522 Quoniam
881 3452 1049 3523 igitur
1075 3451 1183 3507 ista
1209 3448 1612 3520 exspectabant
1633 3447 1727 3518 qui
1750 3462 1838 3503 res
1862 3446 2097 3517 prophe—

512 3546 653 3600 ticas
669 3542 974 3608 callebant;
1012 3542 1100 3607 iis,
1122 3541 1217 3610 qui
1236 3555 1268 3595 a
1283 3539 1630 3610 principibus
1660 3540 2010 3595 sacerdotum
2041 3545 2095 3592 et

513 3634 790 3705 magistris
845 3633 1000 3689 missi
1036 3632 1102 3687 ad
1151 3631 1416 3688 Joannem
1467 3640 1755 3696 venerant,
1828 3637 1887 3684 ut
1930 3627 2093 3684 Chri-

512 3736 723 3793 stusne,
758 3741 827 3783 an
860 3725 1032 3792 Elias,
1077 3741 1149 3780 an
1190 3724 1457 3797 propheta
1483 3724 1601 3794 ipse
1627 3731 1794 3788 esset,
1819 3721 2091 3789 audirent,

511 3818 603 3873 illa
653 3816 870 3886 quidem
905 3823 1202 3885 pernegat,
1256 3829 1318 3870 se
1365 3822 1548 3867 autem
1596 3827 1771 3866 uocem
1808 3809 2093 3872 clamantis

508 3925 623 3965 esse
663 3908 949 3979 profitetur
976 3907 1042 3963 “.
1076 3905 1133 3961 ld
1173 3906 1319 3961 enim
1355 3904 1447 3969 iis,
1481 3903 1574 3974 qui
1608 3901 1951 3974 prophetiam
1989 3915 2085 3954 no-

511 4011 657 4068 tant,
684 4000 913 4066 dixisse,
932 4000 1316 4069 desertumque,
1349 3996 1405 4051 in
1434 4011 1544 4066 quo
1574 3995 1789 4066 agebat,
1820 4001 1877 4049 et
1906 3991 2085 4062 ipsum

513 4095 611 4149 Dei
640 4094 880 4149 salutare
908 4092 1060 4148 omni
1106 4092 1261 4147 carni
1291 4088 1749 4160 conspiciendum
1795 4102 1896 4157 pro
1947 4084 2085 4140 fori-

508 4186 612 4243 bus
655 4187 887 4249 instare,
917 4185 1054 4243 satis
1102 4190 1224 4239 erat
1256 4181 1588 4239 ostendisse.
1642 4179 1740 4235 Est
1773 4179 1918 4234 enini
1952 4192 2101 4232 con-v

506 4277 758 4334 cionatus
788 4278 843 4332 in
879 4274 1140 4331 Iordanis
1169 4278 1397 4339 deserto,
1430 4272 1497 4328 de
1522 4285 1633 4341 quo
1663 4285 1809 4325 nunc
1839 4269 2077 4341 prophe-

509 4371 609 4435 tia,
637 4385 746 4424 non
762 4367 1146 4439 Jerosolymis,
1177 4374 1232 4420 et
1261 4366 1399 4431 inea
1425 4365 1543 4434 ipsa
1570 4361 1854 4418 solitudine
1874 4360 2077 4417 Christi

504 4458 782 4523 salutare,
837 4457 1197 4526 ejusdemque
1258 4453 1434 4523 gloria
1488 4451 1730 4506 omnibus
1799 4450 2081 4519 apparuit;

2278 3441 2431 3495 Ἐπεὶ
2456 3440 2552 3495 οῦν
2588 3439 2763 3493 ταῦτα
2788 3437 3135 3509 προσεδόκων
3168 3439 3219 3491 oi
3267 3438 3378 3492 τῶν
3423 3441 3783 3513 προφητικῶν

2192 3531 2593 3603 ἐπιγνώμονες,
2643 3532 2753 3593 τοῖς
2802 3531 3031 3601 ἥκουσιν
3070 3527 3176 3581 ὑπὸ
3206 3528 3315 3583 τὼν
3348 3529 3661 3602 ἀρχιερέων
3694 3533 3781 3585 καὶ

2192 3624 2547 3690 διδασκάλων,
2578 3621 2851 3693 ἐρωτῶσίν
2865 3638 2924 3674 τε
2945 3620 3035 3674 τὸν
3051 3620 3329 3692 ’1ὠαννην,
3352 3622 3675 3693 είΧριστδς,
3700 3624 3732 3693 ή
3754 3624 3781 3674 ὁ

2198 3717 2406 3778 Ἠλίας,
2428 3714 2461 3784 ἢ
2480 3715 2508 3767 ό
2524 3714 2807 3784 προφήτης
2823 3712 2992 3774 ἐστὶν,
3010 3712 3321 3780 ἁποφάσκει
3334 3713 3436 3783 μὲν
3451 3712 3716 3777 ταῦτ-απὸ
3727 3713 3778 3766 δὲ

2198 3806 2369 3877 φωνὴ
2383 3803 2656 3871 ,ϐοῶντος
2685 3799 2838 3857 εἶναι
2864 3801 3279 3875 διῖσχυρίζεται.
3317 3804 3333 3823 ⁹
3361 3804 3435 3868 Ως
3464 3804 3574 3876 γὰρ
3618 3804 3777 3858 εἰδόσι

2195 3899 2296 3969 τὴν
2344 3896 2682 3969 προφητείαν
2747 3894 2993 3966 ἠρκέσθη
3055 3893 3311 3949 τοσοῦτον
3342 3894 3780 3966 είπὼν,ἕρτυιὸν

2195 4006 2255 4044 τε
2283 3989 2499 4055 δεικνὺς
2547 3987 2645 4060 τὴν
2669 3981 2786 4061 ἐνῇ
2834 3986 3015 4055 διῆγε,
3048 3987 3144 4040 καὶ
3184 3984 3247 4038 τὺ
3281 3987 3374 4039 ἐπὶ
3405 3986 3602 4059 θύραις
3653 3985 3778 4042 εἶναι

2191 4080 2259 4134 τὸ
2276 4078 2574 4149 σωτήριον
2588 4077 2695 4133 τοῦ
2719 4076 2866 4131 Θεοῦ
2878 4077 2937 4129 τὸ
2959 4077 3107 4148 πάσῃ
3131 4076 3295 4147 σαρκὶ
3312 4068 3777 4149 γνωσθησόμενον.

2203 4171 2334 4242 Ἐκή
2344 4187 2504 4242 ρυσσε
2526 4169 2634 4239 γὰρ
2663 4171 2721 4223 ἐν
2749 4185 2781 4221 τ
2788 4167 2824 4236 ᾗ
2846 4168 3045 4238 ἐρήμῳ
3077 4166 3173 4222 τοῦ
3206 4168 3495 4238 ἰθρδάνουν
3516 4170 3648 4240 περὶ
3670 4165 3776 4240 ﬁ”

2184 4263 2491 4334 προφητεία
2555 4262 2740 4332 φησιν,
2788 4260 2902 4313 ἀλλ’
2955 4261 3058 4314 οὐκ
3147 4262 3206 4313 ἐν
3243 4259 3632 4331 Ἰερουσαλήμ..
3695 4262 3777 4314 Ἕν

2184 4348 2327 4427 ⁴ᾗπερ
2342 4352 2536 4422 ἐρήμῳ
2553 4351 2620 4404 τὸ
2647 4348 2939 4417 σωτήριον
2949 4347 3102 4419 ὤφθη
3125 4347 3375 4420 Χριστὸς,
3387 4349 3481 4419 ἥτε
3506 4349 3660 4414 δόξα
3686 4350 3774 4404 αὖ·

2185 4440 2809 4518 τοῦιπᾶσινέγνώσθη,
2843 4440 2952 4493 τῶν
2982 4443 3079 4511 μὲν
3122 4440 3369 4526 οὐρανῷν
3393 4441 3770 4512 ἀνοιγομένων.

3657 300 3895 365 ἓ332ι

506 4564 631 4603 cum
667 4559 722 4603 et
773 4548 841 4602 ad
892 4548 1013 4615 ejus
1043 4545 1373 4614 baptismum
1404 4545 1560 4599 caelis
1591 4544 1799 4614 apertis
1830 4544 1886 4598 in
1931 4560 2088 4599 eum-

2198 4532 2624 4606 βαπτιζομένου,
2681 4530 2776 4585 τοῦ
2827 4530 2885 4584 δὲ
2963 4529 3110 4583 θείου
3187 4528 3505 4598 Πνεῦματος
3541 4533 3599 4583 ἐν
3655 4531 3770 4584 εῖδει

507 4638 631 4693 dem
663 4653 723 4693 se
741 4636 977 4706 Spiritus
1001 4634 1270 4690 columba:
1301 4635 1485 4705 specie
1511 4633 1749 4698 demisit,
1782 4645 1836 4689 et
1860 4624 1899 4688 a
1917 4632 2080 4689 Patre

2193 4628 2512 4700 περιστερᾶς
2536 4627 2620 4678 ἐπ’
2652 4624 2814 4677 αὐτὴν
2840 4623 3295 4693 καταντήσαντος,
3321 4620 3416 4674 τοῦ
3447 4622 3503 4675 δέ
3541 4622 3771 4692 Πατέρος

505 4727 742 4784 dilectus
780 4727 1042 4798 appellari
1076 4724 1250 4781 Filius
1291 4726 1513 4781 auditus
1544 4734 1632 4781 est
1659 4726 1726 4779 ³⁵.
1762 4725 1888 4781 Haec
1933 4727 2081 4780 enim

2193 4720 2460 4790 φήσαντος
2476 4716 2639 4769 αὑτὸν
2675 4715 2801 4767 Υίδν
2829 4715 3098 4785 ὑπάρχειν
3129 4713 3434 4784 ἀγαπητόν.
3463 4713 3652 4767 Ταῦτα
3676 4715 3769 4781 γὰρ

506 4820 664 4890 signa
706 4818 893 4891 gloria:
942 4819 1202 4873 salutaris
1248 4818 1303 4873 in
1336 4816 1596 4874 Iordanis
1627 4815 1915 4871 solitudine
1961 4814 2088 4872 data

2197 4808 2306 4877 τῆς
2335 4808 2631 4876 σωτηρίου
2659 4806 2846 4873 δόξης
2862 4807 3061 4875 σημεῖα
3092 4804 3149 4857 ἐν
3163 4803 3359 4874 ἐρήμῳ
3383 4802 3479 4856 τοῦ
3516 4805 3770 4873 Ἰορδάνου

508 4925 635 4967 esse
662 4919 901 4967 constat.
934 4911 1113 4982 Atque
1147 4910 1276 4966 inde
1304 4917 1411 4978 est,
1457 4909 1603 4980 quod
1651 4908 1898 4964 eamdem
1930 4917 2088 4963 antea

2201 4905 2488 4973 γενόμενα.
2518 4901 2608 4954 Διὸ
2663 4899 2874 4969 φθάσας
2902 4898 3105 4969 ταύτην
3157 4896 3544 4967 εὐηγγελίζετο
3571 4897 3766 4963 λέγων·

510 5003 566 5057 in
605 5003 751 5059 hunc
798 5003 1017 5060 modum
1046 5003 1317 5058 allocutus
1351 5011 1435 5057 est
1468 5017 1483 5056 :
1526 5020 1545 5053 ι
1588 4999 1817 5066 Laetare,
1864 4999 2081 5055 deserta

2198 5015 2215 5047 ι
2255 4991 2620 5064 Εὐφράνθητι,
2642 4989 2845 5061 ἕρημος
2880 4988 3167 5060 ήδιψῶσα,
3200 4985 3548 5055 ἀγαλλιάσθω
3579 4986 3770 5055 ἔρημος

510 5096 740 5163 sitiens;
773 5098 1010 5152 exsultet
1055 5096 1330 5161 solitudo,
1362 5102 1416 5149 et
1446 5092 1637 5149 ﬂoreat
1680 5093 1840 5163 quasi
1885 5092 2081 5146 lilium.

2201 5086 2299 5140 καὶ⁸
2322 5083 2555 5138 ἀνθείτω
2588 5082 2665 5145 ὡς
2723 5080 2929 5151 κρίνον.
2959 5080 3070 5133 Καὶ
3091 5077 3378 5147 ἐξανθήσει
3404 5076 3500 5129 καὶ
3522 5075 3769 5163 ἀγαλλια-

510 5162 841 5250 Florebunt,
882 5191 937 5239 et
980 5183 1338 5239 exsultabunt
1389 5181 1613 5236 deserta
1658 5162 1916 5236 Iordanis
1948 5180 2016 5233 ⁸⁸.
2063 5198 2081 5231 ι

2205 5193 2364 5230 σεται
2386 5177 2454 5227 τὰ
2484 5174 2667 5244 ἔρημα
2690 5171 2785 5224 τοῦ
2828 5170 3119 5242 Ἰορδάνου.
3151 5188 3170 5220 s
3214 5166 3554 5237 Ἐπληροῦτο
3581 5162 3768 5219 δὲκαθ’

511 5273 590 5326 lta
617 5289 748 5330 vero
776 5274 822 5329 si
854 5273 921 5329 ad
952 5273 1239 5330 historiam
1274 5271 1550 5335 intendas,
1583 5284 1694 5325 rem
1718 5283 1843 5325 esse
1876 5276 2085 5339 gestam

2198 5265 2439 5335 ίστορὶαν
2476 5264 2575 5335 μὲν
2605 5262 2799 5324 οὕτως·
2828 5261 2969 5315 κατὰ
2997 5260 3054 5314 δέ
3087 5259 3328 5313 διάνοιαν
3353 5258 3447 5310 ἐπὶ
3468 5257 3569 5326 τῆς
3599 5254 3660 5319 ἐξ
3686 5253 3764 5305 ἐθ·

514 5365 780 5441 invenias.
806 5364 961 5432 Quod
993 5366 1037 5420 si
1066 5364 1134 5419 ad
1162 5363 1331 5435 ωε
1355 5378 1609 5417 arcanam
1667 5361 2082 5430 intelligentiam

2193 5361 2298 5417 νῶν
2336 5357 2662 5428 Ἐκκλησίας
2720 5352 3072 5441 νοούμενα,ῆ
3128 5367 3210 5413 τις
3266 5348 3532 5441 πρότερον
3572 5346 3764 5441 Emito;

516 5438 754 5521 I‘ev'occs,
812 5457 879 5512 de
935 5434 1375 5512 Ecclesiairecte
1428 5453 1722 5523 intelligas,
1776 5468 1897 5523 quae
1973 5451 2081 5507 Deo

2194 5450 2404 5521 ὑπῆρχε
2431 5446 2586 5512 Θεοῦ,
2620 5449 2676 5498 ἐν
2796 5443 2956 5513 μέχρι
3003 5442 3094 5495 καὶ
3138 5441 3375 5511 τήμερον
3406 5439 3437 5508 ἡ
3474 5436 3614 5507 αὕτη
3656 5434 3766 5500 ,ϐοᾷ

613 5671 656 5705 ³⁸
689 5673 848 5728 Joan.
886 5690 922 5742 ι,
960 5676 1134 5731 1925.
1212 5678 1252 5711 ³⁸
1292 5677 1479 5732 Matth.
1517 5693 1597 5746 ιιι,
1636 5678 1820 5732 1347.
1899 5678 1943 5707 ’⁸
1986 5676 2087 5732 lsa.

2202 5692 2290 5743 xv,
2334 5675 2381 5743 l,
2408 5676 2462 5731 2.
