4010 6302
237 279 391 342 2333

1387 281 1922 348 COMMENTARII
1961 289 2046 352 IN
2087 290 2372 355 ISAIAM.

3399 287 3539 354 233i

232 391 437 462 φωνὴ,
476 388 574 443 καὶ
601 388 679 455 τῷ
709 400 732 428 ο
757 389 1058 458 σωτήριον
1084 387 1180 443 τοῦ
1206 388 1340 443 Θεοῦ
1367 394 1482 456 τοῖς
1516 391 1835 462 προσιοῦσιν

1961 397 2164 466 Iuidem
2221 407 2358 456 ante
2398 397 2687 467 destituta,
2742 405 2798 455 et
2845 399 2913 454 ad
2971 398 3300 457 hodiernum
3363 412 3538 466 usque

231 479 680 552 εὐαγγελίζεται,
745 481 880 552 πρὸς
935 481 1033 553 τὴν
1091 482 1356 554 ὑποδοχὴν
1401 484 1497 536 τοῦ
1558 483 1694 538 Θεοῦ
1740 485 1830 538 λό-

231 591 342 642 γου
366 569 871 643 παρασκευάζουσα
906 572 1003 636 τὰς
1033 571 1214 625 αὐτῶν
1237 572 1424 634 ἀκοάς.
1453 573 1597 644 Πρὸς
1639 573 1699 626 δν
1737 573 1835 629 ἁν-

233 663 632 718 τιδιαστέλλων
658 663 753 716 τὸν
793 661 1045 732 Ἰώαννην
1071 662 1284 732 φωνὴν
1305 665 1332 717 ὁ
1363 662 1522 732 λόγος
1548 663 1726 719 καλεῖ.

329 937 479 991 Ἀντὶ
496 936 552 989 δὲ
570 933 946 1000 τοῦ,Ε’ὐθείας
970 934 1190 988 ποιεῖτε
1217 935 1322 998 τὰς
1351 935 1588 1002 τρίϐους
1605 934 1828 1000 αὐτοῦ,

241 1027 550 1098 Σύμμαχος
585 1027 811 1096 ἔφησεν,
864 1027 1224 1096 Ὀμαλίσατε
1257 1027 1327 1079 ἐν
1355 1025 1550 1089 ἀϐάτῳ
1582 1026 1727 1079 ὀδόν
1759 1025 1841 1092 τῷ

245 1119 380 1186 Θεῷ
410 1119 598 1190 ἡμῶν.
647 1118 734 1183 Ὠς
768 1118 835 1173 ἂν
868 1119 964 1172 τοῦ
1015 1118 1152 1171 Θεοῦ
1203 1119 1486 1190 μέλλοντος
1516 1117 1838 1182 ἐπιϐαίνειν,

241 1207 320 1284 ἦς
355 1213 457 1265 οὐκ
492 1212 662 1283 ἐπέϐη
689 1212 750 1264 τὸ
781 1215 1046 1282 πρότερον
1095 1214 1195 1264 οὐκ
1228 1211 1411 1274 αὐτὸς,
1440 1211 1501 1264 ού
1531 1195 1841 1284 προφήτης,

239 1304 315 1356 ού
351 1303 578 1368 δίκαιος,
616 1302 820 1374 δηλαδὴ
851 1305 950 1374 τῆς
973 1303 1034 1368 ἐξ
1062 1303 1230 1356 ἐθνῶν
1247 1304 1591 1372 Ἑκκλησίας.
1628 1306 1739 1359 Καὶ
1758 1304 1849 1371 τῷ

246 1394 382 1460 Θεῷ
407 1396 469 1448 τὸ
533 1394 704 1463 ἡμῶν
757 1395 1120 1467 προσέθηκεν,
1143 1395 1220 1459 ὡς
1253 1395 1389 1466 πρὸς
1419 1395 1644 1466 ἑτέρους
1673 1395 1848 1464 φθεγ-
1883 1466 1898 1479 κ

244 1489 511 1558 γόμενος.
545 1484 728 1541 Ἦσαν
759 1489 868 1560 γὰρ
909 1488 1096 1559 μύριοι
1137 1488 1232 1542 καὶ
1269 1488 1328 1555 ἐξ
1379 1487 1726 1558 ἀλλοφύλὶων
1759 1489 1851 1540 ὲθ-

247 1579 366 1634 νῶν
395 1583 444 1634 οἱ
478 1581 558 1652 τῷ
597 1579 846 1636 Ίώαννου
886 1581 1283 1652 προσελθόντες
1315 1579 1686 1652 βαπτίσματι.
1741 1580 1853 1633 Καὶ

247 1674 316 1725 ἐν
360 1672 659 1744 Ἐκκλησία
695 1672 752 1724 δὲ
773 1671 948 1726 ταῦτα
979 1674 1115 1726 πᾶσι
1144 1675 1550 1743 προσφωνείται
1572 1674 1685 1736 τοῖς
1709 1670 1853 1725 ἔθνε-

251 1783 368 1822 σιν.
406 1762 538 1819 Εἶτα
567 1765 722 1833 δηλοῖ
744 1767 844 1830 τὰς
883 1765 981 1836 μὲν
1016 1765 1533 1833 τεταπεινωμένος
1560 1764 1640 1833 τῷ
1693 1763 1848 1834 βάθει

249 1858 360 1928 τῆς
396 1857 598 1921 κακίας
653 1857 919 1928 ύψοῦσθαι
946 1856 1146 1926 ψυχάς.
1185 1853 1743 1923 Ταπεινωθήσεσθαι
1791 1853 1849 1906 δὲ

248 1948 359 2012 τὰς
384 1949 709 2019 ὲπηρμένας
741 1947 885 2002 κατὰ
918 1948 1021 2015 τῆς
1063 1945 1320 2017 γνώσεως
1371 1945 1465 1998 τοῦ
1526 1945 1687 2000 Θεοῦ.
1740 1945 1850 1998 Καὶ

255 2043 458 2097 σκολιὰ
479 2043 538 2097 δὲ
570 2045 666 2098 καὶ
694 2045 927 2115 τραχεῖα
948 2042 1116 2114 ψυχὴ,
1135 2042 1316 2112 ὁμαλή
1340 2059 1398 2094 τε
1423 2041 1518 2094 καὶ
1535 2040 1734 2096 εὐθεῖα
1755 2040 1852 2109 γέ-

256 2135 494 2205 νήσεται
523 2151 538 2167 ’
569 2135 645 2198 ὡς
703 2135 768 2189 ἂν
815 2135 982 2206 δεκτὴ
1011 2135 1226 2203 γένοιτο
1264 2134 1366 2200 τῆς
1406 2132 1720 2195 ὲπιὸάσεως
1757 2131 1852 2184 τοῦ

252 2225 424 2300 Θεοῦ.
465 2226 816 2295 Ὀφθήσεται
845 2227 977 2298 γὰρ,
1011 2226 1198 2296 φησιν,
1234 2227 1270 2293 ἡ
1296 2224 1446 2289 δόξα
1473 2224 1716 2292 Κυρίου.
1742 2221 1853 2274 Καί

253 2335 370 2370 τινι
391 2317 586 2386 λέγων,
623 2318 844 2386 ὲπάγειυ
873 2316 984 2371 Καὶ
1017 2317 1225 2385 ὄψεται
1245 2312 1414 2372 πᾶσα
1442 2315 1599 2383 σὰρξ
1631 2313 1694 2368 τὸ
1735 2328 1854 2368 σω-

255 2410 479 2479 τήριον
521 2411 628 2466 τοῦ
660 2411 832 2476 Θεοῦ,
871 2410 999 2474 τοὺς
1030 2408 1328 2480 σαρκικοὺς
1357 2401 1530 2476 λέγων
1565 2408 1666 2461 οὐκ
1695 2409 1858 2476 ἐσχη-

259 2503 432 2565 κότας
461 2502 690 2573 Πνεῦμα
732 2501 890 2556 Θεοῦ.
920 2501 1078 2554 Κατὰ
1132 2501 1214 2567 τὸ,
1245 2520 1264 2552 ι
1322 2501 1397 2554 Οὐ
1441 2500 1516 2570 μὴ
1551 2498 1858 2570 καταμείνῃ

266 2593 335 2646 τὸ
385 2593 611 2665 Πνεῦμα
649 2611 750 2664 μου
779 2595 838 2646 ὲν
887 2595 997 2657 τοῖς
1033 2591 1338 2663 ἀνθρώποις
1373 2590 1603 2653 τούτοις,
1657 2589 1746 2642 διὰ
1798 2589 1859 2644 τὸ

262 2679 414 2738 εἶναι
442 2683 639 2746 αὐτοὺς
679 2683 908 2755 σάρκας,
949 2703 967 2736 ο
1001 2681 1095 2746 οὒς
1125 2682 1190 2752 δὴ
1222 2680 1242 2719 ί
1278 2680 1344 2734 τὸ
1374 2680 1674 2749 σωτήριον
1711 2679 1860 2748 ὅψε-

264 2770 414 2833 σθὰι
442 2777 548 2831 τοῦ
587 2777 757 2831 Θεοῦ.
791 2776 950 2830 Ἀλλὰ
999 2777 1094 2829 καὶ
1135 2774 1364 2845 Πνεῦμα
1397 2772 1531 2826 Θεοῦ
1574 2773 1862 2844 προφήτης

263 2869 460 2938 ἕτερος
515 2866 771 2936 ὄψεσθαι
833 2867 1065 2940 τούτους
1115 2868 1303 2937 φησὶν,
1346 2884 1365 2916 ι
1407 2865 1634 2934 Ἐκχεῶ,
1663 2865 1860 2933 λέγων,

243 2957 386 3014 ’ἀπὸ
413 2960 507 3012 τοῦ
541 2959 854 3028 Πνεῦματός
907 2976 1016 3030 μου
1069 2959 1164 3011 ἐπὶ
1189 2959 1377 3011 πᾶσαν
1425 2957 1624 3027 σάρκα.
1661 2978 1676 3004 ι
1713 2955 1862 3009 Ἔδει

269 3052 387 3124 γὰρ
414 3052 544 3116 τοὺς
568 3053 635 3106 τὸ
663 3050 965 3120 σωτήριον
1006 3051 1344 3121 ἐγνωκότας
1391 3049 1497 3104 τοῦ
1551 3048 1698 3103 Θεοῦ
1748 3049 1844 3102 καὶ

1936 487 2080 543 diem
2114 490 2434 545 clamantem
2462 492 2516 544 in
2550 507 2609 546 se
2651 507 2826 545 uocem
2871 499 3054 556 nacta,
3087 489 3253 544 etiam
3293 487 3539 541 salutare

1938 581 2034 638 Dei
2077 583 2227 637 illam
2262 583 2702 654 ingred'cntibus
2730 581 3024 637 annuntiat
3049 620 3065 646 ,
3095 582 3288 651 eisque
3337 580 3405 633 ad
3440 578 3534 634 Dei

1937 676 2168 730 verbum
2225 675 2556 730 audiendum
2609 690 2772 730 aures
2827 682 3132 745 praeparat;
3193 689 3222 725 a
3271 687 3404 742 quo,
3469 682 3529 726 ut

1939 763 2210 818 Joannem
2275 764 2680 835 distingueret,
2748 779 2922 818 vocem
2991 761 3261 833 propheta
3324 777 3538 816 uuncu-

1941 855 2117 926 pavit.
2994 903 3012 914 κ

2016 943 2217 1000 Verum
2239 945 2522 1000 enimvero
2549 945 2716 1016 quod,
2744 943 2936 1001 Rectus
2966 945 3126 1014 facite
3149 947 3368 1000 semitas
3389 945 3530 1015 ejus,

1943 1034 2034 1089 hic
2085 1035 2370 1099 habemus,
2416 1034 2720 1104 Explanate
2776 1037 2830 1088 in
2892 1037 3030 1089 invio
3067 1037 3167 1090 iter
3199 1035 3308 1089 Deo
3332 1045 3536 1101 nostra,

1945 1127 2085 1182 dixit
2113 1127 2510 1198 Symmachus;
2544 1143 2609 1183 ac
2636 1129 2683 1183 si
2716 1127 2853 1182 illud
2896 1128 3033 1197 jam,
3069 1127 3218 1198 quod
3251 1143 3534 1197 nunquam

1946 1220 2030 1274 vel
2071 1217 2187 1287 ipse
2223 1217 2491 1272 Dominus
2521 1227 2704 1284 antea,
2762 1219 2848 1272 vel
2895 1219 3180 1288 prepheta,
3233 1218 3317 1272 vel
3353 1217 3540 1286 justus

1957 1311 2256 1380 quisquam
2317 1309 2704 1364 ambulasscnt
2751 1308 3102 1379 (Ecclesiam
3153 1310 3396 1379 gentium
3456 1309 3540 1362 in-

1951 1406 2173 1472 nuens),
2198 1403 2302 1456 iter
2329 1410 2477 1458 esset
2497 1402 2830 1456 calcaturus.
2857 1400 3084 1464 Deinde,
3110 1400 3177 1454 ad
3202 1400 3300 1454 Dei
3316 1413 3537 1465 «vocem,

1955 1500 2126 1554 nostri
2166 1499 2406 1569 adjecit,
2439 1507 2499 1554 ut
2543 1498 2609 1553 ad
2639 1497 2780 1552 alios
2819 1495 3042 1549 locutus
3075 1507 3200 1548 esse
3241 1490 3537 1545 videretur.

1957 1583 2127 1644 Erant
2154 1591 2300 1645 enim
2358 1589 2557 1644 inﬁniti
2595 1590 2662 1644 de
2707 1587 2951 1658 gentium
2987 1585 3150 1640 etiam
3185 1589 3540 1637 externarum

1958 1695 2210 1746 numero,
2259 1680 2351 1750 qui
2389 1679 2458 1732 ad
2491 1677 2724 1733 Joannis
2771 1676 3044 1746 baptisma
3077 1678 3446 1727 accesserant.
3482 1665 3542 1721 In

1953 1767 2199 1823 Ecclesia
2249 1779 2514 1838 praeterea
2562 1775 2617 1823 et
2660 1768 2766 1822 ista
2817 1766 3077 1837 gentibus
3107 1761 3365 1815 omnibus
3394 1759 3542 1812 clara

1949 1875 2083 1936 voce
2116 1869 2518 1930 proponuntur.
2554 1859 2787 1914 Animas
2838 1857 3057 1921 deinde,
3113 1867 3235 1922 qua}
3284 1849 3544 1921 gravibus

1952 1952 2114 2007 malis
2168 1952 2377 2006 atllictaa
2421 1950 2820 2019 Itumiliatazqus
2907 1953 3058 2009 sunt,
3112 1941 3417 1996 exaltatum
3471 1937 3543 1992 iri

1954 2044 2262 2115 signiﬁcat;
2311 2043 2590 2112 depressas
2650 2048 2831 2096 autem
2867 2053 2990 2108 qua:
3045 2051 3104 2091 se
3151 2034 3417 2088 adversus
3448 2028 3545 2085 Dei

1954 2136 2240 2190 scientiam
2298 2141 2616 2190 erexerunt.
2659 2133 2856 2186 Anima
2911 2142 3159 2192 rursum,
3189 2140 3314 2196 quae
3374 2136 3540 2192 prava

1955 2235 2154 2281 eratet
2207 2241 2425 2296 aspera,
2457 2225 2618 2296 plana
2649 2223 2740 2278 [iet
2777 2232 2942 2290 atque
2976 2227 3153 2282 recta,
3209 2223 3272 2269 ut
3320 2229 3382 2269 se
3429 2212 3550 2264 cal-

1956 2312 2171 2373 caiitem
2206 2317 2375 2372 Deum
2407 2317 2664 2386 excipiat.
2706 2313 2982 2370 Videbitur
3011 2310 3182 2374 enim,
3236 2308 3336 2371 ait,
3376 2303 3546 2375 gloria

1957 2411 2198 2466 Domini.
2233 2410 2332 2466 Cui
2364 2410 2566 2465 deinde
2597 2408 2788 2478 adjicit
2817 2425 2831 2462 :
2876 2405 2942 2459 Et
2981 2402 3174 2458 ridebit
3215 2399 3387 2455 omnis
3421 2396 3547 2449 caro

1959 2502 2202 2556 salutare
2236 2500 2372 2564 Dei;
2413 2516 2510 2556 eos
2541 2499 2729 2554 carnis
2760 2495 3004 2560 nomine,
3037 2493 3130 2562 qui
3152 2489 3418 2559 Spiritum
3454 2482 3548 2536 Dei

1960 2609 2069 2649 non
2127 2593 2354 2657 habent,
2392 2591 2654 2653 innuens.
2683 2590 2840 2658 iuxta
2883 2585 3020 2641 illud
3054 2603 3068 2639 :
3119 2600 3138 2634 ι
3174 2582 3290 2636 Νοη
3330 2591 3548 2649 perma-

1961 2684 2115 2739 nebit
2166 2682 2406 2752 Spiritus
2475 2697 2631 2736 meus
2691 2680 2746 2734 in
2810 2678 2944 2732 viris
3003 2674 3158 2738 istis,
3227 2672 3354 2742 quia
3421 2682 3551 2723 caro

1965 2787 2096 2832 sunt
2124 2776 2203 2840 ³⁷;
2243 2795 2262 2827 ι
2298 2791 2437 2847 quos
2475 2773 2570 2828 Dei
2602 2771 2842 2828 salutare
2873 2771 3077 2824 visuros
3117 2781 3228 2820 esse
3250 2761 3549 2840 .signiﬁeat.

1964 2869 2112 2937 Quin
2144 2879 2198 2925 et
2232 2869 2328 2924 Dei
2360 2868 2630 2938 Spiritum
2665 2863 2928 2935 propheta
2977 2861 3119 2914 alius
3156 2858 3374 2912 visuros
3415 2853 3552 2906 istos

1964 2959 2230 3024 ostendit,
2256 2958 2346 3013 ubi
2373 2958 2449 3011 ait
2483 2973 2496 3010 :
2528 2977 2546 3007 ‹
2581 2953 2868 3009 Eﬂundam
2902 2951 2970 3006 de
2996 2949 3204 3020 Spiritu
3237 2960 3358 3000 meo
3389 2957 3555 3012 super

1891 3077 1936 3138 ρ
1967 3068 2185 3106 omnem
2241 3066 2463 3106 carnem
2497 3049 2563 3103 ⁸”.
2605 3067 2623 3100 ι
2661 3047 2770 3102 Eos
2823 3045 2972 3101 enim
3039 3041 3130 3096 Dei
3169 3038 3404 3138 Spiritu,
3460 3036 3554 3136 qui

273 3141 607 3213 Πνεύματος
657 3143 907 3212 μεθέξειν
957 3141 1117 3195 Θεοῦ.
1150 3142 1259 3195 Καὶ
1310 3139 1568 3210 τοιαύτην
1605 3140 1856 3208 ἐπήγαγε

1965 3145 2207 3198 salutare
2257 3142 2356 3196 Dei
2407 3141 2575 3196 visuri
2615 3147 2808 3203 essent,
2842 3136 3140 3207 participes
3190 3129 3304 3186 ﬁeri
3349 3127 3553 3182 decuit.

270 3230 387 3286 τοῦ
413 3232 565 3286 λαοῦ
589 3232 704 3301 τὴν
717 3233 1124 3302 παράκλησιν,
1155 3232 1248 3285 τοῦ
1279 3232 1399 3284 νέου
1431 3229 1592 3301 φημί.
1621 3229 1727 3282 Τοῦ
1749 3229 1858 3300 γὰρ

273 3321 514 3375 παλαιοῦ
529 3321 626 3394 τὴν
646 3323 931 3376 ἀπείθειαν
952 3321 1130 3386 εἰδὼς,
1157 3323 1399 3392 δευτέρῳ
1427 3321 1626 3392 χρῆται
1643 3338 1712 3391 κη
1723 3319 1856 3392 ρύγ-

278 3429 438 3482 ματι·
470 3413 642 3470 Πᾶσα
671 3414 829 3483 σὰρξ
851 3415 1087 3484 χόρτος.
1113 3413 1343 3482 Σαρκὸς
1369 3415 1477 3484 γὰρ
1499 3411 1638 3482 αῦτη
1675 3407 1858 3481 φύσις,

276 3505 381 3559 καὶ
405 3505 500 3582 τοῦ
522 3506 624 3577 τὴν
653 3506 836 3560 είκόνα
891 3506 1180 3577 φοροῦντος
1214 3506 1309 3558 τοῦ
1362 3505 1572 3575 χοϊκοῦ.
1625 3505 1706 3558 Τὰ
1753 3506 1864 3576 γὰρ

275 3601 380 3654 ἐπὶ
429 3598 530 3668 γῆς
578 3598 716 3668 πρὸς
761 3597 934 3668 βραχὺ
990 3597 1150 3666 μόνον
1187 3595 1454 3650 ἀνθοῦντα
1520 3594 1862 3666 μαραίνεται.

279 3690 566 3760 Δεξάμενη
589 3700 612 3734 π
643 3690 699 3742 δὲ
725 3690 790 3743 τὸ
824 3688 1121 3756 σωτήριον
1146 3687 1249 3742 τοῦ
1281 3687 1454 3752 Θεοῦ,
1481 3688 1576 3740 καὶ
1596 3688 1657 3741 τὸ
1691 3688 1867 3742 Πνεῦ-

283 3794 370 3847 μα
393 3777 584 3846 σχήσει
615 3777 792 3843 ἆγιον,
815 3777 844 3828 ὅ
871 3793 929 3829 τε
985 3776 1082 3846 οὐχ
1116 3777 1195 3840 ὡς
1252 3776 1466 3845 χόρτος
1524 3777 1868 3846 ξηραίνεται

280 3867 595 3936 ἄνθρωπος,
629 3868 751 3920 οὐδὲ
774 3871 1022 3921 πεσεῖται
1051 3867 1145 3920 τοῦ
1178 3866 1397 3932 ἄνθους,
1443 3872 1595 3938 μενεῖ
1616 3868 1674 3922 δὲ
1703 3886 1868 3921 πνευ-

286 3959 548 4030 ματικὸς,
574 3959 678 4013 ἀνα
693 3959 1050 4030 καινούμενος
1107 3961 1188 4025 είς
1216 3960 1509 4029 ἐπίγνωσιν
1535 3960 1656 4014 κατ’
1687 3960 1873 4015 εἰκόνα

281 4049 388 4104 τοῦ
414 4051 696 4114 κτίσαντος
725 4051 908 4106 αὐτόν.

367 4335 526 4389 Κατᾶ
559 4334 688 4390 δὲτὸ
725 4333 1016 4406 Ἐσραῖκδν
1047 4335 1266 4404 χόρτον
1295 4334 1452 4390 καλεῖ
1474 4335 1566 4390 τὸν
1608 4337 1877 4393 Ἰουδαίων

1968 3233 2158 3290 Talem
2217 3235 2388 3303 igitur
2441 3232 2623 3301 populi
2682 3229 2940 3301 (recentis
3000 3221 3245 3296 inquam)
3309 3217 3557 3275 consola-

1971 3326 2168 3380 tionem
2219 3325 2424 3381 attulit.
2478 3323 2615 3378 Cum
2669 3322 2817 3377 enim
2869 3317 3070 3374 veteris
3119 3310 3557 3368 incredulitatem

1969 3432 2082 3470 non
2113 3416 2414 3486 ignoraret,
2452 3414 2632 3470 eidem
2681 3420 2736 3468 et
2781 3410 2954 3464 altera
2998 3406 3188 3471 etiam,
3217 3403 3388 3457 omnis
3433 3413 3562 3454 caro

1959 3508 2153 3578 fenum
2183 3507 2474 3577 adjiciens,
2513 3505 2826 3560 annuntiat.
2851 3501 3003 3557 Talis
3031 3498 3178 3554 enim
3212 3503 3407 3550 natura
3441 3506 3558 3544 car-

1974 3601 2059 3654 nis
2089 3605 2194 3664 est,
2250 3607 2304 3653 et
2330 3598 2474 3667 ejus,
2527 3595 2674 3667 quod
2707 3603 2980 3649 terrenam
3025 3589 3191 3644 refert
3241 3583 3558 3654 imaginem.

1976 3691 2283 3762 Siquidem,
2337 3705 2459 3760 quae
2512 3689 2568 3742 in
2624 3696 2771 3741 terra
2811 3691 2962 3748 sunt,
2993 3695 3120 3736 cum
3177 3675 3328 3732 brevi
3385 3671 3561 3728 solum

1976 3793 2255 3840 momento
2275 3784 2606 3845 ﬂoruerunt,
2626 3778 2894 3833 citissime
2925 3777 3204 3828 arescunt.
3231 3768 3363 3834 Qua:
3380 3773 3561 3820 autem

1977 3876 2216 3930 salutare
2251 3874 2420 3946 439
2451 3873 2548 3927 Dei
2587 3868 2939 3931 admiserint,
2978 3875 3032 3920 et
3087 3869 3340 3918 sanctum
3398 3859 3564 3912 etiam

1981 3967 2247 4036 Spiritum
2281 3966 2571 4036 accipient.
2607 3961 2720 4016 lino
2752 3975 2822 4016 ne
2856 3961 3021 4013 homo
3055 3953 3278 4025 quidem
3314 3962 3566 4019 tanquam

1981 4058 2159 4127 fenum
2203 4066 2427 4119 arescet,
2463 4069 2564 4109 nec
2606 4053 2708 4108 ﬂos
2759 4051 2880 4120 ejus
2939 4045 3192 4111 decidet;
3227 4043 3322 4100 sed
3359 4041 3567 4111 Spiritu

1983 4156 2299 4212 renovatus,
2332 4147 2399 4201 ad
2431 4147 2551 4216 ejus
2582 4143 2940 4213 agnitionem,
2974 4140 3042 4195 ad
3095 4139 3255 4208 cujus
3291 4132 3569 4202 exemplar

1983 4244 2194 4300 ellictus
2221 4250 2326 4308 est,
2359 4241 2730 4296 renovabitur.

2058 4336 2214 4403 Quod
2255 4337 2300 4390 si
2335 4336 2399 4389 ad
2438 4333 2710 4388 Ilehraica
2749 4328 3024 4392 attendas,
3057 4324 3164 4393 feni
3219 4318 3439 4375 nomine
3475 4313 3571 4368 Ju-

284 4424 445 4479 λαόν.
481 4423 542 4478 '0
576 4425 686 4496 γὰρ
703 4425 999 4494 Σύμμαχος
1026 4425 1120 4477 καὶ⁵
1136 4423 1429 4478 Θεοδοτίων
1477 4425 1542 4480 ὲκ
1562 4428 1856 4502 προσθήκη.

1961 4431 2234 4486 καιροί-ιηη
2277 4429 2536 4499 populum
2577 4423 2875 4496 signiﬁcari
2931 4421 3192 4490 reperias,
3233 4430 3356 4470 eum
3410 4410 3572 4502 Sym-

281 4516 464 4586 φασίν
499 4533 513 4547 ο
555 4515 808 4583 Ἀληθῶς
855 4518 1073 4585 χόρτος
1122 4520 1156 4571 ό
1209 4518 1384 4583 λαός.
1460 4519 1793 4589 Ἐξηράνθη
1837 4499 1856 4577 vt

1989 4523 2248 4578 machum
2283 4529 2340 4574 et
2371 4518 2807 4574 Theodotionem
2861 4522 3122 4582 tanquam
3181 4522 3278 4578 per
3312 4499 3574 4573 appendi-

286 4607 535 4679 χόρτος.
571 4607 860 4672 Ἐξέπεσε
890 4609 954 4661 τὸ
982 4608 1187 4675 ἄνθος.
1235 4610 1295 4662 'O
1319 4611 1376 4663 δὲ
1435 4611 1690 4679 Ἀκύλας,
1722 4614 1856 4683 Πρὸ‹

1988 4631 2128 4679 cem,
2168 4613 2292 4668 Vere
2318 4613 2494 4678 fenum
2518 4607 2984 4680 populus,exaruit
3019 4598 3424 4674 fenum,e1cidit
3453 4591 3575 4662 ﬂos.

285 4698 378 4752 ὃν
405 4701 437 4752 ό
470 4699 620 4764 λαός
643 4698 945 4767 ἐξηράνθη
968 4715 988 4764 ;
1041 4701 1184 4768 πρὸς
1211 4700 1284 4754 ὃν
1319 4701 1658 4770 ἀπέρευσεν
1677 4705 1856 4772 ἄνθος

1989 4687 2189 4760 habere
2226 4724 2240 4771 ;
2275 4705 2524 4774 Aquilam
2557 4711 2765 4764 autem,
2802 4697 2957 4767 Apud
2984 4711 3136 4764 quem
3171 4689 3382 4746 exaruit
3414 4699 3578 4755 popu-

303 4790 464 4844 Ἀντὶ
484 4790 602 4856 τοῦ,
644 4791 715 4845 Τὸ
747 4792 815 4844 δὲ
839 4793 1005 4862 ῥῆμα
1035 4794 1184 4848 Θεοῦ
1230 4793 1402 4863 ήμῶν
1453 4795 1624 4864 μένει
1661 4802 1746 4865 εἱς
1775 4802 1856 4854 τό]

1997 4798 2102 4862 lus,
2135 4796 2276 4868 apud
2333 4812 2486 4866 quem
2519 4795 2717 4864 eﬂiua'it
2773 4791 2919 4860 ﬂos?
2973 4799 3219 4858 quaerere
3271 4781 3576 4868 videamus.

289 4879 511 4945 αἰῶνα,
551 4884 580 4936 ό
627 4881 964 4954 Σύμμμαχός
993 4901 1176 4955 φησιν,
1216 4885 1282 4938 '0
1311 4885 1380 4938 δὲ
1404 4889 1588 4956 λόγος
1615 4890 1721 4944 τοῦ
1741 4894 1856 4946 Θεοί

1997 4865 2178 4956 Quod
2207 4865 2442 4949 deinde,
2495 4884 2716 4940 Verbum
2767 4880 2979 4934 Domini
3027 4875 3198 4954 nostri
3234 4866 3462 4924 manebit
3524 4865 3578 4916 in

294 4971 480 5042 ἡμῶν
503 4974 794 5042 στήσεται
827 4979 917 5041 είς
938 4977 1045 5030 τὸν
1056 4977 1260 5043 αἰῶνα,
1279 4979 1516 5047 Χριστὸν
1534 4982 1642 5051 γὰρ
1671 4983 1856 5038 αίώνιο

1997 4993 2274 5042 aeternum,
2310 4979 2618 5042 habemus;
2661 4977 2751 5029 ita'
2792 4971 3198 5044 Symmachus:
3229 4962 3413 5051 Sermo
3463 4956 3573 5011 Do-

295 5066 576 5138 ὑπάρχειν
609 5068 642 5137 ή
681 5069 739 5121 ἐν
770 5071 836 5139 τῇ
868 5068 1064 5137 ἐρήμῳ
1092 5069 1242 5138 λέγει
1277 5071 1452 5142 φωνὴ,
1513 5049 1623 5126 καὶ-
1674 5075 1856 5129 συνδια

1999 5076 2131 5129 mini
2162 5074 2333 5127 nostri
2364 5070 2522 5125 stabit
2552 5071 2608 5122 in
2668 5077 2947 5123 wternum.
2986 5063 3267 5147 Christum
3301 5049 3574 5147 siquidem

299 5159 495 5229 μένειν
553 5159 703 5229 αὐτῷ
759 5163 887 5224 τοὺς
930 5160 990 5214 τδ
1020 5165 1289 5233 σωτήριον
1347 5141 1514 5216 αὑτοῦ
1558 5163 1856 5236 δεξαμένου

1988 5177 2254 5222 :elernum
2288 5178 2410 5219 esse
2430 5177 2535 5215 vox
2565 5173 2794 5229 eaquae
2825 5157 2881 5210 in
2928 5141 3130 5208 deserto
3171 5157 3310 5209 erat,
3336 5141 3531 5197 asserit
3560 5158 3608 5224 ς.

294 5251 418 5307 ἀπὸ
450 5255 546 5324 τῆς
577 5252 814 5321 γεώδους
845 5257 938 5308 ἐπὶ
962 5257 1064 5326 τὴν
1097 5259 1476 5329 πνευματικὴν
1521 5260 1856 5330 μεταστάντα

1993 5269 2049 5316 et
2099 5274 2224 5313 cum
2258 5258 2339 5312 eis
2368 5269 2593 5310 manere
2617 5293 2632 5316 ,
2666 5252 2758 5320 qui
2807 5248 3038 5304 salutari
3087 5245 3204 5312 ejus
3254 5243 3518 5330 accepto,‘
3549 5248 3579 5286 a

298 5343 520 5401 οὐσίαν.
557 5348 622 5400 Oi
641 5347 699 5400 δὲ
728 5345 794 5402 εκ
819 5324 1125 5424 περιτομῆς
1159 5324 1444 5420 μείναντες
1487 5324 1728 5420 αάρκες,
1763 5353 1856 5421 χόέ

1998 5361 2221 5408 terrena
2274 5350 2330 5404 in
2386 5343 2734 5417 spiritualem
2785 5345 2989 5395 sortem
3048 5329 3424 5389 transierint:
3473 5324 3582 5380 cir-

387 5520 435 5554 ⁸⁷
468 5521 604 5578 Gen.
638 5538 714 5588 vr,
747 5526 800 5608 3..
879 5525 924 5554 "
962 5523 1080 5579 Joel
1121 5541 1179 5588 ιι,
1213 5525 1304 5580 ‘28.

1150 5686 1155 5692 _
1649 5634 1877 5690 VARIA‘Z
1917 5634 2325 5692 LECTIONES.

394 5741 417 5769 ε
452 5748 542 5801 γρ.
569 5731 656 5785 τό.
739 5730 757 5768 ί
798 5749 885 5801 ηρ.
915 5731 1063 5802 φησί.
1147 5734 1273 5799 8η).
1299 5727 1586 5799 δεξάμενα.
