4010 6302
294 277 447 341 2337

1444 281 1977 343 COMMENTARII
2018 281 2099 341 IN
2141 283 2423 345 ISAIAM.

3423 289 3564 354 2338

300 394 537 467 Ἥγουν,
562 396 620 449 έν
652 413 711 451 τε
740 396 817 468 τῷ
840 397 1142 467 ἀποστῆναι
1176 397 1311 451 Θεοῦ
1337 400 1436 467 τῆς
1479 398 1646 460 ὅντως
1696 395 1880 465 πηγῆς

1985 396 2215 461 damus;
2253 397 2367 451 sive
2423 397 2487 450 ad
2516 398 2790 453 daemonas
2847 399 3000 467 ipsos
3027 440 3042 466 ,
3092 401 3249 456 lacus
3286 407 3562 459 contritos

295 490 593 559 ζωῆς,καὶ
624 488 703 559 τῷ
746 489 1141 559 προσχωρῆσαι
1163 491 1274 551 τοῖς
1318 488 1591 559 δαίμοσιν,
1651 488 1879 550 λάκκοις

298 579 810 651 συντετριμμένοις,
842 581 981 633 κατὰ
1009 579 1106 650 τὴν
1172 580 1434 651 Ἰερεμίου
1490 578 1693 650 φωνὴν,
1754 595 1881 631 συν-

296 673 452 744 έχειν
483 673 626 743 ὕδωρ
666 670 742 742 μὴ
774 671 1111 742 δυναμένοις.
1141 672 1299 735 Τινὲς
1322 671 1378 725 δέ
1408 689 1591 739 φασιν,
1618 671 1700 724 ὅτι
1730 670 1806 733 ὡς
1830 671 1880 723 οἱ

299 764 653 834 φιλόστοργοι
675 762 913 833 πατέρες
943 763 1043 833 τὴν
1063 764 1302 834 σμικρὰν
1324 763 1465 816 κο.τά
1490 762 1677 825 παιδὸς
1695 762 1879 832 ἀμαρει

295 857 428 909 τίαν
458 855 629 926 μείζω
685 855 819 908 πολὺ
858 855 955 925 τῆς
1014 855 1170 919 ἀξίας
1224 853 1560 924 νομίζουσιν,
1597 852 1742 907 οὕτω
1791 853 1881 907 διὰ

298 946 719 1018 φιλανθρωπίαν
742 948 770 998 6
788 946 919 1008 Θεδς
934 945 1033 1017 τήν
1062 946 1270 1000 ἐλάττω
1296 946 1396 1014 τῆς
1414 945 1569 1012 ἀξίας
1589 945 1881 1000 διπλασίαν

298 1039 567 1110 ὁρίζεται.
596 1038 804 1100 Ἀλλως
829 1037 939 1109 γὰρ
980 1038 1082 1091 οὐκ
1130 1037 1279 1101 ἄξιον
1326 1038 1427 1107 τῆς
1454 1037 1617 1090 αὐτοῦ
1647 1021 1885 1108 χρηστό-

298 1147 468 1199 τητος
510 1132 566 1183 έν
621 1128 795 1199 διπλῷ
842 1128 1205 1199 ⁴κμωρεῖσθαι
1252 1117 1361 1182 τοῖῖ
1383 1128 1677 1192 λέξαντος⁹
1709 1147 1727 1180 ι
1767 1128 1885 1181 Οὐκ

300 1221 585 1290 ἐκδικήσει
610 1220 814 1291 Κύριος
843 1220 927 1281 δὶς
966 1223 1057 1274 ἐπὶ
1079 1221 1140 1273 τὸ
1165 1220 1298 1273 αὐτὸ
1347 1222 1406 1273 ὲν
1430 1220 1627 1289 θλίψει.
1663 1219 1882 1290 Οίκτίρ-

302 1327 429 1380 μων
457 1309 565 1378 γὰρ
613 1309 709 1361 καὶ
761 1309 1007 1379 ἐλεήμων
1037 1312 1063 1363 ὁ
1119 1309 1347 1381 Κύριος,
1392 1310 1746 1381 μακρόθυμος
1787 1311 1883 1363 καὶ

302 1401 597 1465 πολυέλεος
627 1401 722 1454 καὶ
743 1401 1015 1472 ἀληθινός.
1059 1420 1078 1453 ι
1106 1402 1238 1468 Καὶ,
1274 1420 1293 1452 ι
1331 1402 1405 1455 Οὐ
1467 1402 1609 1455 κατά
1640 1402 1741 1465 τὰς
1761 1402 1886 1454 ἀνο-

306 1493 442 1563 μίας
479 1494 636 1565 ήμῶν
686 1494 941 1563 ἐποίησεν
975 1497 1106 1564 ἡμῖν
1170 1494 1290 1548 οὐδὲ
1328 1495 1479 1553 ,κατά
1541 1495 1640 1558 τὰς
1704 1496 1885 1565 ἀμαρ-

302 1584 434 1647 τὶας
495 1582 651 1653 ήμῶν
709 1584 1091 1638 ἁνταπέδωκεν
1153 1586 1303 1656 ἡμῖν.
1378 1603 1397 1637 ι
1462 1583 1761 1654 Σύμφωνον
1829 1582 1884 1635 δὲ

302 1674 411 1743 τῷ,
455 1673 837 1742 Ἑτοιμάσατε
865 1674 980 1742 τὴν
1000 1674 1146 1729 ὁδὸν
1186 1673 1427 1743 Κυρίου,
1476 1676 1569 1727 καὶ
1610 1672 1885 1744 Ζαχαρίας

304 1769 336 1822 ὸ
382 1766 480 1821 τοῦ
509 1766 813 1820 Βαπτιστοῦ
836 1767 986 1835 λέγει
1017 1767 1206 1837 Πατήρ
1239 1783 1252 1797 ⁸
1293 1784 1313 1818 ι
1368 1768 1479 1818 Καὶ
1507 1766 1570 1818 σὺ
1601 1806 1617 1831 ,
1652 1765 1881 1830 παιδίον,

305 1861 598 1929 προφήτης
639 1857 895 1926 Ὑψίστου
921 1858 1194 1930 κληθήσῃ.
1222 1856 1584 1929 Προπορεύσῃ
1642 1855 1751 1926 γὰρ
1777 1856 1884 1925 πρὸ

304 1951 607 2021 προσώπου
675 1950 905 2018 Κυρίου,
936 1951 1222 2019 ἑτοιμάσαι
1268 1950 1366 2013 τάς
1422 1949 1574 2012 ὁδοὺς
1604 1947 1789 2002 αὐτοῦ.
1858 1967 1876 2002 ι

306 2042 450 2115 Περὶ
476 2036 537 2097 οὗ
576 2058 739 2112 φησιν
777 2044 806 2094 6
838 2042 1030 2113 Σωτήρ
1060 2059 1074 2074 ·
1112 2063 1131 2096 ι
1181 2044 1415 2106 Ἐκεῖνος
1472 2038 1541 2114 ἦν
1577 2042 1606 2095 6
1643 2039 1832 2111 λύχνος
1855 2044 1884 2095 6

306 2137 600 2203 καιόμενος
655 2136 747 2188 καὶ
820 2135 1045 2205 φαίνων.
1092 2137 1279 2207 Ὑμεῖς
1297 2138 1354 2191 δὲ
1381 2137 1682 2210 ἠθελήσατε
1715 2138 1883 2207 ἀγαλ-

303 2228 562 2297 λιαθῆναι
618 2228 752 2299 πρὸς
792 2227 940 2299 ὥραν
991 2230 1049 2282 ὲν
1079 2230 1157 2299 τῷ
1209 2230 1350 2299 φωτὶ
1391 2231 1579 2287 αὐτοῦ.
1623 2253 1642 2286 ι
1694 2224 1884 2296 Ἥλιος

303 2323 422 2392 γὰρ
472 2322 816 2393 δικαιοσύνης
853 2324 945 2376 καλ⁵
975 2323 1091 2392 φῶς
1143 2323 1397 2393 ἀληθινὸν
1424 2327 1452 2379 6
1487 2325 1743 2395 Χριστός.
1772 2324 1884 2380 Καὶ

303 2417 371 2469 τὸ
416 2416 579 2484 μέσον
603 2414 928 2483 ἀμφοτέρων
954 2413 1323 2485 ἀσύμϐλητον,
1348 2415 1454 2470 κᾶν
1508 2416 1591 2469 ὅτι
1649 2417 1882 2487 μάλιστα

303 2505 371 2558 τὸ
405 2503 741 2575 ἀνθρώπινον
758 2502 965 2573 πλῆρες
996 2504 1206 2571 γένοιτο
1257 2504 1448 2573 σοφίας
1468 2521 1529 2558 τε
1559 2506 1653 2561 καὶ
1683 2506 1879 2574 φωτός.

381 2757 507 2822 Τοῖς
532 2757 591 2811 δὲ
647 2757 990 2825 ἀπεγνωκόσι
1043 2759 1267 2828 σημεῖον
1334 2734 1517 2813 δίδωσι
1575 2760 1886 2829 παρακλή-

302 2868 484 2916 σεως.
519 2850 685 2903 Ὅταν
715 2848 822 2919 γὰρ
847 2850 954 2903 ἀπὸ
978 2850 1078 2920 τῆς
1135 2849 1360 2919 ἐρήμου
1414 2851 1543 2923 περὶ
1595 2853 1885 2923 μετανοίας

1985 484 2003 554 (
2034 493 2092 539 ut
2131 485 2384 542 Ieremia:
2407 489 2639 543 vocibus
2661 497 2787 542 utar
2823 490 2916 558 Μ³),
2942 491 3034 559 qui
3062 507 3257 560 aquam
3278 493 3564 547 continere

1982 590 2093 629 non
2121 585 2369 645 possunt,
2408 585 2773 633 transeamus.
2834 578 3001 634 Aiunt
3042 594 3221 634 autem
3262 584 3507 636 nonnulli
3545 623 3561 647 ,

1982 684 2093 724 non
2123 671 2285 726 aliter
2302 688 2464 741 quam
2496 680 2715 742 patres,
2744 676 2835 743 qui
2872 676 3385 744 magnoliberorum
3411 691 3566 731 amo-

1983 775 2043 815 re
2067 759 2383 830 llagrantes,
2439 763 2555 818 lere
2585 775 3080 834 eorumpeccatum
3132 768 3297 835 longe
3346 770 3564 835 gravius

1983 855 2034 903 et
2065 850 2318 904 acerbius
2366 859 2589 920 putant;
2620 852 2702 906 sic
2749 860 2803 906 et
2858 853 3026 907 Deum
3064 869 3162 920 pro
3200 869 3302 909 sua
3366 856 3421 908 in
3466 854 3565 908 ho-

1983 942 2159 995 mines
2204 941 2578 996 benevolentia
2605 982 2621 1007 ,
2674 944 2850 1013 culpae
2898 945 3089 998 leviori
3148 942 3361 1016 pmnas’
3397 945 3566 1017 duplo

1984 1031 2224 1100 majores
2280 1033 2542 1103 irrogare.
2578 1034 2836 1105 Alioquin
2890 1038 3037 1091 enim
3090 1036 3289 1107 duplex
3348 1039 3567 1107 exigere

1986 1125 2318 1194 supplicium
2348 1125 2468 1195 ejus
2499 1126 2743 1183 bonitate
2771 1127 2938 1182 fuerit
2973 1130 3257 1197 indignum
3292 1170 3308 1195 ,
3354 1131 3447 1199 qui
3481 1131 3567 1184 di~

1988 1215 2127 1268 xerit
2157 1232 2170 1268 :
2205 1233 2225 1265 ι
2258 1212 2379 1269 Non
2424 1217 2726 1272 vindicabit
2758 1216 3025 1275 Dominus
3083 1220 3167 1276 his
3207 1220 3277 1274 ob
3333 1221 3475 1276 idem
3508 1221 3562 1274 in

1985 1303 2299 1359 afﬂictione.
2334 1304 2491 1377 441
2526 1306 2840 1363 Misericors
2870 1310 3015 1364 enim
3044 1316 3098 1364 et
3131 1310 3423 1365 miseratur
3454 1310 3564 1362 Bn-

1991 1398 2174 1451 minus
2204 1436 2219 1458 ,
2257 1398 2584 1469 Ionganimis
2618 1437 2634 1461 ,
2675 1406 2730 1453 et
2784 1399 2967 1459 multa;
3045 1401 3476 1466 misericordiae,
3508 1411 3564 1453 et

1995 1503 2161 1542 verax
2184 1487 2249 1542 ⁸⁸.
2285 1505 2303 1540 ι
2340 1489 2446 1544 Et:
2474 1507 2493 1539 ι
2531 1488 2648 1544 Νοη
2671 1482 2972 1547 secundum
3000 1492 3316 1562 iniquitates
3342 1500 3564 1547 nostras

1989 1577 2116 1634 fecit
2151 1580 2306 1634 nobis
2336 1579 2403 1633 “.
2450 1598 2469 1632 ι
2504 1580 2747 1652 Itemque
2775 1597 2786 1632 :
2816 1601 2835 1635 ι
2866 1582 2983 1637 Non
3011 1584 3312 1639 secundum
3337 1592 3563 1654 percata

1990 1681 2178 1726 nostra
2209 1671 2467 1727 retribuit
2497 1674 2657 1729 nobis
2693 1675 2756 1729 ".
2800 1694 2818 1726 ι
2861 1674 2928 1729 Ει
2956 1691 3086 1730 vero
3125 1677 3270 1745 quod
3308 1677 3420 1740 hic,
3453 1677 3560 1730 Pa-

1986 1773 2104 1840 rjate
2133 1764 2269 1818 viam
2299 1764 2538 1830 Domini,
2565 1763 2855 1832 habemus,
2898 1767 2946 1821 ci
2982 1768 3219 1822 maxime
3264 1783 3561 1840 congruum

1983 1838 2127 1923 quod
2183 1855 2438 1926 Baptista:
2467 1868 2623 1928 pater
2648 1857 2947 1912 Zacharias
2979 1859 3074 1923 ait,
3115 1859 3169 1912 in
3227 1838 3387 1913 hunc
3446 1874 3564 1913 mo.

1991 1944 2118 1998 dum
2160 1963 2174 1999 :
2221 1964 2238 1996 ι
2291 1946 2359 2000 Ει
2398 1954 2480 2014 tu,
2534 1963 2694 2018 puer,
2766 1950 3026 2017 propheta
3079 1949 3345 2004 Altissimi
3400 1965 3562 2005 voca-

1984 2035 2408 2093 beris.Praeibis
2468 2039 2612 2094 enim
2651 2046 2780 2094 ante
2845 2037 3040 2094 faciem
3102 2040 3315 2095 Domini
3371 2055 3565 2110 parare

1988 2126 2109 2180 vias
2148 2127 2269 2198 ejus
2292 2129 2358 2183 ⁸⁸.
2392 2149 2410 2182 ι
2447 2130 2522 2213 De
2546 2147 2654 2201 quo
2680 2139 2735 2187 et
2768 2131 2854 2186 his
2889 2134 3072 2189 verbis
3104 2135 3266 2188 etiam
3318 2134 3564 2205 loquitur

1991 2214 2245 2272 Salvator
2284 2235 2298 2272 :
2357 2238 2375 2271 ι
2424 2221 2519 2276 llle
2560 2229 2680 2276 erat
2739 2222 2963 2280 lucerna
2999 2227 3197 2280 ardens
3220 2234 3272 2280 et
3314 2227 3510 2282 lucens
3544 2243 3561 2292 ;

1982 2323 2079 2365 vos
2102 2320 2284 2365 autem
2351 2314 2614 2369 voluistis
2661 2316 2941 2369 exsultare
2991 2316 3055 2369 ad
3118 2316 3309 2371 horam
3342 2317 3395 2370 in
3445 2319 3564 2372 luce

1982 2398 2100 2466 ejus
2114 2399 2190 2455 ⁸³.
2220 2420 2239 2453 ι
2267 2400 2363 2456 Est
2385 2399 2528 2457 enim
2553 2403 2784 2472 justitite
2816 2405 2897 2460 sol
2955 2413 3011 2460 et
3036 2415 3159 2460 vera
3176 2406 3266 2460 lux
3286 2406 3561 2462 Christus.

1983 2488 2168 2560 Neque
2206 2504 2287 2546 est
2339 2494 2486 2562 quod
2533 2497 2822 2566 utriusque
2856 2497 3220 2553 diﬂ'erentiam
3267 2499 3566 2570 investiga-

1982 2584 2052 2647 ri,
2090 2583 2177 2638 vel
2200 2600 2324 2637 cum
2357 2585 2462 2638 alia
2499 2587 2775 2652 conferri,
2810 2589 3209 2656 quantumlibet
3242 2590 3333 2642 illa
3387 2590 3564 2644 homi-

1983 2688 2115 2727 num
2155 2666 2422 2743 sapieu’tia
2444 2682 2498 2728 et
2533 2676 2652 2731 luce
2680 2672 2949 2742 abundet,
2984 2693 3147 2746 posse
3176 2687 3454 2748 putemus.

2053 2766 2127 2818 Iis
2180 2773 2386 2828 autem,
2432 2766 2525 2835 qui
2582 2782 2735 2836 spem
2789 2767 3131 2837 abjecernnt,
3176 2767 3562 2825 consolationis

1985 2853 2202 2925 signum
2245 2857 2524 2926 proponit.
2564 2857 2700 2910 Cum
2744 2857 2891 2911 enim
2932 2857 2986 2911 in
3017 2858 3328 2925 solitudine,
3364 2861 3462 2924 ait,
3493 2860 3563 2915 de

302 2942 530 3004 ἀκούοις
553 2940 776 3011 φωνῆς,
806 2942 928 2994 τότε
964 2940 1075 2994 νόει
1122 2944 1376 3012 παρεῖναι
1437 2943 1528 2996 τὸν
1579 2943 1880 3014 προσδοκώ-

1985 2946 2309 3015 pt'enitentia
2345 2947 2666 3001 concionari
2716 2963 2887 3011 vocem
2937 2947 3202 3013 audieris,
3246 2960 3376 3003 tunc
3409 2966 3561 3017 cum,

306 3051 495 3106 μενον.
543 3032 631 3095 Ὣς
665 3032 773 3086 ἀπὸ
800 3031 1074 3105 λεωφόρου
1098 3032 1154 3085 δὲ
1183 3033 1251 3086 τά
1278 3034 1375 3104 μὲν
1397 3035 1627 3104 ἐχούσης
1656 3034 1879 3107 ἀνάντη,

1984 3037 2076 3107 qui
2139 3037 2585 3106 exspectabatur,
2651 3036 2845 3093 adesse
2905 3042 3167 3109 cogitato.
3241 3040 3562 3094 Sermonem

301 3128 381 3181 τὰ
404 3127 464 3179 δὲ
515 3125 691 3188 κοῖλα,
747 3125 839 3178 καὶ
867 3125 958 3177 διά
986 3125 1143 3178 τοῦτο
1185 3126 1575 3197 δυσπορεύτου,
1605 3127 1696 3181 τὸν
1720 3127 1879 3198 λόγον

1984 3126 2183 3181 deinde
2213 3135 2473 3196 tanquam
2507 3141 2537 3180 a
2574 3129 2675 3182 via?
2702 3127 2937 3197 publicae
2968 3131 3183 3184 ratione
3215 3130 3560 3200 aggreditur,

302 3219 530 3290 εἰληφεν
558 3233 572 3248 ·
598 3218 720 3289 ἥτις
746 3217 811 3271 ἀν
841 3216 1049 3285 γένοιτο
1077 3218 1209 3271 λεία
1229 3258 1244 3283 ,
1276 3219 1385 3271 τῶν
1439 3219 1536 3289 μὲν
1588 3220 1882 3292 καθαιρου-

306 3312 494 3382 μένων
520 3309 689 3378 ὖψους
728 3309 755 3349 ¹ί
775 3326 790 3340 ’
822 3308 930 3363 τῶν
956 3309 1034 3376 δὲ,
1103 3309 1502 3380 πληρουμένων
1532 3311 1874 3382 κοιλότητας,

302 3401 471 3458 ὁποία
516 3402 604 3455 διά
656 3401 893 3470 Χριστοῦ
946 3382 1169 3470 Ϋέγονεν
1201 3401 1235 3471 ή
1289 3404 1386 3473 τῆς
1408 3401 1688 3466 εὐσεϐείας
1714 3400 1876 3467 ὁδὸς,
1916 3440 1923 3447 .

302 3495 511 3557 ἄϐατος
565 3493 834 3563 πρότερον
886 3491 992 3545 ὑπὸ
1072 3492 1183 3545 τῶν
1233 3492 1695 3563 κοσμοκρατόρων
1781 3488 1880 3547 τοῦ

305 3586 538 3649 σκότους
565 3584 888 3654 ὑπάρχουσα
915 3584 1037 3646 ταῖς
1063 3580 1327 3651 γεώδεσιν
1392 3581 1881 3650 ὲγκαταδησάντων

302 3674 460 3746 ἡμᾶς
482 3674 716 3743 ήδοναῖς.
739 3672 934 3736 Δόξαν
959 3672 1015 3725 δὲ
1038 3671 1260 3740 Κυρίου
1300 3672 1456 3726 καλεί
1480 3672 1573 3725 τὸν
1617 3672 1765 3737 Υίὸν,
1804 3673 1880 3736 ὡς

282 3755 454 3834 ’ὑπὲρ
475 3766 655 3818 πᾶσαν
677 3762 806 3816 ὄντα
833 3762 934 3834 τήν
954 3762 1132 3816 κτίσιν
1164 3764 1257 3817 καὶ
1286 3762 1389 3834 τῆς
1433 3762 1601 3833 αὐτῆς
1626 3762 1879 3833 θεότητος

302 3854 392 3920 τῷ
412 3855 645 3923 Πατέρι.
672 3853 845 3907 Τοῦτο
871 3853 928 3907 δὲ
954 3852 1048 3907 καὶ
1068 3853 1360 3924 γενόμενος
1387 3853 1695 3923 ἅνθρωπος
1710 3853 1878 3919 ἔδειξε

303 3945 741 4018 θαυματουργῶν
768 3944 876 4009 ἀεὶ,
901 3943 997 3997 καὶ⁵
1019 3944 1117 4014 τὴν
1149 3945 1327 3997 κτίσιν
1351 3944 1744 4015 μεταπλὼττων
1800 3943 1879 4016 τῷ

304 4038 537 4109 ῥήματι,
587 4037 880 4105 γενόμενος
932 4036 1069 4088 πᾶσι
1150 4036 1434 4106 σωτήριον,
1497 4035 1606 4090 τῶν
1668 4034 1880 4108 ἐννόμῳ

302 4125 512 4179 θυσιῶν
537 4126 810 4198 ἁμαρτίας
839 4125 1125 4198 καθαιρεῖν
1161 4128 1236 4196 μὴ
1298 4126 1639 4196 δυναμένων.
1677 4126 1766 4179 Ἐν
1819 4127 1878 4179 δὲ

298 4217 529 4287 Χριστῷ
584 4215 948 4287 τελειούμενοι
999 4216 1076 4288 τῷ
1123 4216 1224 4286 τῆς
1277 4217 1553 4280 υἱοθεσίας
1604 4216 1876 4288 πνεύματι

298 4307 648 4379 τετιμήμεθα
678 4308 900 4373 πάντες,
938 4308 1000 4362 τό
1027 4324 1092 4376 γε
1112 4303 1247 4381 ἧκον
1277 4311 1357 4372 είς
1411 4308 1508 4379 τὴν
1535 4307 1634 4378 τῆς
1656 4310 1876 4378 χάριτος

300 4398 539 4469 δωρεὰν,
568 4400 735 4453 πᾶσιν
763 4399 932 4470 αὐτὴν
963 4398 1314 4462 ἀπλώσαντος
1342 4398 1435 4451 τοῦ
1469 4397 1604 4451 Θεοῦ
1630 4415 1645 4429 ο
1674 4399 1724 4451 εί
1782 4397 1877 4451 καὶ

1982 4403 2124 4459 ﬁciis
2163 4417 2193 4456 a
2233 4408 2586 4471 peccatorum
2638 4400 2759 4455 labe
2791 4400 3044 4456 mundari
3085 4404 3414 4472 purgarique
3453 4419 3554 4473 po-
3668 4416 3687 4429 κ

299 4488 388 4559 τῷ
407 4489 502 4560 τῆς
523 4489 778 4551 ἀπιστίας
797 4489 974 4561 σκότῳ
990 4490 1195 4562 ταύτην
1241 4491 1381 4554 τινὲς
1414 4491 1476 4544 οὐ
1506 4492 1873 4562 προσήκαντο.

298 4578 490 4650 Μηδὲν
509 4580 566 4634 δὲ
604 4579 797 4652 ῐδιονῆ
841 4581 1221 4652 πεπλασμένον
1280 4582 1459 4649 λέγειν
1511 4583 1540 4635 6
1593 4584 1878 4654 προφήτης

297 4668 635 4735 ἐπιδεικνὺς,
705 4670 855 4725 Θεοῦ
910 4672 1020 4735 τὸν
1069 4674 1256 4739 λόγον
1302 4673 1580 4729 ἐκάλεσεν.
1629 4674 1764 4727 Τίνα
1818 4674 1875 4727 δὲ

298 4760 504 4831 τρόπον
541 4760 658 4814 ἔστι
699 4763 766 4816 τὸ
801 4761 1106 4830 σωτήριον
1128 4763 1276 4817 ideir-
1303 4763 1408 4818 τοῦ
1441 4764 1609 4831 Θεοῦ,
1635 4764 1872 4819 διδάσκει

297 4853 713 4921 καταφρονῆσαι
765 4852 876 4905 δεῖν
924 4851 1033 4904 τῶν
1090 4853 1448 4923 φαινομένων,
1501 4850 1576 4916 ὡς
1626 4854 1876 4908 ἀστάτων

298 4938 475 4994 εἰπὼν
496 4940 591 4993 καὶ
621 4941 815 4995 θᾶττον
839 4942 1315 5012 μαραινομένων,
1348 4942 1613 5006 λαϐόντας
1644 4946 1722 5007 εἰς
1750 4945 1874 4999 νοῦν

297 5030 416 5085 τὸν
446 5032 593 5086 Θεοῦ
617 5033 804 5102 λόγον
839 5032 999 5102 μόνον
1026 5032 1103 5096 ὡς
1148 5033 1235 5086 ἀεὶ
1272 5032 1469 5098 ζῶντα,
1501 5034 1598 5087 καὶ
1623 5033 1869 5103 μένοντα,

297 5123 400 5175 καὶ
446 5121 704 5192 πρόξενον
748 5122 877 5176 ϐντα
899 5123 995 5192 τῆς
1046 5124 1266 5177 αἰωνίου
1310 5124 1476 5194 ζωῆς.
1504 5124 1761 5187 Εῐποιςδ’
1807 5124 1873 5177 ἂν

292 5207 466 5281 ῥῆμα
477 5211 697 5280 Κυρίου
724 5211 817 5265 καὶ
844 5213 944 5282 τὴν
958 5212 1177 5283 ἐντολήν
1198 5212 1294 5283 τὴν
1318 5213 1481 5267 αὐτοῦ
1509 5213 1601 5267 τοῦ
1623 5213 1873 5283 Σωτῆρος

297 5300 547 5366 εἰπόντος
563 5319 578 5332 ο
618 5320 638 5355 ι
682 5303 854 5375 Ἀμὴν
878 5303 1024 5372 λέγω
1048 5305 1197 5375 ὑμῖν,
1220 5303 1314 5357 ὲάν
1331 5321 1417 5368 τις
1436 5304 1527 5358 τὸν
1555 5305 1579 5356 ὲ
1587 5304 1686 5375 μὸν
1714 5303 1870 5371 λόγον

1984 3235 2107 3288 quae
2140 3235 2267 3273 mox
2299 3218 2493 3285 ardua,
2523 3236 2646 3275 mox
2671 3235 2827 3284 cava,
2875 3222 3109 3292 indeque
3145 3223 3383 3279 dillicilis
3413 3222 3564 3277 exsi-

1980 3312 2110 3378 stit;
2153 3325 2273 3380 quae
2302 3318 2483 3365 tamen
2522 3312 2663 3367 elata
2705 3312 2902 3381 partim
2937 3313 3315 3383 deprimendo,
3361 3314 3561 3384 partim

1978 3400 2244 3472 depressa
2294 3391 2614 3469 amoliendo,
2647 3402 2813 3471 plana
2862 3411 2918 3460 et
2966 3403 3149 3460 facilis
3181 3404 3335 3460 reddi
3362 3402 3563 3475 queat;

1979 3492 2161 3564 qualis
2197 3509 2294 3562 per
2322 3492 2612 3549 Christum
2642 3497 2729 3549 via
2761 3494 2987 3565 pietatis
3011 3496 3121 3565 jam
3153 3497 3406 3561 exsistit;
3443 3512 3564 3566 quae

1979 3585 2127 3639 invia
2157 3584 2286 3640 olim
2316 3585 2386 3641 ab
2413 3585 2578 3654 hujus
2602 3587 2786 3641 saeculi
2816 3588 3164 3642 tenebrarum
3192 3589 3560 3657 potestatibus

1979 3674 2360 3738 obsidebatur,
2391 3688 2421 3727 a
2448 3675 2650 3742 quibus
2682 3674 2916 3730 terrenis
2948 3676 3322 3744 voluptatibus
3352 3677 3559 3747 alligati

1978 3777 2220 3818 eramus.
2244 3752 2497 3817 .Gloriam
2549 3771 2730 3817 autem
2783 3762 3002 3817 Domini
3048 3763 3248 3818 Filium
3300 3767 3557 3834 appellat,

1980 3862 2243 3924 tanquam
2278 3855 2372 3924 qui
2405 3854 2590 3909 omnia
2619 3869 2649 3907 a
2680 3852 2792 3909 Deo
2825 3861 3009 3908 creata
3058 3856 3220 3925 longe
3261 3872 3555 3925 superans,

1977 3942 2224 4014 ejusdem
2265 3944 2339 3999 sit
2384 3958 2503 3996 cum
2557 3941 2724 3997 Patre
2768 3941 3097 3999 divinitatis.
3138 3943 3381 4015 Idipsum
3425 3961 3559 4001 vero

1977 4037 2139 4091 etiam
2188 4033 2344 4089 homo
2388 4031 2568 4088 factus
2617 4034 2755 4089 satis
2805 4033 3080 4104 probavit,
3125 4050 3249 4113 cum
3291 4036 3557 4093 mirandis

1978 4128 2240 4199 operibus
2285 4142 2569 4198 nunquam
2610 4142 2729 4182 non
2769 4127 2957 4192 editis,
2998 4130 3263 4183 mundum
3310 4131 3472 4184 etiam
3524 4147 3555 4186 a

1978 4236 2039 4277 se
2074 4219 2381 4285 conditum,
2415 4225 2473 4272 ut
2515 4218 2734 4273 cunctis
2774 4225 2971 4272 auctor
3007 4219 3206 4273 salutis
3243 4220 3552 4287 exsisteret,

1978 4312 2146 4368 verbo
2188 4326 2292 4366 suo
2328 4308 2784 4378 transformavit;
2822 4309 2915 4379 qui
2952 4309 3120 4365 nullis
3156 4310 3208 4363 in
3246 4309 3359 4381 lege
3389 4311 3556 4365 sacri-

1982 4497 2145 4545 terat.
2179 4488 2247 4542 At
2275 4488 2387 4557 jam
2424 4488 2477 4542 in
2511 4486 2733 4543 Christo
2763 4487 2987 4558 perfecti
3019 4488 3330 4559 adoptionis
3359 4492 3554 4562 spiritu

1979 4591 2170 4631 omnes
2197 4576 2562 4641 honoramur,
2600 4577 2731 4642 Deo,
2767 4588 3032 4646 quantum
3061 4579 3116 4633 in
3150 4595 3211 4635 se
3238 4591 3341 4644 est,
3369 4582 3553 4650 ipsum

1978 4668 2170 4739 gratiae
2216 4683 2421 4724 munus
2468 4667 2725 4723 omnibus
2771 4667 3035 4724 oﬂerente
3089 4680 3143 4725 et
3192 4673 3553 4739 obtrudcnte,

1978 4760 2110 4816 licet
2148 4758 2494 4815 inﬁdelitatis
2528 4759 2768 4815 tenebris
2801 4760 3066 4814 obcmcati
3108 4765 3359 4817 nonnulli
3394 4780 3552 4820 acce-

1977 4852 2108 4908 dere
2151 4852 2447 4907 noluerint.
2481 4851 2559 4906 Ac
2591 4867 2658 4906 ne
2700 4850 2831 4921 quid
2868 4867 2934 4906 ex
2967 4856 3190 4922 proprio
3216 4871 3404 4918 sensu,
3470 4859 3552 4912 vel

1977 4940 2160 4996 ﬁctum
2194 4940 2391 4995 atl‘erre
2417 4941 2684 5010 propheta
2711 4942 3005 5005 videretur,
3035 4946 3178 5012 quod
3209 4945 3307 5008 ait,
3341 4946 3552 5001 verbum

1980 5030 2078 5085 Dei
2113 5029 2441 5083 nominavit.
2482 5027 2733 5084 Ostendit
2782 5046 2912 5085 vero
2953 5033 3158 5101 quibus
3196 5034 3375 5089 modis
3409 5037 3554 5089 salu-

1936 5185 1943 5192 .
1975 5131 2090 5191 rare
2120 5118 2283 5191 M2
2319 5118 2416 5172 Dei
2466 5119 2639 5174 ridere
2686 5121 2872 5188 liceat,
2912 5136 3036 5176 cum
3068 5138 3191 5193 qua:
3222 5126 3399 5179 oculis
3430 5128 3549 5180 sub~

1975 5208 2266 5279 jiciuutur,
2322 5213 2583 5274 tanquam
2629 5207 2837 5261 incerta
2877 5210 3218 5281 celeriusque
3255 5216 3551 5268 arescentia

1980 5298 2297 5368 despicere;
2358 5294 2571 5349 verbum
2627 5302 2810 5350 autem
2853 5296 2987 5363 Dei,
3048 5309 3309 5372 tanquam
3363 5301 3547 5356 vivum

290 5440 299 5445 ί
370 5467 635 5535 ’δίει-θυι.
661 5493 725 5544 tt,
760 5476 849 5535 t5.
924 5477 1355 5552 “‘Psal.cu,8,
1395 5480 1448 5535 9.
1526 5480 1726 5557 “ibid.
1768 5480 1858 5535 lO.

2016 5476 2150 5531 ibid.
2226 5462 2272 5507 δέ
2309 5472 2442 5528 Luc.
2474 5488 2514 5539 ι,
2547 5472 2633 5528 76.
2709 5473 2753 5507 δ’
2791 5472 2948 5530 Joan.
2978 5491 3029 5544 ν,
3070 5479 3158 5534 55.

1598 5592 1833 5649 ῩΑΒΙᾹΞ
1868 5584 2272 5649 LECTIONES.

373 5672 403 5711 ³⁸
431 5698 520 5754 γρ.
546 5682 703 5755 ὕψος.

1826 5782 1861 5805 Ν
