4010 6302
477 259 622 328 2339

1795 255 2143 318 PROCOPII
2169 257 2410 318 GAZ/EI

3578 261 3747 324 ΞῖἏο

478 381 714 437 semper.
743 378 1066 436 semperque
1111 377 1362 426 manens,
1417 364 1583 418 vitam
1627 363 1865 436 denique
1913 381 2052 421 sem-

2161 369 2394 439 τηρήσῃ,
2432 367 2658 422 θάνατον
2687 367 2748 422 οὐ
2786 369 2862 438 μὴ
2897 368 2980 440 (an
3006 371 3085 433 εἰς
3141 368 3234 422 τδν
3291 371 3484 427 αἰῶνα.
3526 393 3546 424 δ
3577 376 3766 441 Τινὲς

477 461 746 530 piternam
800 457 1070 514 aﬂ'erens.
1117 462 1234 509 toto
1281 455 1500 519 animo,
1551 457 1794 526 totisque
1840 457 2056 512 viribus

479 549 730 618 amplecti
770 547 924 602 dicit.
949 545 1109 600 Dicas
1125 554 1178 600 et
1196 557 1334 598 vero:
1369 554 1461 600 "et
1486 547 1711 602 nomine
1753 545 2056 603 Salvatoris

479 646 754 711 praecepta
801 637 1128 709 signiﬁcari,
1159 637 1252 706 qui
1293 637 1371 690 ait
1453 655 1473 688 ι
1510 639 1891 706 Amen,amen
1931 638 2056 693 dico

478 730 658 794 vobis,
690 729 736 785 si
766 729 892 798 quis
919 743 1227 784 sermonem
1261 743 1438 782 meum
1466 729 1789 792 servaverit,
1823 737 2054 784 mortem

481 837 590 878 non
643 820 850 875 videbit
901 821 956 874 in
1003 828 1270 875 aeternum
1306 819 1376 872 '°.
1419 837 1440 870 ι
1486 817 1690 874 Volunt
1739 820 1865 874 item
1916 835 2056 889 non-

479 914 617 968 nulli
663 912 990 984 prophetam
1032 911 1236 980 ipsum,
1277 919 1538 980 tanquam
1585 911 1726 965 elata
1759 925 1893 966 voce
1933 926 2058 982 pcr-

478 1013 770 1060 vcnturam
808 1003 874 1058 ad
910 1017 1104 1058 omnes
1133 1002 1370 1072 gratiam
1413 1002 1741 1055 denuntiare
1775 999 2054 1068 jubeatur,

479 1096 657 1167 gentis
686 1109 800 1149 suae
833 1093 1189 1148 miseratione
1224 1099 1587 1154 commotum,
1620 1107 1745 1159 quae
1775 1093 1910 1145 nihil
1947 1092 2055 1162 jam

478 1200 592 1240 non
619 1183 797 1240 solum
825 1181 1110 1246 eximium,
1141 1190 1201 1235 ut
1224 1181 1380 1247 olim,
1406 1195 1530 1234 cum
1561 1181 1652 1234 Dei
1679 1196 1800 1235 sors
1821 1181 2056 1236 exsiste-

481 1287 582 1340 ret,
633 1274 892 1331 habitura
944 1273 1052 1338 sit,
1109 1273 1204 1327 sed
1256 1272 1420 1341 hujus
1475 1273 1639 1326 etiam
1683 1273 1869 1342 gloriae
1915 1273 2058 1328 bono

479 1367 722 1422 caritura
741 1406 756 1431 ,
789 1364 914 1435 quid
964 1363 1196 1418 clamare
1221 1369 1474 1433 oporteat
1501 1362 1818 1432 postulare,
1846 1362 2060 1432 ipsique

480 1457 675 1524 Deum,
721 1471 846 1512 cum
900 1463 1108 1509 tantam
1159 1456 1392 1525 gratiam
1446 1469 1644 1522 capere
1685 1469 1795 1507 non
1847 1463 2056 1524 posset,

482 1545 668 1602 Omnis
697 1545 850 1599 homo
877 1543 1078 1614 fenum,
1111 1541 1466 1610 respondere.
1494 1539 1683 1610 Neque
1712 1539 1857 1593 enim
1890 1549 1946 1595 et
1973 1547 2055 1603 tu.

479 1637 579 1704 ait,
615 1637 707 1708 qui
765 1636 1060 1691 verborum
1116 1647 1364 1688 meorum
1431 1631 1744 1687 ministerio
1805 1629 2059 1687 addictus

479 1735 716 1784 mentem
738 1725 888 1798 geris
915 1740 1081 1780 carne
1106 1723 1485 1790 obscuratam,
1510 1737 1712 1792 capere
1731 1722 1934 1794 possis.
1954 1721 2058 1778 Sed

2155 456 2212 510 δέ
2249 475 2432 526 φασιν,
2468 457 2544 521 ὡς
2571 459 2934 530 προσταχθεὶς
2973 465 3003 516 ὁ
3035 461 3320 533 προφήτης
3350 463 3587 534 κηρύξαι
3633 483 3760 534 με-

2113 595 2118 600 .
2156 549 2484 618 γαλοφὼνως
2545 549 2644 620 τὴν
2698 551 2778 614 εἰς
2807 551 3019 614 πάντας
3095 551 3337 622 ἧξουσαν
3377 555 3558 624 χάριν,
3618 557 3754 610 ἀπὸ

2100 699 2108 706 _
2159 639 2504 706 συμπαθείας
2522 641 2622 710 τῆς
2652 642 2882 713 πρὸς.τδ
2911 641 3062 706 ἔθνος
3103 643 3321 709 ἐαυτοῦ,
3373 645 3542 713 μηδὲν
3582 645 3761 716 ἔχειν

2155 728 2430 800 ἐξαιρετὸν
2455 730 2761 801 μέλλοντος,
2793 731 2870 794 ὡς
2899 731 3061 802 ἡνίκα
3086 731 3290 804 κλῆρος
3341 732 3552 804 ὑπῆρχε
3567 735 3754 800 Θεοῦ,

2155 820 2463 888 ἀποδλητοῦ
2493 821 2550 874 δὲ
2587 821 2688 891 τῆς
2710 821 2963 892 τοιαύτης
2990 821 3252 892 ἐσομένου
3285 825 3448 892 τιμῆς
3473 827 3760 888 ἐκκοπεὶς

2157 909 2254 980 τὴν
2284 910 2542 977 διάνοιαν,
2577 913 2635 966 τί
2661 911 2785 966 δέοι
2805 899 3070 978 ,βοήσειν
3094 912 3304 982 ἔλεγεν.
3357 913 3472 982 Ἐφ’
3501 909 3581 978 οἷς
3596 915 3759 980 Θεὸς

2157 999 2255 1070 τὴν
2327 1001 2594 1070 τοσαύτην
2663 1000 2739 1072 μὴ
2791 1001 3102 1071 χωρήσαντι
3149 1002 3309 1072 χάριν
3365 1004 3545 1074 φησὶ,
3605 1005 3762 1070 Πᾶς

2158 1091 2469 1160 ἅνθρωπος
2505 1093 2738 1160 χόρτος.
2770 1093 2878 1146 Καὶ
2910 1094 2973 1146 σὺ
3004 1093 3136 1163 γὰρ,
3168 1094 3355 1164 φησιν,
3381 1097 3410 1148 ὁ
3440 1098 3552 1158 τοῖς
3578 1097 3762 1166 ἐμοῖς

2157 1181 2572 1252 διακονούμενος
2601 1185 2863 1257 ῥήμασιν,
2898 1183 3003 1237 ὑπὸ
3042 1184 3142 1252 τῆς
3204 1184 3406 1254 σαρκὸς
3453 1185 3544 1239 τὸν
3604 1185 3762 1240 νοῦν

2159 1271 2629 1342 ἐπισκιαζόμενος,
2665 1276 2866 1345 χωρεῖν
2905 1273 3030 1327 οὐδὲ
3073 1274 3296 1346 δυνήσῃ.
3352 1277 3495 1346 Πλὴν
3554 1279 3758 1342 πᾶσα,

2159 1359 2342 1429 φησὶν,
2374 1357 2638 1428 ὑπόληψις
2658 1359 2974 1430 ἀνθρωπίνη
3033 1361 3242 1430 ταχέως
3266 1362 3620 1432 παυϐήσεται,
3699 1367 3756 1416 οε

2159 1449 2283 1517 ἐμοὶ
2310 1449 2368 1502 δὲ
2397 1451 2526 1520 περὶ
2559 1449 2660 1520 τῆς
2691 1450 2770 1512 είς
2794 1451 3004 1514 πάντας
3055 1452 3276 1522 χάριτος
3317 1453 3757 1524 κυρωθήσονται

2158 1537 2328 1606 λόγοι.
2361 1539 2532 1594 Τοῦτο
2556 1543 2654 1594 καὶ
2685 1540 2898 1606 Παῦλος
2923 1543 3124 1614 νοήσας
3157 1542 3341 1612 ἔλεγεν
3378 1560 3394 1574 ο
3433 1563 3450 1595 ι
3486 1545 3551 1596 Ὢ
3572 1543 3756 1614 βάθος

2162 1629 2394 1684 πλούτου
2421 1631 2515 1686 καὶ
2577 1632 2801 1702 σοφίαςί
2835 1651 2854 1685 ι
2914 1633 3219 1704 Τοιγαροῦν
3271 1634 3534 1699 ἐπιλύσας
3585 1637 3757 1706 αὐτῷ

2166 1719 2266 1791 τὴν
2285 1721 2640 1792 ἀμφιϐολίαν,
2671 1724 2763 1791 ἀφ’
2799 1721 2968 1792 ὕψους
2993 1723 3095 1794 τῆς
3143 1724 3380 1789 διανοίας
3407 1727 3602 1797 ἐῖεξῆς
3633 1745 3759 1800 γη-

479 1818 811 1884 omnis,ait,
853 1816 1264 1886 quamprimum
1311 1814 1549 1869 humana
1593 1813 1833 1870 cessabit
1851 1813 2065 1884 Opinio;

2177 1813 2334 1884 ρῦξαι
2364 1831 2440 1866 πα
2449 1815 2820 1883 ρακελεύεται.

479 1927 638 1969 meus
655 1909 1176 1978 autemdegratiain
1203 1921 1396 1962 onmes
1411 1922 1591 1961 sermo
1658 1905 2092 1967 conﬂrmabitur.
2128 1905 2286 1974 Quod
2309 1919 2436 1962 cum
2483 1907 2651 1976 probe
2695 1908 3018 1979 intelligeret
3047 1907 3248 1964 Paulus
3284 1926 3298 1963 :
3334 1927 3355 1960 ι
3411 1908 3457 1962 0
3503 1909 3712 1964 altitud
3737 1933 3756 1964 ι

479 2005 795 2061 divitiarum
815 2013 866 2058 et
886 1997 1198 2072 sapientiae!
1229 2017 1248 2052 ι
1305 1999 1626 2052 exclamans
1661 1997 1802 2052 dixit
1834 1997 1902 2052 “.
1934 1997 2156 2057 Sublata
2173 1997 2344 2071 igitur
2359 2001 2635 2070 propheta:
2653 1999 3146 2072 dubitatione,qua‘:
3165 2015 3380 2056 summa
3403 2001 3753 2074 cogitatione

480 2097 748 2169 percepit,
770 2095 840 2150 ab
865 2093 1087 2149 excelso
1111 2091 1310 2146 mentis
1323 2089 1758 2159 deincepsjubet
1774 2095 2133 2145 annuntlare.

552 2189 714 2264 ω
749 2189 916 2244 Vens.
958 2186 1119 2242 9—26.
1149 2185 1320 2254 Super
1357 2191 1591 2238 montem‘
1637 2185 1905 2238 excelsum
1967 2198 2062 2237 as-

2233 2182 2409 2251 θ-κς’.
2453 2185 2572 2238 Ἐπ’
2601 2185 2740 2254 ὅρος
2792 2183 3038 2254 ὑψηλὸν
3083 2183 3352 2253 ἀνάϐηθι,
3411 2187 3448 2239 ὁ
3484 2186 3754 2254 εὐαγγε-

482 2283 663 2346 cende,
687 2282 778 2352 qui
823 2278 1150 2350 euangelizas
1185 2275 1337 2331 Sion.
1390 2275 1591 2330 Exulto
1646 2275 1700 2328 in
1753 2273 2064 2344 fortitudine

2161 2276 2466 2346 λιζόμενος
2487 2276 2658 2331 Σιών.
2686 2277 2978 2348 ’Υψωσον
3029 2277 3100 2330 ἐν
3153 2277 3327 2344 ίσχύϊ
3364 2275 3480 2344 τὴν
3523 2277 3754 2346 φωνήν

483 2389 657 2429 uocem
693 2381 859 2438 tuam,
903 2370 994 2440 qui
1041 2367 1370 2438 euangelizas
1425 2364 1751 2420 Jerusalem.
1797 2365 2060 2430 Attollite,

446 2450 456 2461 ’
483 2464 648 2520 nolite
683 2465 888 2518 timere.
913 2460 1086 2515 Dicite
1107 2459 1410 2512 ciuitatibus
1437 2456 1583 2511 Juda
1611 2473 1631 2512 :
1665 2456 1800 2511 Ecce
1823 2456 1964 2511 Deus
1983 2474 2066 2512 ue-

424 2619 431 2637 |
483 2567 632 2619 ster;
669 2571 785 2611 ecce
820 2553 1082 2608 Dominus
1141 2567 1260 2606 cum
1291 2549 1608 2619 fortitudine
1651 2553 1810 2616 venit,
1855 2557 1905 2603 et
1945 2549 2066 2603 bra-

2163 2383 2301 2436 σου,
2327 2371 2360 2422 ὁ
2389 2359 2916 2439 εὐαγγελιζόμενος
2932 2367 3355 2438 Ἰερουσαλήμ.
3376 2369 3750 2442 ,Ὑψώσατεο

2155 2459 2244 2530 μὴ
2273 2460 2573 2529 φοϐεῖσθε.
2609 2457 2800 2533 Εἷπρν
2845 2460 2972 2528 ταῖς
3029 2461 3288 2516 πόλεσιν
3325 2461 3544 2516 Ἰούδα·
3587 2461 3752 2515 Ἰδοὺ

2166 2551 2312 2617 Θεὸς
2357 2555 2391 2606 ὁ
2417 2551 2604 2622 ὑμῶν,
2640 2551 2771 2607 ίδοὺ
2811 2553 3044 2639 Κύριος.
3085 2553 3295 2620 Κύριος
3343 2550 3497 2622 μετὰ
3521 2555 3746 2622 ισχύος

483 2646 662 2700 chium
717 2644 832 2714 ejus
889 2658 1007 2698 cum
1056 2639 1440 2695 dominatione.
1498 2639 1634 2694 Ecce
1689 2654 1887 2694 merces
1950 2638 2065 2708 ejus

2161 2639 2416 2709 ἔρχεται,
2474 2640 2569 2694 καί
2621 2644 2654 2695 ό
2699 2640 2973 2709 βραχίων
3022 2643 3172 2710 μετὰ
3217 2641 3446 2710 κυρίας.
3491 2641 3648 2697 Ἰδοὺ
3709 2645 3754 2700 δ

485 2753 604 2791 cum
629 2751 714 2802 eo,
739 2743 847 2790 etc.

551 2823 720 2900 ω
744 2823 948 2879 Ordine
988 2823 1125 2893 jam,
1156 2818 1546 2892 postquam-de
1581 2833 1715 2874 voce
1761 2819 1816 2872 in
1870 2818 2066 2874 solituo

485 2915 616 2972 dine
652 2915 924 2970 clamante
961 2911 1244 2976 disseruit,
1295 2909 1360 2963 ad
1407 2909 1776 2979 evangelistas
1827 2905 2067 2962 Christi-

487 3021 594 3076 que
624 3005 914 3060 adventum
946 3002 1166 3057 transit.
1194 2999 1397 3054 Locum
1426 3014 1556 3054 vero
1590 3001 1734 3052 hunc
1759 2998 1812 3050 in
1833 2997 2055 3052 modum

489 3096 889 3164 interpretatur
915 3091 1118 3162 Aquila
1147 3106 1164 3144 :
1202 3087 1268 3144 In
1315 3099 1542 3143 montem
1570 3089 1835 3142 excelsum
1871 3102 2056 3140 ascen-

2157 2731 2374 2802 μισθὸς
2405 2726 2772 2805 αὐτοῦομετὰ
2802 2732 3009 2799 αὐτοῦ,
3041 2749 3094 2786 κ.
3133 2751 3186 2786 τ.
3219 2733 3270 2786 λ.

2245 2822 2578 2887 ’Δκολούθως
2608 2825 2747 2895 μετὰ
2767 2825 2868 2896 τὴν
2898 2826 2958 2878 ὲν
2979 2827 3046 2896 τῇ
3082 2825 3276 2896 ἐρήμῳ
3298 2823 3510 2896 βοῶσαν
3521 2825 3746 2896 φωνὴν,

2163 2911 2232 2966 τὰ
2261 2913 2392 2986 περὶ
2427 2913 2535 2968 τῶν
2571 2914 2972 2984 εὐαγγελιπιῦν
2999 2915 3095 2968 καὶ
3149 2919 3248 2985 τῆς
3279 2915 3514 2986 Χριστοῦ
3528 2932 3753 2987 παρου-

2166 3003 2287 3066 σίας
2347 3004 2646 3075 ἐπὴγαγεν.
2681 3004 2741 3058 Ὃ
2801 3005 2856 3058 δὲ
2905 3005 3136 3068 Ἀκύλας
3185 3005 3349 3076 φησίν
3386 3003 3538 3056 ’Ἐπ’
3597 3005 3742 3074 ὅρος

2161 3095 2409 3161 ὑψηλὸν
2481 3095 2756 3162 ἀνάϐηθι,
2781 3095 2982 3164 ἑαυτῇ
3026 3094 3518 3166 εὐαγγελιζομένη
3554 3094 3745 3149 Σιών.

487 3186 576 3253 de,
599 3201 716 3258 quc
737 3184 832 3238 tibi
861 3183 961 3252 ipsi
988 3181 1336 3252 euangelicos,
1365 3179 1525 3245 Sion;
1545 3189 1594 3233 et
1621 3177 1802 3232 attolle
1847 3177 2058 3248 fortiter

2161 3182 2272 3236 Καὶ
2313 3183 2550 3251 ἐπείρων
2584 3183 2600 3224 ι
2629 3185 2889 3254 ἰσχυρῶς
2918 3185 3036 3254 τὴν
3096 3185 3748 3256 φωνὴν,εὑαγγελισα-

488 3290 817 3344 uocem,qua:
843 3272 1192 3342 euangelicos,
1219 3269 1538 3325 Jerusalem.
1570 3268 1877 3339 Caeteriqne
1903 3269 2058 3323 simi-

489 3367 636 3432 liter,
665 3373 924 3433 tanquam
953 3361 1022 3416 ad
1058 3344 1144 3415 res
1177 3359 1472 3422 animatas,
1503 3358 1808 3414 Jerusalem
1845 3365 1902 3412 et
1937 3356 2060 3412 Slo-

489 3472 639 3523 nem,
675 3469 982 3512 sermonem
1017 3452 1280 3524 dirigunt.
1319 3449 1387 3505 In
1439 3466 1593 3521 quem
1649 3464 1782 3504 vero
1828 3457 2058 3504 montem

490 3546 733 3604 ascendet
771 3544 922 3612 Sion,
961 3559 1079 3599 cum
1105 3551 1156 3598 et
1184 3543 1293 3611 ipse
1318 3557 1466 3596 mons
1500 3541 1746 3595 dicatur?
1803 3539 2059 3610 Legimus

489 3639 683 3693 enim:
727 3653 746 3688 ι
795 3635 952 3692 Mons
1001 3635 1154 3700 Sion,
1197 3633 1250 3687 in
1300 3646 1411 3703 quo
1469 3631 1722 3686 babitasti
1753 3629 1821 3684 ".
1869 3647 1890 3682 ›
1952 3627 2056 3685 Et:

497 3749 518 3784 ι
555 3730 672 3785 Non
717 3729 860 3784 enim
893 3726 1207 3784 accessistis
1243 3723 1312 3779 ad
1351 3733 1591 3779 montem
1632 3722 1765 3777 Sion
1797 3723 1864 3776 ⁵³.
1899 3739 1918 3772 ι
1966 3719 2058 3776 Vi-

492 3823 653 3878 detur
690 3821 854 3892 igitur
887 3819 1258 3890 apostolorum
1284 3816 1513 3871 chorum
1547 3815 1882 3884 signiﬁcare,
1913 3827 2056 3883 quos

494 3923 650 3969 antea
677 3927 773 3968 cor
809 3911 1132 3975 Jerusalem,
1157 3917 1412 3978 tanquam
1439 3921 1471 3961 e
1497 3905 1828 3960 circumciso
1856 3905 2059 3976 populo

492 4007 726 4063 eximios
760 4005 974 4074 aliquos
1009 4002 1130 4058 ideo
1164 4001 1476 4072 appellavit,
1506 3997 1652 4069 quod
1692 3996 1786 4052 Dei
1818 3999 2060 4054 salutare

493 4097 695 4168 adepti,
733 4095 998 4151 sublimes
1027 4094 1220 4163 aliqui,
1256 4091 1657 4162 unigenitoque
1689 4089 1903 4145 similes
1931 4105 2062 4146 eva-

493 4189 716 4254 sissent,
747 4187 839 4259 qui
882 4203 1030 4242 mons
1063 4201 1188 4241 esse
1240 4199 1462 4255 quoque
1498 4185 1702 4239 dicitur
1753 4197 1769 4235 :
1805 4183 1859 4237 in
1909 4197 2061 4252 quem

494 4281 793 4343 ascendere,
817 4279 1133 4348 Christique
1167 4277 1460 4332 adventum
1503 4276 1876 4346 promulgare,
1922 4274 2058 4328 nihil

493 4373 750 4441 denique,
791 4369 1195 4441 quantumlibet
1236 4367 1526 4436 insurgant
1575 4365 1766 4435 aliqui,
1818 4372 2062 4419 metuere

489 4463 754 4535 jubentur
783 4479 797 4516 :
829 4461 880 4516 Id
904 4469 1007 4526 est,
1041 4475 1149 4514 non
1179 4460 1342 4523 clam,
1369 4457 1462 4512 sed
1490 4457 1737 4526 publice,
1759 4471 1869 4510 non
1901 4455 2063 4511 unius

2159 3272 2314 3344 μένη
2353 3273 2772 3346 Ἰερουσαλήμ.
2807 3277 2912 3330 Καὶ
2927 3278 2978 3330 oi.
3004 3277 3183 3329 λοιποὶ
3213 3277 3270 3330 δὲ
3299 3276 3630 3346 συμφώνως,
3659 3277 3748 3342 ὡς

2165 3367 2299 3436 πρὸς
2325 3367 2568 3438 ἔμψυχον
2595 3368 2696 3440 τὴν
2735 3368 3088 3440 Ἰερουσαλὴμ
3133 3369 3228 3423 καὶ
3273 3367 3371 3439 τὴν
3411 3367 3546 3420 Σιὼν
3595 3368 3751 3423 ἁπο-

2163 3458 2446 3514 τείνονται.
2485 3460 2616 3513 Ἐπί
2644 3459 2820 3514 ποῖον
2855 3455 2970 3514 οὖν
3015 3459 3250 3514 ἄνεισιν
3287 3459 3424 3528 ὅρος
3458 3459 3499 3526 ἡ
3557 3459 3745 3538 Σιὼν⁹

2164 3550 2204 3618 ὴ
2234 3549 2331 3604 καὶ
2354 3551 2507 3618 αὑτὴ
2535 3549 2673 3618 ὄρος
2708 3551 3031 3620 degat-rica;
3079 3550 3222 3605 κατὰ
3251 3550 3330 3616 τὸ,
3359 3570 3378 3602 ι
3415 3552 3580 3621 Ὀρος
3597 3551 3751 3606 Σιὼν

2163 3639 2324 3693 τοῦτο
2366 3639 2395 3693 ὃ
2440 3643 2865 3712 κατεσκήνωσας
2895 3642 2954 3696 ἐν
3009 3641 3182 3712 αὐτῷ.
3225 3661 3243 3694 ι
3281 3643 3408 3706 Καὶ,
3445 3659 3464 3692 ι
3494 3640 3568 3695 Οὐ
3625 3643 3744 3711 γὰρ

2165 3731 2602 3802 προσεληλύθατε
2631 3735 2768 3786 Σιὼν
2824 3733 2963 3804 ὄρει.
3007 3753 3024 3784 ι
3069 3735 3255 3787 Ἐοικε
3320 3734 3502 3788 τοίνυν
3537 3734 3742 3805 δηλοῦν

2163 3819 2258 3874 τὸν
2312 3821 2420 3874 τῶν
2487 3822 2798 3876 ἀποστόλων
2859 3823 3042 3895 χορὸν,
3066 3823 3162 3888 οὓς
3200 3825 3294 3877 καὶ
3342 3823 3456 3877 ἄνω
3510 3825 3744 3896 καρδίαν

2166 3909 2362 3980 ἔφησεν
2379 3911 2750 3983 Ἰερουσαλὴμ,
2773 3915 2847 3978 ὡς
2881 3914 2947 3968 ἂν
2960 3915 3024 3967 ἐκ
3050 3913 3144 3968 τοῦ
3174 3918 3238 3968 ἐκ
3263 3915 3566 3986 περιτομῆς
3595 3915 3745 3981 ἐξει-

2166 3999 2429 4069 λεγμένοι)
2459 3999 2616 4066 λαοῦ,
2649 4001 2700 4056 οἳ
2756 4002 2938 4057 καὶτὸ
2985 4006 3250 4075 σωτήριον
3283 4004 3375 4057 τοῦ
3427 4005 3563 4058 Θεοῦ
3597 4023 3745 4078 παρα

2166 4089 2414 4154 ἐδέξαντο
2471 4092 2771 4163 ἐπηρμένοι
2798 4092 2944 4156 τινὲς
2997 4093 3174 4158 ὄντες,
3225 4095 3320 4149 καὶ
3351 4095 3428 4166 τῷ
3459 4101 3748 4166 μονογενεῖ

2167 4182 2634 4254 παρεικασθέντες
2663 4185 2785 4252 ὄρει
2807 4186 2900 4240 καὶ
2947 4185 3094 4255 αύτῷ
3143 4187 3532 4258 χρηματίζοντι
3565 4203 3580 4218 ’
3645 4187 3746 4257 ἐφ’

2169 4271 2242 4326 ὃν
2267 4272 2497 4328 ἀνιέναι
2525 4274 2858 4341 κελεύονται,
2889 4275 2981 4330 τοῦ
3014 4276 3251 4348 Χριστοῦ
3283 4277 3382 4348 τὴν
3436 4279 3745 4350 παρουσίαν

2169 4359 2524 4431 κηρύξοντες.
2551 4363 2653 4418 κᾶν
2681 4381 2824 4428 τινες
2852 4365 3222 4429 ἐπαναστῶσι,
3267 4365 3494 4420 δεδιέναι
3527 4367 3694 4438 μηδέν
3723 4383 3740 4396 ’

2168 4451 2334 4523 ἡγουν
2369 4453 2444 4523 μὴ
2465 4451 2642 4526 λάθρα
2671 4453 2943 4509 διδάσκειν
2985 4456 3220 4522 κελεύει,
3280 4457 3629 4528 δημοσιεύειν
3685 4459 3746 4512 δὲ

493 4563 551 4611 et
582 4554 806 4608 alterius
823 4560 1058 4615 tantum,
1083 4550 1178 4605 sed
1197 4549 1438 4603 omnium
1459 4547 1684 4602 auribus
1705 4545 2058 4614 Evangelium

2163 4541 2224 4594 τὸ
2259 4543 2541 4615 κήρυγμα,
2601 4545 2698 4599 καὶ
2740 4546 2965 4616 ποιῆσαι
2998 4547 3165 4602 πᾶσιν
3195 4549 3540 4614 ἐξάκουστον,
3598 4549 3744 4603 κατὰ

495 4657 818 4716 personare,
845 4639 1000 4711 juxta
1041 4639 1172 4695 illud
1203 4657 1218 4693 :
1261 4655 1282 4690 ι
1310 4635 1464 4703 Quod
1499 4637 1564 4690 in.
1585 4650 1720 4690 aure
1743 4633 1966 4700 auditis,
2005 4635 2059 4689 in

495 4732 658 4788 tectis
687 4732 1008 4785 annuntiate
1029 4728 1097 4784 “.
1128 4747 1148 4780 ι
1175 4729 1352 4796 Atque
1379 4726 1430 4780 id
1458 4726 1634 4795 ipsum
1659 4733 1807 4779 certe
1845 4725 2064 4794 pra-sti.

496 4831 702 4886 terunt,
725 4838 848 4876 cum
872 4829 1095 4876 orantes
1125 4819 1384 4873 dixerunt
1409 4834 1424 4872 :
1467 4835 1486 4868 ι
1523 4813 1591 4868 Et
1620 4829 1786 4880 nunc,
1816 4813 2062 4880 Domine,

497 4917 708 4970 intuere
742 4913 796 4968 in
827 4911 988 4984 M5
1023 4912 1200 4966 minas
1230 4922 1422 4964 eorum
1459 4923 1474 4961 :
1512 4915 1567 4962 et
1618 4906 1685 4960 da
1741 4905 1914 4960 servis
1958 4905 2067 4961 tuis

494 5022 618 5062 eum
656 5005 906 5060 libertate
935 5004 1078 5074 loqui
1104 5001 1325 5058 verbum
1357 5007 1510 5054 tuum
1539 4999 1607 5052 ⁸⁸.
1649 5015 1670 5050 ι
1705 4995 1911 5052 Deinde
1931 5011 2061 5053 vero

495 5096 641 5168 quod
671 5111 787 5151 ecce
813 5096 972 5160 dixit,
1015 5109 1125 5148 non
1157 5094 1314 5163 longe
1341 5091 1462 5160 ejus
1503 5089 1796 5144 adventura
1842 5089 2054 5152 abesse,

2165 4633 2246 4699 τὸ,
2307 4649 2326 4685 t
2371 4635 2436 4687 Ὃ
2469 4634 2695 4689 ἀκούετε
2759 4637 2841 4700 είς
2865 4637 2926 4690 τὸ
2977 4635 3095 4702 οῦς,
3158 4637 3254 4690 ἐπὶ
3308 4637 3420 4690 τῶν
3471 4638 3744 4708 δωμάτων

2170 4724 2466 4796 κηρύξατε.
2511 4745 2530 4779 ι
2581 4728 2648 4780 '0
2669 4728 2764 4782 καὶ
2791 4728 2980 4798 ελεγον
3033 4728 3510 4799 προσευχόμενοι*
3549 4747 3570 4781 ι
3631 4730 3746 4783 Καὶ

2171 4813 2288 4880 νῦν,
2325 4814 2522 4888 Κύριε,
2556 4817 2708 4872 ἔπιδε
2734 4819 2828 4873 ἐπὶ
2847 4819 2950 4885 τὰς
2979 4819 3214 4884 ἀπειλὰς
3274 4819 3476 4884 αὐτῶν,
3509 4821 3604 4874 καὶ
3653 4821 3747 4885 δὸς

2173 4909 2285 4970 τοῖς
2309 4905 2516 4971 δούλοις
2541 4925 2636 4962 σου
2669 4909 2810 4979 μετὰ
2861 4911 3179 4982 παρρησίας
3235 4909 3413 4963 λαλεῖν
3461 4910 3554 4963 τὸν
3585 4911 3748 4978 λόγον

2166 5013 2316 5051 σου.»
2350 4999 2460 5054 Καὶ
2479 4999 2538 5054 τὸ
2561 4999 2690 5054 ίδοὺ
2716 5001 2774 5054 δὲ
2797 5001 3152 5070 λέγων,φασὶ,
3177 5000 3239 5054 τὸ
3264 5001 3339 5072 μὴ
3366 4999 3505 5070 μετὰ
3525 5001 3749 5082 μακρὰν

2162 5086 2313 5158 ἥξειν
2333 5089 2502 5162 δηλοῖ,
2535 5093 2820 5162 μονονουχὶ
2844 5093 3072 5162 πλησίον
3101 5091 3229 5144 ὄντα
3286 5090 3518 5154 δεικνύς.
3541 5091 3749 5158 Ἥγουν

494 5187 588 5244 sed
634 5187 838 5242 instare
888 5185 1250 5240 demonstrat.
1302 5181 1465 5237 Jubet
1519 5180 1704 5251 itaque
1755 5179 2052 5234 civitatibus

2161 5178 2288 5244 ταῖς
2313 5181 2756 5236 πόλεσινἸούδα
2775 5181 2986 5236 κελεύει
3013 5183 3162 5254 βοᾷν,
3185 5183 3307 5244 ταῖς
3327 5181 3535 5234 τούτων
3554 5180 3738 5249 δηλονο

494 5278 672 5347 Judw,
701 5279 752 5333 id
775 5286 858 5335 est
886 5278 1175 5350 synagogis
1198 5317 1215 5344 ,
1246 5275 1545 5330 inclamare
1563 5287 1686 5327 eum
1717 5270 1896 5340 ipsum
1919 5285 2064 5338 esse,

609 5394 658 5467 ff
684 5392 842 5449 Joan.
880 5409 997 5462 vin,
1027 5392 1117 5448 5l.
1192 5391 1235 5424 ⁸¹
1271 5390 1430 5446 Rom.
1461 5405 1540 5456 Ix,
1569 5386 1642 5443 35
1713 5385 1758 5416 ”
1780 5383 1941 5467 'Psal.
1981 5403 2177 5457 ικιιιι,
2205 5390 2260 5444 2.

499 5477 574 5528 tv,
595 5463 688 5518 ‘29.

578 5639 600 5682 ι
627 5660 716 5712 γρ.
747 5640 947 5711 ἔπειρον
965 5676 981 5693 .

2175 5273 2260 5326 ότι
2317 5273 2684 5340 συναγωγαῖς,
2744 5273 2821 5337 ὡς
2881 5266 3036 5338 οὗτος

2362 5389 2410 5423 ⁵⁸
2437 5387 2603 5447 Hebr.
2645 5405 2746 5458 xu,
2771 5389 2862 5446 εἰ.
2938 5389 2986 5423 ⁸⁸⁵
3023 5389 3212 5446 Matth.
3246 5405 3302 5456 ε,
3337 5386 3433 5446 27.

3116 5274 3328 5335 ἐκείνος
3383 5273 3410 5324 ὁ
3467 5269 3748 5342 πρόπαλαι

3533 5390 3578 5423 ⁸⁸
3613 5376 3742 5442 Ᾰοι.

1688 5601 1691 5603 ,
1785 5549 2015 5607 νΔῐζΙᾹέ
2051 5547 2452 5606 LECTIONES.
