4010 6302
170 291 303 356 2311

1291 285 1820 353 (ΣΟΜΜΕΝΤΑΒΙΙ
1853 287 1934 346 ΙΝ
2001 290 2281 353 ISAIAM.

3272 285 3412 349 ‘23-’12

174 396 638 471 προσδοκώμενος,
669 399 870 466 φωναῖς
897 399 1065 468 άγίων
1089 399 1588 471 προκαταγγελθεὶς
1617 415 1748 466 προ-

1866 397 1944 463 ]ιιί
1971 397 2172 452 dudum
2203 406 2572 469 exspectatus,
2601 399 2986 470 prophetarum
3014 385 3239 454 vocibus
3287 408 3416 454 ante

173 506 376 562 φητων.

252 583 340 635 Ἐν
369 580 549 650 ταυτῷ
585 579 641 632 δὲ
677 581 772 632 καὶ
800 579 898 650 τὴν
923 581 1087 634 αὑτοό
1120 581 1425 653 παρουσίαν
1453 581 1740 650 ἐδήλωσεν,

169 670 314 741 μετὰ
351 669 622 740 μεγάλης
663 670 880 738 ἰσχύος
909 671 1082 737 ἥξειν
1123 672 1292 726 εἰπὼν
1329 673 1424 727 καὶ
1455 672 1744 741 κυριακῆς

172 762 509 828 αὐθεντίας,
528 763 616 814 ὅτε
639 763 776 832 πρὸς
807 763 878 816 τὰ
902 763 1040 832 ἔργα
1069 765 1163 816 καὶ
1191 765 1282 816 τδν
1316 763 1506 834 μισθὸν
1529 765 1744 832 ἑκάστῳ

172 853 484 923 παρέξεται.
521 853 792 923 Καθάπερ
821 853 996 921 ἔλεγε·
1039 872 1058 906 ι
1086 854 1284 908 Μέλλει
1312 855 1422 925 γὰρ
1449 856 1477 908 6
1501 855 1625 918 Υἱὸς
1649 854 1743 906 τοῦ

171 943 460 1014 ἀνθρώπου
496 943 752 1014 ἔρχεσθαι
781 946 840 998 ἐν
870 947 934 1015 τῇ
963 944 1089 1016 δόξῃ
1120 947 1217 998 τοῦ
1263 946 1506 1016 Πατέρος
1556 945 1742 1010 αὐτοῦ,

174 1033 266 1085 καὶ
299 1031 568 1085 ἀποδώσει
617 1030 834 1104 ἑκάστῳ
879 1032 1020 1086 κατὰ
1051 1035 1120 1086 τὰ
1151 1034 1288 1103 ἔργα
1319 1034 1502 1090 αὐτοῦ.
1534 1053 1552 1086 ι
1585 1035 1748 1097 Τινὲς

173 1122 230 1175 δὲ
253 1123 348 1174 καὶ
381 1120 554 1175 ταῦτα
593 1123 688 1175 ἐπὶ
704 1123 806 1193 τῆς
835 1126 1108 1195 προτέρας
1137 1125 1389 1191 ἐδέξαντο
1417 1125 1743 1196 παρουσίας,

173 1211 456 1266 δεικνύντα
497 1211 571 1282 μὴ
612 1213 738 1266 καθ’
760 1213 856 1266 ’ἐνα
899 1213 1010 1266 τῶν
1055 1214 1353 1285 προφητῶν
1382 1214 1534 1283 ἥξειν
1560 1215 1746 1277 αὑτὸν,

175 1303 224 1356 οἳ
254 1303 346 1355 καὶ
378 1302 919 1373 θαυματουργοῦντες
947 1304 1462 1375 ηΰχοντο.·Χριστδς
1511 1305 1567 1357 δὲ
1615 1305 1749 1358 κατ’

173 1391 457 1446 αὑθεντίαν
503 1393 700 1463 ἤλαυνε
748 1393 897 1461 πάθη
948 1395 1042 1447 καὶ
1087 1394 1498 1464 δαίμονας.”οτι
1545 1394 1602 1446 δὲ
1647 1394 1749 1447 οὐκ

175 1484 422 1554 ἄκαρπον
449 1483 588 1554 ὑπὲρ
612 1482 770 1552 ἡμῶν
791 1483 1054 1551 ὑπέμεινε
1077 1483 1168 1536 τὸν
1199 1484 1428 1553 σταυρὸν
1462 1483 1630 1554 δηλοῖ,
1658 1483 1750 1535 λέ-

177 1587 286 1638 γων
304 1587 318 1602 ο
337 1571 486 1624 Ἰδοὺ
506 1573 538 1624 ό
553 1570 774 1638 μισθὸς
798 1570 986 1624 αὐτοῦ
1007 1570 1134 1638 μετ’
1151 1570 1589 1638 αὑτοῦ.”Ελεγεν
1609 1571 1718 1642 γάρ
1731 1587 1746 1603 ο

183 1681 202 1713 ι
224 1660 347 1714 Ἐὰν
372 1661 448 1731 μὴ
475 1663 504 1714 6
531 1660 731 1723 κόκκος
751 1660 846 1714 τοῦ
868 1661 1016 1713 σίτου
1040 1661 1220 1715 πεσὼν
1247 1662 1328 1724 είς
1355 1662 1457 1732 τὴν
1481 1664 1587 1731 γῆν
1610 1663 1748 1715 ἀπο-

1845 489 2200 546 denuntiatus
2231 495 2322 546 sit.

1919 578 2098 634 Simul
2131 589 2314 634 autem
2353 589 2406 634 et
2455 579 2577 649 ejus
2612 578 2903 632 adventum
2940 577 3226 637 indicavit.
3269 577 3415 646 quod

1846 687 2038 740 magna
2076 687 2196 724 cum
2242 673 2432 724 virtute
2478 678 2528 723 et
2569 677 2828 739 potestate
2860 669 3262 732 dominationis,
3306 685 3418 736 quo

1844 765 2092 826 tempore
2154 757 2465 811 mercedem
2546 755 2846 824 unicuique
2904 756 3206 810 secundum
3253 769 3417 822 opera

1845 847 2232 917 persoluturus
2271 855 2375 911 est,
2426 857 2715 901 venturum
2749 846 3057 900 allirmavit.
3084 847 3260 914 Atque
3292 847 3417 901 hinc

1845 947 1950 1002 est,
1981 939 2126 1008 quod
2170 938 2395 992 dicebat
2427 954 2441 990 :
2487 956 2507 989 ι
2537 937 2710 992 Filius
2737 938 2980 993 hominis
3012 938 3193 990 veniet
3221 938 3273 990 in
3298 937 3421 1005 glo-

1846 1030 1926 1083 ria
1950 1029 2133 1084 Patris
2163 1029 2274 1098 sui,
2299 1036 2352 1082 et
2383 1029 2575 1083 reddet
2607 1029 2909 1098 unicuique
2935 1027 3234 1083 secundum
3255 1042 3419 1096 opera

1851 1135 1951 1174 sua
1979 1121 2048 1172 5°.
2091 1139 2110 1171 ι
2144 1119 2264 1174 Non
2310 1119 2533 1184 desunt,
2570 1121 2662 1189 qui
2696 1120 2802 1175 ista
2849 1119 3016 1173 etiam
3072 1118 3138 1172 ad
3181 1120 3420 1188 priorem

1849 1213 2142 1265 adventrum
2176 1210 2459 1276 referant;
2490 1226 2634 1281 quae,
2663 1226 2772 1264 non
2813 1219 2871 1264 ut
2897 1226 3064 1264 unum
3092 1226 3155 1264 ex
3190 1209 3424 1279 prOphe-

1849 1302 1920 1356 tis
1953 1303 2222 1371 aliquem,
2249 1303 2343 1370 qui
2377 1301 2647 1354 miracula
2671 1301 2896 1354 edentes
2921 1300 3310 1369 precabantur,
3349 1297 3430 1366 ip-

1850 1408 1970 1447 sum
2002 1400 2292 1446 venturum
2318 1393 2724 1456 demonstrent,
2761 1405 2885 1444 cum
2916 1405 3014 1444 sua
3041 1390 3206 1443 unius
3269 1397 3420 1457 pote-

1852 1491 1993 1537 state
2027 1491 2083 1537 et
2127 1483 2349 1536 morbos
2383 1489 2438 1537 et
2490 1482 2768 1536 daemonas
2810 1480 3137 1549 corporibus
3169 1479 3423 1532 Christus

1850 1575 2111 1643 abegerit.
2146 1572 2334 1642 Neque
2361 1588 2493 1628 vero
2532 1574 2652 1628 sine
2706 1572 2909 1635 fructu,
2947 1581 3141 1626 nostro
3202 1572 3425 1624 nomine

1853 1680 2074 1720 crucem
2105 1665 2344 1720 subiisse
2378 1664 2648 1727 ostendit,
2679 1679 2802 1719 cum
2836 1665 2929 1716 ait:
2965 1662 3099 1716 Ecce
3119 1678 3310 1716 merces
3331 1672 3421 1713 tua

180 1751 312 1823 θάνῃ
336 1790 351 1814 ,
385 1751 552 1813 αὐτὸς
587 1750 744 1820 μόνος
774 1749 1090 1820 μένει.Ἐὰν
1133 1751 1192 1805 δὲ
1235 1752 1504 1824 ἀποθάνῃ,
1536 1753 1748 1834 καρπὸν

1866 1772 2075 1810 necum.
2114 1754 2260 1809 Dixit
2302 1756 2448 1810 enim
2487 1772 2501 1808 :
2546 1772 2564 1805 ι
2595 1753 2709 1810 Nisi
2739 1769 2968 1825 granum
3018 1752 3279 1807 frumenti
3326 1767 3423 1805 ca.

180 1840 343 1893 πολὺν
393 1839 573 1910 φέρει.
603 1857 622 1890 ι
658 1840 766 1892 Καὶ
816 1840 1013 1894 πάλιν·
1054 1840 1223 1894 «Ἐὰν
1269 1840 1467 1910 ὑψωθῶ
1513 1843 1576 1896 ὲκ
1620 1843 1746 1911 γῆς,

182 1930 387 1990 πάντας
416 1927 629 1980 ἑλκύσω
655 1928 792 1997 πρὸς
822 1928 1082 1997 ἐμαυτόν.
1111 1947 1130 1978 ι
1175 1929 1285 1981 Καὶ
1314 1928 1524 1992 Παῦλος
1562 1929 1618 1982 δέ
1649 1947 1752 2000 φη·

183 2031 298 2068 σιν·
352 2015 690 2083 ι’Υπέμεινε
735 2015 968 2093 σταυρὸν
1015 2017 1278 2088 αἰσχύνης
1307 2019 1748 2089 καταφρονήσας.

182 2107 269 2160 Διὸ
295 2106 389 2160 καὶ
419 2109 449 2160 6
477 2106 608 2169 Θεὸς
639 2107 800 2160 αὐτὸν
827 2107 1155 2177 ύπερύψωσε
1175 2150 1191 2175 ,
1220 2111 1316 2162 καὶ
1340 2111 1633 2180 ἐχαρίσατο
1657 2111 1753 2164 αύ-

183 2198 259 2268 τῷ
284 2199 343 2251 τὸ
371 2198 546 2268 ὄνομα
578 2198 640 2251 τὸ
671 2199 812 2270 ὑπὲρ
838 2201 946 2253 πᾶν
973 2199 1168 2270 ὄνομα,
1204 2200 1292 2254 ἵνα
1322 2203 1378 2252 ὲν
1408 2201 1486 2272 τῷ
1527 2201 1752 2272 ὀνόματι

183 2288 364 2355 αὑτοῦ,
396 2308 416 2341 ι
473 2287 571 2342 καὶ
617 2288 686 2342 τὰ
732 2289 882 2359 ἑξῆς.
931 2291 1044 2344 Καὶ⁸
1072 2293 1100 2344 6
1133 2291 1298 2344 Δαϐὶδ
1324 2291 1380 2344 δὲ
1413 2290 1708 2361 προῦλεγεν
1735 2309 1749 2323 ·

193 2397 210 2430 ι
234 2380 415 2433 Πάντα
459 2379 529 2432 τὰ
569 2379 696 2449 ἔθνη
721 2381 821 2432 ὅσα
849 2380 1112 2450 ἐποίησας
1147 2382 1356 2451 ἥξουσι,
1388 2383 1481 2434 καὶ
1511 2399 1754 2453 προσκυ-

186 2471 434 2540 νήσουσιν
460 2469 692 2524 ἐνώπιόν
721 2488 844 2548 σου.
870 2490 888 2522 ι
922 2472 995 2524 Τὸ
1019 2472 1095 2533 δὲ,
1115 2473 1210 2538 Ὠς
1236 2473 1464 2541 ποιμὴν
1484 2474 1765 2542 ποιμανεῖ

186 2560 252 2613 τὸ
294 2562 577 2629 ποίμνιον
620 2559 827 2623 αὐτοῦ,
876 2562 1323 2631 ὁμολογουμένως
1353 2564 1454 2632 τῆς
1487 2562 1759 2632 προτέρας

187 2649 300 2701 ἐστὶ
331 2648 657 2717 παρουσίας.
679 2648 765 2712 Ὧς
799 2649 931 2712 Θεὸς
966 2651 1064 2719 μὲν
1090 2649 1196 2722 γὰρ
1220 2654 1417 2722 κρινεῖ,
1451 2653 1525 2715 ὡς
1546 2654 1601 2706 δὲ
1627 2670 1757 2724 μορ-

190 2741 292 2812 φὴν
315 2740 504 2794 δούλου
526 2739 706 2794 λαϐὼν
736 2741 1072 2810 ποιμαίνειν
1096 2742 1163 2795 τὸ
1185 2743 1465 2810 ποίμνιον
1493 2744 1706 2814 εἴρηται
1732 2746 1761 2798 6

191 2831 375 2899 λέγων,
393 2830 540 2900 Ἐγώ
569 2834 684 2900 εἰμι
715 2834 744 2885 6
768 2831 971 2904 ποιμὴν
998 2835 1026 2886 6
1057 2833 1240 2895 καλός.
1263 2834 1562 2902 Βραχιονα
1590 2826 1646 2888 δὲ
1666 2836 1762 2887 αύ-

190 2921 280 2974 τοῠ
301 2922 482 2985 καλεῖ,
499 2924 654 2990 φασὶ,
684 2921 781 2992 τὴν
802 2921 1053 2993 θεότητα,
1081 2923 1147 2975 δι’
1164 2919 1222 2975 οὖ
1239 2922 1532 2987 συνάξειν
1550 2925 1730 2991 ἄρνας
1745 2964 1761 2987 ,

193 3015 286 3068 καὶ
333 3015 402 3067 ἐν
447 3013 665 3084 γαστρὶ
712 3015 978 3083 ἐχούσας
1030 3015 1475 3084 παρακαλέσειν
1525 3017 1760 3086 εἴρηται.

197 3105 400 3171 Ἄρνας
425 3103 526 3157 τοῦ
562 3103 722 3171 λόγου
753 3103 1036 3174 δηλοῦντος
1064 3107 1190 3166 τοὺς
1211 3106 1518 3176 ἀρτιγενεῖς
1540 3109 1599 3160 έν
1624 3108 1761 3176 Χρι-
1790 3088 1831 3144 C

194 3193 318 3265 στῷ.
347 3195 553 3265 Διόπερ
591 3193 822 3256 Ἀκύλας
853 3195 1030 3262 ἀρνία
1067 3195 1250 3265 φησιν.
1298 3196 1396 3266 Εῐη
1423 3197 1467 3250 δ’
1498 3197 1565 3251 ἂν
1593 3200 1621 3250 6
1644 3199 1762 3262 νέος

192 3283 333 3348 λαός.
357 3286 431 3339 Ού
463 3285 579 3355 γὰρ
608 3285 710 3355 ἔφη
745 3286 953 3355 κριοὺς,
979 3285 1012 3356 ἢ
1040 3289 1295 3356 τράγους,
1331 3287 1364 3356 ἢ
1399 3288 1644 3358 πρόϐατα
1673 3291 1762 3342 έν-

191 3376 336 3447 τελῆ,
364 3378 503 3445 περὶ
525 3369 600 3429 ὧν
624 3377 809 3447 ἕτερος
839 3377 1063 3430 τοιαῦτα
1089 3377 1324 3430 διδάσκει
1361 3379 1644 3449 προφήτης
1671 3379 1762 3432 λέ-

193 3481 328 3532 γων’
367 3485 387 3518 ι
416 3465 504 3520 Τὰ
538 3466 596 3520 δὲ
627 3466 774 3535 λέγει
803 3466 1007 3537 Κύριος
1027 3483 1042 3498 ’
1060 3468 1192 3522 Ἰδοὺ
1217 3467 1329 3536 ἐγὼ
1356 3469 1530 3538 κρινῶ
1557 3469 1765 3539 ἀναμέ-

199 3574 286 3611 nov
314 3560 592 3630 προϐάτου
616 3558 709 3612 καὶ
731 3559 1140 3627 προϐάτου,καὶ
1167 3559 1340 3631 κριῶν
1365 3561 1461 3614 καὶ
1488 3560 1758 3630 τράγων.»

196 3649 337 3702 Καί·
384 3669 402 3702 ι
434 3649 552 3720 Οὐχ
585 3648 767 3703 ἱκανὸν
796 3650 946 3718 ὑμῖν,
974 3650 1056 3704 ὅτι
1077 3651 1176 3719 τὴν
1208 3649 1380 3722 καλὴν
1406 3650 1579 3722 νομὴν
1608 3651 1767 3721 νέμε-

200 3741 308 3807 σθε,
333 3743 430 3795 καὶ
453 3743 524 3796 τὰ
546 3740 853 3796 κατάλοιπα
877 3743 988 3804 τοῖς
1018 3741 1175 3794 ποσὶν
1199 3741 1228 3793 ὑ
1237 3741 1351 3812 μῶν
1375 3745 1765 3805 κατεπατεῖτε;

199 3835 292 3889 καὶ
322 3834 384 3888 τὸ
407 3833 755 3901 καθεστηκδς
789 3831 933 3901 ὕδωρ
964 3832 1213 3898 ὲπίνετε;
1243 3832 1339 3885 καὶ
1363 3831 1425 3884 τὸ
1456 3831 1642 3885 λοιπὸν
1658 3835 1767 3894 τοῖς

199 3928 352 3980 ποσὶν
402 3925 560 3996 ὑμῶν
605 3925 970 3994 ὲταράσσετες
1004 3943 1022 3976 ι
1067 3924 1180 3978 Καὶ
1223 3923 1415 3977 πάλινο
1459 3923 1630 3976 «Ἰδοὺ
1658 3923 1770 3991 ἐγὼ

201 4016 367 4088 κρίνω
397 4017 503 4069 ἀνά
539 4014 703 4085 μέσον
736 4011 1012 4084 προϐάτου
1043 4012 1285 4083 ἰσχυροῦ.
1305 4014 1429 4066 Ἐπὶ
1459 4016 1579 4077 ταῖς
1605 4012 1769 4066 πλευ-

203 4109 320 4176 ραῖς
347 4106 442 4160 καὶ
469 4108 586 4166 τοῖς
615 4103 774 4156 ποσὶν
803 4103 956 4172 ὑμῶν
982 4103 1282 4168 διωθεῖσθε,
1315 4105 1412 4158 καὶ
1458 4106 1569 4167 τοῖς
1603 4105 1768 4176 κέρα-

201 4216 286 4252 σιν
307 4199 463 4271 ὑμῶν
485 4196 858 4268 ἐκερατίζετε,
887 4195 982 4248 καὶ
1005 4196 1066 4249 τὸ
1087 4196 1387 4268 ἡσθενηκδς
1413 4197 1732 4262 ἐξεθλίϐετε.
1748 4215 1768 4248 ι

200 4290 290 4343 Διὸ
319 4289 416 4343 καὶ
459 4290 510 4342 οἱ
541 4287 802 4356 ποιμένες
831 4284 1010 4340 αὐτῶν
1030 4284 1404 4341 διαϐάλλονται
1450 4290 1578 4361 παρ’
1604 4288 1769 4359 αύτῷ,

204 4380 285 4434 Τὰ
307 4381 366 4433 δὲ
392 4380 550 4446 λέγει
580 4378 808 4446 Κύριος,
831 4377 1074 4446 λέγοντι·
1115 4373 1213 4430 «Ὦ
1242 4379 1498 4448 ποιμένες
1535 4379 1772 4449 Ἰσραὴλ,

203 4471 281 4540 μὴ
327 4469 622 4542 βόσκουσιν
671 4471 723 4524 οξ
772 4469 1316 4542 ποιμένες-ἑαυτούς;
1345 4471 1406 4523 οὐ
1439 4470 1508 4523 τὰ
1535 4469 1780 4540 πρόϐατα

205 4561 492 4628 βόσκουσιν
537 4562 591 4613 οἱ
636 4562 930 4631 ποιμένες;
972 4554 1103 4615 Ἰδοὺ
1153 4561 1213 4615 τδ
1255 4561 1398 4628 γάλα
1442 4561 1777 4614 κατεσθίετε.

208 4652 313 4704 Καὶ
340 4653 412 4705 τὰ
435 4651 565 4722 ἔρια
589 4651 1004 4722 περιϐάλλεσθε.
1090 4652 1200 4706 Καὶ
1227 4651 1289 4704 τὸ
1333 4651 1477 4722 παχὺ
1523 4653 1779 4720 σφάζετε·

208 4741 301 4794 καὶ
334 4743 405 4796 τὰ
427 4741 683 4813 πρόϐατά
706 4759 808 4810 μου
822 4741 883 4794 οὐ
895 4736 1332 4809 βόσκετε.»Ἐπε“ι
1354 4743 1530 4798 τοίνυν
1553 4744 1782 4812 ἠτάκτει

205 4832 272 4886 τὰ
303 4832 581 4902 πρόϐατα,
608 4833 659 4884 οἱ
686 4832 742 4886 δὲ
780 4833 1040 4903 ποιμένες
1083 4832 1434 4902 ἐλυμαίνοντο
1469 4833 1630 4899 αὐτὰ,
1669 4838 1781 4898 τοῖς

208 4925 431 4995 ποιμέσι
448 4924 786 4994 μετάστασιν
805 4924 1215 4992 άπειλεϊ,λέγων
1232 4939 1246 4953 ·
1282 4943 1299 4975 ι
1322 4925 1431 4978 Καὶ
1451 4926 1624 4978 ἀποστ
1633 4926 1782 4996 ρέψω

209 5013 351 5082 ὑμᾶς
378 5014 477 5068 τοῦ
512 5015 590 5086 μὴ
616 5015 927 5085 ποιμαίνειν
951 5015 1020 5068 τὰ
1046 5014 1294 5086 πρόϐατά
1323 5031 1448 5084 μου.
1481 5033 1499 5066 ι
1529 5017 1639 5067 Καὶ
1663 5019 1783 5070 ἑπι-

207 5104 380 5174 λέγει·
429 5125 450 5160 ι
489 5106 622 5161 Ἰδοὺ
681 5106 794 5176 ἐγὼ
847 5107 1007 5170 αὐτὸς
1060 5107 1346 5177 ὲκζητήσω
1411 5105 1479 5159 τὰ
1540 5107 1783 5178 πρόϐατά

1850 1852 1986 1908 dens
2011 1852 2066 1906 in
2086 1860 2288 1906 terram
2317 1857 2596 1904 mortuum
2617 1848 2805 1910 fuerit,
2825 1849 3002 1917 ipsum
3023 1848 3197 1902 solum
3216 1856 3418 1901 manet:

1851 1942 1896 1997 si
1919 1951 2102 1996 autem
2117 1951 2393 1995 mortuum
2416 1939 2602 2005 fuerit,
2624 1939 2853 1993 multum
2879 1939 3119 1992 fructum
3136 1937 3294 1993 all‘ert
3315 1938 3382 1992 ".
3399 1957 3417 1990 ι

1852 2032 1919 2087 Et
1949 2035 2171 2086 rursum
2210 2048 2222 2084 :
2269 2048 2288 2083 ι
2336 2030 2393 2084 Si
2432 2030 2707 2084 exaltatus
2753 2029 2910 2083 fuero
2943 2044 2972 2082 a
3016 2037 3184 2094 terra,
3237 2028 3425 2084 omnia

1852 2125 2069 2177 traham
2125 2137 2338 2176 mecum
2382 2121 2450 2174 ad
2490 2136 2578 2175 me
2616 2121 2684 2174 ⁸⁸.
2731 2139 2750 2172 ι
2795 2119 3090 2174 Enimvero
3133 2129 3185 2174 et
3224 2118 3426 2174 Paulus

1855 2216 1973 2285 ipse
2013 2214 2092 2268 sic
2134 2214 2210 2267 ait
2241 2224 2314 2266 :‘c
2347 2211 2626 2267 Sustinuit
2664 2226 2887 2266 crucem
2940 2212 3236 2282 ignominia
3289 2227 3427 2265 con-

1856 2313 2057 2374 teinpta
2098 2306 2164 2357 δ’.
2202 2304 2524 2373 —ldeoque
2553 2312 2606 2358 et
2629 2302 2771 2359 Deus
2809 2304 2963 2357 illum
2985 2303 3428 2371 superexaltavit,

1858 2405 1911 2451 ct
1941 2397 2092 2452 dedit
2121 2398 2200 2450 illi
2234 2412 2457 2459 nomen,
2494 2396 2639 2466 quod
2671 2405 2755 2450 est
2791 2411 2961 2466 super
2999 2411 3160 2448 omne
3185 2410 3383 2448 nomen
3412 2411 3425 2453 ;

1861 2500 1914 2543 ut
1944 2490 1998 2541 in
2039 2488 2265 2542 nomine
2285 2487 2407 2556 ejus
2439 2488 2505 2551 ⁸ο,
2546 2506 2564 2538 ›
2603 2495 2712 2540 etc.
2748 2487 2892 2538 Idem
2925 2501 3144 2554 quoque
3172 2494 3224 2538 et
3258 2483 3428 2537 David

1860 2580 2114 2651 praedixit
2155 2581 2241 2632 his
2279 2579 2466 2632 verbis
2505 2597 2516 2630 :
2550 2596 2569 2628 ι
2607 2577 2810 2631 Omnes
2841 2585 3032 2645 gentes
3067 2591 3204 2644 quas
3226 2575 3428 2637 fecisti,

1860 2675 2116 2735 venient,
2145 2672 2526 2726 etadorabunt
2560 2671 2612 2724 in
2637 2679 2934 2739 conspectu
2967 2679 3060 2723 tuo
3086 2671 3152 2726 ".
3187 2687 3204 2719 ι
3231 2668 3432 2723 Deinde

1863 2762 2012 2831 quod
2053 2761 2212 2823 dixit,
2263 2761 2536 2830 Tanquam
2583 2770 2767 2828 pastor
2795 2768 2971 2828 pascet
3002 2776 3202 2829 gregem
3236 2775 3384 2811 suum
3413 2799 3430 2819 ,

1865 2853 1929 2906 ad
1974 2852 2216 2921 priorem
2285 2851 2583 2904 adventum
2622 2851 2816 2920 procul
2864 2850 3033 2903 dubio
3073 2849 3297 2914 retulit;
3337 2849 3429 2917 qui

1863 2955 2125 3014 tanquam
2154 2942 2580 3010 Deumjudicare
2602 2985 2617 3008 ,
2643 2936 2900 3010 tanquam
2921 2941 3196 2994 hominem
3224 2949 3427 3001 autem,

1869 3041 2151 3102 assumpta
2185 3032 2331 3087 servi
2363 3047 2620 3101 persona,
2639 3046 2842 3102 gregem
2871 3045 3045 3093 suum,
3090 3029 3216 3098 quia
3246 3037 3434 3097 pastor

1866 3131 2046 3184 bonus
2077 3135 2182 3190 est,
2205 3141 2420 3195 pascere
2448 3124 2649 3179 debere
2667 3123 2868 3178 videat.
2903 3119 3246 3175 Divinitatem
3266 3133 3434 3189 porro

1869 3221 2141 3275 brachium
2164 3218 2355 3271 volunt
2382 3215 2642 3286 intelligi,
2669 3230 2778 3284 quo
2804 3213 3008 3267 dicitur
3039 3229 3200 3282 agnos
3224 3227 3436 3281 congre-

1867 3322 2086 3382 gaturus
2113 3353 2127 3377 ,
2158 3320 2204 3364 et
2239 3317 2571 3378 prwgnantes
2610 3306 3018 3370 consolaturus;
3064 3315 3120 3358 ut
3174 3319 3433 3372 agnorum

1870 3405 2090 3458 nomine
2118 3417 2214 3457 eos
2246 3400 2546 3470 intelligas,
2573 3399 2663 3469 qui
2693 3405 2946 3452 recenter
2972 3396 3025 3449 in
3057 3394 3278 3450 Christo
3321 3394 3433 3446 nali

1871 3497 2030 3557 sunt,“
2081 3506 2220 3559 quos
2274 3491 2346 3546 ob
2384 3490 2436 3544 id
2489 3488 2763 3559 agniculos
2825 3485 3020 3555 Aquila
3078 3483 3433 3551 nuncupavit.

1872 3582 2051 3636 Possit
2080 3589 2133 3636 et
2157 3581 2259 3634 hac
2279 3594 2412 3633 voce
2445 3593 2638 3633 recens
2676 3576 2908 3646 populus
2943 3574 3244 3644 designari.
3277 3571 3440 3643 [‘46

1871 3673 1996 3728 Non
2041 3673 2185 3728 enim
2231 3671 2473 3734 arietes,
2527 3676 2623 3722 aut
2668 3667 2875 3730 hircos,
2913 3674 3006 3719 aut
3046 3679 3179 3718 oves
3225 3664 3439 3716 adultas
3485 3707 3500 3712 _
3603 3645 3607 3648 λ

1875 3763 2042 3826 dixit,
2080 3763 2148 3818 de
2177 3762 2381 3832 quibus
2425 3760 2568 3813 alius
2600 3759 2657 3812 in
2708 3758 2856 3811 hunc
2912 3756 3134 3809 modum
3175 3752 3439 3823 propheta

1877 3855 2124 3924 loquitur
2157 3871 2172 3906 :
2226 3873 2245 3905 ι
2294 3851 2421 3907 Haec
2462 3850 2591 3906 dicit
2632 3849 2894 3904 Dominus
2920 3864 2934 3900 :
2960 3847 3099 3900 Ecce
3125 3860 3226 3915 ego
3251 3844 3442 3914 judico

1879 3949 2022 4002 inter
2057 3959 2212 4000 ovem
2261 3951 2317 3999 et
2346 3957 2539 4008 ovem;
2596 3941 2744 3994 inter
2774 3940 2976 3994 arietes
3014 3945 3067 3992 et
3092 3938 3281 3990 hircos
3310 3936 3378 3988 υ.
3417 3955 3436 3986 ι

1878 4035 1944 4090 Et
1973 4053 1986 4089 :
2021 4054 2040 4088 ι
2075 4033 2270 4089 Nonne
2314 4030 2515 4088 sulticit
2561 4029 2741 4094 vobis,
2772 4028 2916 4098 quod
2945 4028 3086 4081 bona
3117 4039 3320 4095 pascua
3361 4031 3444 4078 at-

1879 4126 2150 4191 tondetis;
2175 4125 2278 4180 nisi
2311 4123 2524 4192 reliqua
2548 4122 2710 4177 etiam
2740 4119 2970 4190 pedibus
2992 4117 3194 4172 vestris
3215 4115 3443 4168 concul-

1879 4215 2059 4272 cetis?
2103 4213 2251 4283 quod
2291 4224 2489 4282 aquam
2530 4215 2766 4264 stantem
2797 4212 2851 4260 et
2886 4202 3165 4272 limpidam
3215 4201 3440 4267 bibitis;

1881 4303 1986 4358 nisi
2023 4301 2288 4369 reliquam
2322 4297 2557 4368 pedibus
2583 4294 2784 4350 vestris
2811 4291 3045 4347 turbelis
3068 4289 3151 4342 εει
3190 4307 3208 4340 ι
3253 4285 3318 4340 Et
3345 4287 3444 4340 itc-

1884 4409 2002 4448 rum
2041 4411 2055 4446 :
2103 4412 2121 4443 ι
2162 4392 2299 4447 Ecce
2337 4404 2437 4459 ego
2466 4387 2660 4458 judico
2691 4387 2832 4440 inter
2877 4397 3030 4438 ovem
3059 4381 3444 4444 validam;ve-

1885 4485 2016 4541 stris
2037 4483 2301 4538 lateribus
2324 4487 2378 4536 et
2400 4477 2632 4550 pedibus
2651 4473 3087 4547 protundebatis,
3109 4482 3162 4526 et
3183 4469 3445 4525 cornibus

1885 4575 2086 4630 vestris
2144 4573 2447 4638 feriebatis,
2501 4577 2556 4625 et
2598 4567 2893 4623 invalidam
2952 4563 3272 4631 alﬂigebatis
3315 4561 3382 4616 “.
3421 4579 3440 4611 ι

1887 4669 2066 4737 Atque
2094 4665 2225 4719 hinc
2271 4672 2378 4725 est,
2410 4658 2554 4730 quod
2595 4666 2847 4728 pastores
2882 4670 3071 4710 eorum
3107 4653 3248 4708 idem
3283 4665 3448 4705 accn-

1885 4768 1970 4815 sat
2007 4758 2093 4813 his
2127 4754 2728 4822 verbisquastores
2791 4748 2982 4811 Israel,
3037 4763 3165 4800 num
3219 4753 3451 4814 pascunt
3521 4800 3523 4802 _

1892 4856 2140 4920 pastores
2171 4847 2384 4916 seipsos
2397 4843 2420 4896 ‘i
2435 4858 2562 4896 num
2579 4857 2712 4899 oves
2731 4857 2761 4894 a
2779 4841 3095 4910 pastoribus
3118 4835 3451 4907 pascuntur?

1893 4942 2033 4996 Ecce
2069 4941 2154 4993 lac
2189 4935 2497 4996 comedite;
2533 4933 2829 4988 velleribus
2866 4929 3156 4984 induimini
3201 4927 3284 4980 ⁸⁸.·
3383 4924 3453 4977 At

1892 5029 2039 5100 quod
2068 5029 2266 5098 pingue
2293 5030 2381 5078 est
2407 5022 2673 5094 jugulalis
2699 5041 2714 5089 ;
2745 5031 2796 5076 ct
2832 5035 2964 5076 oves
2997 5032 3146 5072 meas
3184 5030 3292 5068 non
3325 5029 3453 5083 pas-

1893 5113 2348 5182 citisaQuoniam
2371 5111 2537 5182 igitur
2565 5127 2697 5166 oves
2718 5108 2933 5164 infecta!
2949 5115 3229 5178 pastorum
3249 5103 3452 5172 impro-

1891 5207 2069 5262 bitate
2117 5200 2427 5270 petulantes
2461 5205 2768 5261 evaserant,
2797 5196 3114 5265 pastoribus
3142 5191 3279 5261 ipsis
3311 5190 3456 5243 exsi-

231 5293 360 5347 lium
390 5292 702 5356 minitatur,
736 5291 822 5345 bis
853 5293 1038 5346 verbis
1082 5307 1094 5343 :
1131 5310 1147 5340 ι
1187 5290 1254 5344 Ει
1283 5301 1521 5346 avertam
1552 5309 1669 5358 vos,
1717 5312 1785 5351 ne
1823 5296 2063 5369 pascatis
2106 5307 2238 5347 oves
2317 5303 2467 5344 meas
2505 5289 2570 5341 “.
2614 5306 2632 5339 ι
2700 5285 2906 5342 Deinde
2950 5287 3157 5356 colligit
3197 5301 3210 5336 :
3243 5301 3260 5332 ι
3321 5280 3457 5332 Ecce

215 5398 313 5454 ego
335 5380 622 5452 requiram
662 5394 794 5435 oves
820 5393 972 5434 meas
997 5379 1061 5435 θ’.
1101 5399 1121 5431 ι

282 5563 330 5595 ⁸⁸
363 5564 566 5623 Ilattb.
590 5585 701 5630 xvt,‘
728 5571 820 5623 27.
896 5566 940 5599 "’
978 5568 1138 5621 Joan.
1171 5581 1268 5630 ιιι,
1300 5565 1392 5620 24.
1479 5569 1524 5600 ⁸⁸
1550 5567 1789 5621 ihid.5'2.

215 5645 415 5705 unv,
449 5636 506 5691 9.
586 5637 850 5696 “Ezech.
887 5649 1074 5704 xxxrv,
1112 5635 1204 5690 i7.
1281 5634 1324 5666 ⁸³
1342 5637 1473 5694 ibid.
1515 5639 1597 5692 18.
1678 5639 1721 5669 ⁸⁸⁸
1761 5686 1762 5691 η

1866 5638 1894 5692 Ι.
1930 5638 2020 5701 20,
2052 5637 2141 5692 2!.

3095 5416 3108 5430 .
3175 5372 3440 5442 propheta

1892 5568 1936 5601 "
1969 5568 2131 5621 llebr.
2173 5581 2276 5624 ιιι.
2313 5565 2372 5619 2.
2478 5564 2524 5595 “'
2560 5559 2800 5627 Philipp.
2840 5573 2900 5616 ιι.
2927 5515 2991 5622 ⁵9,
3033 5561 3118 5615 l0.
3221 5561 3261 5592 ⁶¹
3311 5557 3456 5612 Psal.

2220 5639 2262 5669 ⁸⁵
2294 5635 2492 5692 Ezech.
2527 5647 2585 5697 ιι,
2623 5630 2675 5682 ’5.
2712 5626 2720 5627 “
2753 5626 2952 5680 “ibid.
2991 5630 3075 5683 19'
3154 5629 3347 5683 "ibid.
3377 5631 3459 5680 l0.
