3946 6306
140 280 299 347 2345

1296 276 1827 342 COMMENTARII
1859 276 1942 339 IN
1976 275 2259 338 ISAIAM.
2333 351 2337 356 _

3262 277 3403 344 2346

143 412 268 452 σεν
314 396 510 464 αὐτὴν
559 392 710 450 κατὰ
755 394 948 461 πόδας
989 393 1200 461 αὐτοῦ,
1234 396 1333 449 καὶ
1382 394 1734 462 πορεύεται;

1844 392 2020 451 vadet,
2048 390 2214 461 Dabit
2267 392 2321 445 in
2358 398 2639 460 conspectu
2672 391 2928 462 gentium,
2955 401 3003 445 et
3046 406 3190 459 reges
3219 392 3406 447 obstu-

142 489 347 543 Δώσει
382 487 659 543 ἐναντίον
699 485 911 552 ἐθνῶν,
958 486 1059 540 καὶ
1097 485 1380 550 βασιλεῖς
1425 482 1732 549 ἐκστήσει.

144 581 264 636 Kal
294 579 477 635 δώσει
515 582 603 646 εις
642 578 761 649 γῆν
801 578 908 645 τὰς
941 578 1236 648 μαχαίρας
1276 576 1496 640 αὐτῶν,
1531 573 1632 628 καὶ
1657 573 1737 640 ὡς

145 671 433 740 φρύγανα
462 670 777 740 ἐξωσμένα
811 670 886 723 τὰ
910 667 1056 734 τόξα
1090 666 1308 736 αὐτῶν,
1335 666 1433 723 καὶ
1467 665 1736 730 διώξεται

146 761 401 826 αὐτοὺς,
430 778 485 814 κ.
512 778 563 815 τ.
591 760 642 815 λ.

237 851 685 919 Ἐγκαινίζεσθε
723 852 873 920 πρός
898 868 995 921 με,
1027 848 1228 918 νῆσοι,
1264 849 1381 903 ἀνθ’
1408 842 1469 904 οὗ
1501 846 1734 918 Σύμμα-

146 963 246 1017 χος
276 944 403 1014 μὲν,
453 944 866 1007 Δουλεύσατε,
915 941 1079 1011 φησὶν
1104 981 1120 1005 ,
1171 940 1263 994 ἐπ’
1314 939 1484 1009 ἐμοῦ,
1531 937 1733 1007 νῆσοι,

160 1032 405 1096 ’Δκύλας
443 1033 498 1085 δὲ
543 1031 639 1085 καὶ
684 1030 1010 1094 Θεοδοτίων,
1041 1028 1398 1097 Κωφεύσατε
1448 1026 1599 1094 πρός
1630 1041 1735 1095 με.

146 1122 344 1195 Σιτᾷν
369 1122 477 1192 γάρ
497 1122 688 1186 αὐταῖς
717 1122 1024 1187 ἐκέλευσεν,
1044 1119 1121 1182 ὡς
1151 1120 1215 1173 ἂν
1244 1118 1470 1188 ὲπήκουι
1499 1116 1739 1185 γένοιντο

147 1216 308 1279 θείας
354 1214 568 1285 ὁμιλίας
617 1215 710 1268 καὶ
760 1212 1032 1284 σωτηρίου
1074 1207 1451 1280 κηρύγματος,
1504 1205 1740 1271 νήσους

145 1308 329 1375 λέγων
359 1307 454 1370 τὰς
482 1304 542 1367 ἐξ
570 1304 738 1359 ὲθνῶν
770 1303 1093 1373 Ἐκκλησίας
1173 1310 1210 1334 ³³
1238 1299 1457 1371 ἁλμυρά
1490 1297 1585 1352 τοῦ
1621 1297 1737 1367 βίου

147 1396 401 1468 περιέχει
440 1394 632 1458 κακία,
658 1393 752 1447 καὶ
782 1391 891 1445 τῶν
916 1389 1363 1460 ἐπανισταμένων
1392 1388 1460 1441 τὰ
1493 1385 1735 1456 κύματα.

158 1486 306 1540 Ἀλλ’
338 1487 478 1539 είσὶν
507 1485 769 1554 ἀσφαλεῖς
787 1524 803 1550 ,
837 1485 912 1548 ὡς
941 1485 1034 1536 ἐπὶ
1064 1483 1270 1553 πέτραν
1317 1481 1619 1551 βαίνουσαι,
1647 1477 1739 1531 τὸν

146 1569 410 1649 Χριστόν.
431 1577 523 1630 Διὸ
548 1578 608 1630 οὐ
634 1576 1130 1630 σαλεύονται.¹Ἀνω
1150 1574 1206 1628 δὲ
1232 1572 1376 1639 τοὺς
1407 1569 1740 1640 ὑπομένον-

146 1686 258 1735 τας
307 1670 532 1736 Κύριον
565 1667 683 1736 τὴν
717 1667 900 1737 ἰσχὺν
930 1666 1227 1731 ἀλλάξειν
1275 1663 1467 1726 εἰπὼν,
1503 1659 1738 1715 ἐνταῦθα

1827 496 2043 553 'pescere
2079 483 2236 552 faciet
2267 498 2286 536 :
2308 492 2356 537 et
2375 482 2525 537 dabit
2551 484 2604 536 in
2642 491 2840 537 terram
2870 481 3074 553 gladios
3123 500 3325 548 eorum,
3357 495 3404 537 et

1838 577 1974 629 sicut
1999 576 2253 630 cremium
2282 592 2438 631 arcus
2475 591 2680 641 eorum,
2713 585 2763 631 et
2790 587 3127 647 persequetur
3157 594 3264 642 eos,
3296 586 3404 634 etc.

1911 839 2244 896 Innovamini
2288 842 2358 895 ad
2408 858 2508 909 me,
2571 832 2963 910 insultespro
2994 837 3195 910 quibus
3249 838 3409 911 Sym-

1840 933 2089 996 machus,
2115 931 2316 987 Servite
2333 932 2461 985 mihi
2476 917 2699 997 insulae;
2714 931 2940 999 Aquilas
2960 937 3140 985 autem
3166 928 3411 985 etTheo—

1839 1021 2011 1085 dolio,
2047 1021 2234 1077 Tacete
2267 1021 2407 1093 apud
2443 1038 2542 1086 me,
2584 1021 3004 1077 transtulerunt.
3038 1019 3232 1073 Tacere
3264 1018 3410 1073 enim

1838 1130 1933 1172 eas
1974 1116 2150 1185 jubet,
2180 1126 2239 1171 ut
2293 1115 2532 1173 sermoni
2560 1123 2613 1170 et
2646 1114 2872 1170 salutari
2933 1111 3304 1183 prmdicationi
3354 1126 3413 1166 se

1840 1212 2073 1260 attentas
2101 1205 2379 1275 praebeant
2406 1223 2420 1274 ;
2446 1204 2740 1259 insularum
2793 1202 3034 1267 nomine,
3068 1199 3332 1256 conﬂatas
3381 1213 3413 1253 e

1816 1290 2091 1365 ‘gentibus
2123 1294 2397 1351 Ecclesias
2455 1293 2781 1364 intelligens,
2817 1292 2870 1346 in
2901 1306 3040 1361 quas
3092 1288 3256 1359 hujtis
3292 1290 3414 1342 vitae

1840 1386 2107 1456 nequitia,
2136 1394 2396 1458 tanquam
2422 1386 2591 1442 maris
2629 1385 2906 1454 salsilago,
2966 1384 3129 1438 undis
3157 1392 3209 1436 et
3235 1380 3425 1435 ﬂucti-'

1839 1476 1944 1531 bus
1984 1476 2225 1547 undique
2258 1477 2513 1548 insurgit.
2548 1473 2654 1530 Sed
2704 1481 2838 1528 tutae
2890 1473 2998 1528 illae
3055 1480 3231 1538 sunt;
3291 1486 3413 1541 quae

1840 1565 2063 1622 Christo
2105 1566 2270 1637 lapidi
2306 1567 2533 1630 innixae,
2564 1564 2893 1622 commoveri
2935 1579 3042 1618 non
3071 1564 3311 1616 valeant.
3347 1563 3413 1614 At

1842 1658 2122 1727 superius,
2152 1672 2276 1712 cum
2307 1673 2421 1722 eos,
2458 1658 2547 1728 qui
2595 1657 2880 1711 Dominum
2941 1662 3267 1725 exspectant,
3322 1668 3415 1717 po-

147 1760 326 1829 λέγει,
365 1760 714 1828 Ἄρχοντες,
747 1759 912 1830 ἤγουν
943 1758 1071 1825 ἔθνη
1092 1798 1106 1823 ,
1139 1755 1522 1822 ἀλλαξάτωσαν
1562 1755 1737 1825 ἰσχὺν,

1846 1749 2063 1803 tentiam
2091 1758 2386 1803 mutaturos
2414 1764 2538 1804 esse
2587 1749 2837 1812 dixisset,
2871 1761 3017 1802 nunc
3045 1746 3327 1814 principes,
3361 1742 3412 1797 id

149 1853 294 1906 κατὰ
337 1850 637 1922 Σύμμαχον
675 1851 897 1921 (ὄπεριι
944 1850 1067 1915 τοῖς
1114 1847 1489 1918 ὑπομένουσι
1521 1848 1738 1915 Κύριον

148 1943 310 1997 τοῦτο
354 1945 541 2011 νήσοις
577 1942 882 1996 ἐπιτάττων
918 1940 1013 1994 καὶ¹
1059 1938 1316 2008 ἔθνεσιν),
1342 1938 1417 2002 ὡς
1460 1936 1526 1991 ἂν
1557 1937 1652 1990 ἐπὶ
1678 1936 1739 1990 τὺ

152 2037 403 2106 κρεῖττον
430 2034 529 2105 τὴν
557 2034 664 2087 ἀπὸ
693 2033 936 2104 χείρονος
968 2033 1121 2102 ἰσχὺν
1168 2029 1545 2103 μεταδάλοιεν.
1581 2029 1739 2093 Τινὲς

150 2126 209 2179 δέ
257 2142 428 2194 φασιν
475 2124 549 2188 ὡς
599 2123 710 2177 ἔσθ’
733 2124 823 2177 ὅτε
867 2123 1055 2193 νῆσοι
1088 2121 1378 2176 καλοῦνται
1429 2120 1614 2183 πόλεις
1642 2121 1739 2174 καὶ

153 2215 363 2286 κῶμαι,
397 2215 662 2270 πλατεῖαν
692 2213 912 2285 ἔχουσαι
956 2213 1142 2283 κύκλῳ
1187 2213 1291 2284 γῆν
1334 2212 1613 2284 άνήρωτον
1645 2211 1740 2265 καὶ

120 2328 127 2334 -
156 2304 614 2376 κεχερσωμένην,
643 2304 761 2366 οἵας
803 2301 903 2368 τὰς
939 2302 1253 2373 Ἰδουμαίων
1284 2301 1424 2355 εἶναί
1457 2317 1607 2370 φασι,
1644 2301 1740 2354 καὶ

156 2390 468 2451 Μωαϐιτῶν
488 2436 503 2461 ,
533 2395 609 2460 ὡς
638 2397 695 2449 ὲν
728 2397 920 2466 ἐρήμῳ
960 2395 1242 2464 κειμένας,
1287 2388 1379 2457 αἷς
1429 2396 1742 2463 προσφωνεῖ

160 2489 517 2558 παράδειγμα
564 2487 745 2542 λαϐὼν
789 2487 960 2550 αὐτὰς
987 2487 1085 2557 τῆς
1113 2485 1222 2539 τῶν
1248 2484 1422 2539 ἄλλων
1458 2483 1742 2538 εἰδωλολα-

156 2583 300 2653 τρῶν
337 2584 559 2654 μανίας,
592 2584 690 2653 τὴν
735 2582 844 2637 τῶν
890 2581 1057 2635 ἐθνῶν
1085 2579 1390 2653 πρόσληψιν
1433 2582 1497 2634 ἐκ
1538 2580 1740 2652 μέρους

158 2672 353 2741 δηλῶν,
381 2672 421 2727 ἃ
450 2672 698 2742 βούλεται
745 2673 881 2744 πρὸς
912 2672 1214 2742 καινότητα
1245 2671 1545 2742 μεταϐῆναι
1594 2670 1741 2736 ζωῆς

159 2759 257 2832 τὴν
305 2760 705 2815 παλαιώσασαν
755 2762 896 2816 αὐτὰ
943 2762 1345 2832 καταλείψαντα
1390 2762 1620 2832 πλάνην,
1652 2761 1742 2816 ἵνα

161 2852 427 2917 γένωνται
453 2851 719 2923 παρθένος
745 2851 906 2923 ἁγνὴ,
936 2852 1010 2923 μὴ
1034 2852 1254 2922 ἔχουσαι
1273 2851 1507 2923 σπίλονῆ
1532 2852 1738 2924 ῥυτίδα.

162 2936 261 2995 Ὧν
292 2946 344 2997 οἱ
373 2943 667 3012 ἄρχοντες
697 2942 1077 2996 ἀλλάττουσι
1093 2941 1211 3009 τὴν
1231 2941 1434 3009 ἰσχὺν,
1457 2941 1532 3005 ὡς
1556 2941 1662 2994 τῶν
1685 2943 1742 2994 ὲν

1839 1845 1924 1894 est
1945 1840 2468 1908 gentes,secundum
2497 1837 2882 1909 Symmachum
2915 1840 3197 1906 (tanquam
3229 1834 3413 1887 Domi-

1841 1946 1966 1984 num
1993 1939 2357 1999 exspectantes
2390 1930 2601 1986 insulas
2622 1941 2677 1985 et
2715 1936 2906 1999 gentes
2942 1924 3300 1997 alloquatur),
3328 1925 3414 1979 id—

1842 2022 2017 2093 ipsum
2062 2020 2263 2086 facere,
2294 2022 2346 2075 id
2380 2028 2466 2077 est
2494 2022 2562 2075 ab
2596 2020 2935 2075 imbecilliori
2966 2020 3167 2075 virtute
3195 2019 3265 2074 ad
3312 2034 3414 2090 po-

1838 2114 2034 2168 tiorem
2068 2113 2301 2169 transire
2329 2114 2579 2183 imperat.
2605 2112 2770 2167 Aiunt
2816 2096 3065 2169 nonnulli
3114 2111 3414 2166 insularum

1843 2204 2206 2275 appellatione
2225 2206 2478 2261 civitates
2502 2213 2555 2260 et
2572 2220 2742 2277 pagos
2771 2204 3089 2275 aliquando,
3118 2203 3215 2274 qui
3246 2205 3414 2259 vastis

1842 2296 2175 2366 incultisque
2201 2297 2363 2352 terris
2386 2297 2698 2352 ambiantur
2721 2297 2933 2368 (quales
2967 2296 3021 2350 in
3043 2295 3409 2351 ldummor'um

1841 2397 1895 2445 et
1938 2390 2300 2445 Moabitarum
2342 2390 2639 2451 solitudine
2667 2406 2789 2446 esse
2825 2390 3129 2462 dicuntur),
3162 2390 3412 2467 intelligi,

1841 2496 1982 2551 quos
2010 2482 2163 2536 velut
2208 2482 2260 2535 in
2291 2482 2598 2553 exemplum
2652 2492 2970 2536 caeterorum
2998 2482 3412 2538 idololatrarum

1842 2572 2095 2637 assumit,
2133 2578 2194 2626 ut
2220 2573 2462 2642 gentium
2498 2573 2932 2641 assumptiouem
2958 2587 3025 2626 ex
3071 2582 3227 2643 parte
3273 2573 3418 2626 indi-

1845 2670 1951 2726 cet,
1973 2676 2112 2731 quas
2145 2676 2335 2716 errore
2362 2661 2531 2716 veteri
2566 2662 2777 2727 relicto,
2808 2672 2868 2716 ut
2892 2662 3042 2733 virgo
3063 2678 3222 2733 pura,
3261 2664 3409 2718 omni

1844 2752 1987 2817 labe,
2029 2752 2285 2822 omnique
2320 2768 2452 2824 ruga
2475 2760 2732 2807 carentes
2765 2752 3017 2818 evadant,
3051 2753 3118 2807 ad
3155 2754 3281 2808 vitae
3314 2770 3414 2808 no-

1845 2843 2338 2900 vitatem‘trausire
2374 2845 2667 2916 signiﬁcat,
2696 2846 3059 2915 principesque
3085 2845 3260 2916 ipsos,
3293 2853 3416 2898 tan-

1843 2952 2006 3008 quam
2028 2937 2116 3003 iis,
2139 2938 2233 3007 qui
2256 2938 2426 3007 legem
2446 2945 2773 3008 sequuntur,
2788 2937 3417 3006 superiores.etomniuo

165 3034 311 3105 νόμῳ
364 3034 650 3105 κρείττους
696 3034 1013 3103 γενόμενοι,
1066 3033 1159 3086 καὶ
1211 3032 1467 3099 καθάπαξ
1516 3033 1739 3104 δυνάμει

1846 3029 2053 3084 virtute
2075 3028 2345 3098 spirituali
2374 3029 2787 3099 praestantiores
2806 3028 3101 3091 evaserint,
3125 3029 3414 3098 potentiam

168 3125 511 3193 πνευματικῇ
550 3122 913 3194 διαφέροντες.
948 3123 1102 3186 Τινὲς
1153 3122 1210 3176 δέ
1241 3140 1406 3193 φασιν
1437 3123 1514 3187 ὡς
1546 3123 1743 3194 ψυχαῖς

170 3213 597 3276 παλαιωθείσαις
625 3214 682 3266 ὲν
711 3213 922 3283 ἡδοναῖς
949 3213 1047 3276 τὰς
1072 3211 1311 3283 ψυχικὰς
1336 3211 1517 3265 αὑτῶ)
1547 3212 1744 3267 ἀναλα-

171 3304 284 3358 ϐεῖν
310 3321 372 3357 συ
381 3303 671 3376 μϐουλεύει
698 3304 979 3375 δυνάμεις,
999 3303 1413 3373 ἀπονιψαμένας
1436 3305 1498 3356 τδ
1522 3302 1629 3356 τῶν
1641 3321 1747 3357 πι-

168 3397 273 3450 θῶν
296 3396 566 3467 ἁλμυρὸν,
596 3395 741 3450 τοῦτ’
762 3395 878 3449 ἔστι
923 3397 1016 3449 τὸν
1055 3395 1285 3450 παλαιὸν
1317 3393 1620 3465 ἄνθρωπον,
1650 3394 1745 3449 καὶ

168 3486 256 3541 τὸν
282 3489 402 3541 νέον
432 3487 817 3557 ὲνδυσαμένας,
853 3486 996 3541 κατὰ
1039 3486 1102 3540 τὸ
1146 3486 1344 3556 Παύλῳ
1378 3486 1586 3543 δοκοῦν.
1620 3483 1745 3540 Εἶθ’

170 3577 291 3648 ἑξῆς
312 3593 510 3649 φησινε·
538 3577 988 3649 Ἐγγισάτωσαν
1007 3578 1107 3632 καὶ
1126 3578 1578 3647 λαλησάτωσαν
1601 3577 1740 3648 ἅμα,

169 3670 236 3723 τὰ
259 3670 386 3742 ἔθνη
410 3669 593 3723 καλῶν
625 3670 765 3738 πρὸς
796 3670 986 3724 ἑαυτὸν
1007 3671 1037 3723 ό
1064 3670 1217 3735 Θεὸς,
1247 3670 1343 3723 καὶ
1367 3671 1539 3724 ταῦτα
1564 3669 1744 3738 λέγειν

170 3776 228 3812 τε
266 3763 361 3815 καὶ
405 3763 622 3833 φρονεῖν
649 3763 708 3813 ὲν
741 3760 1038 3832 Ἐκκλησία
1063 3761 1362 3827 διδάσκων,
1401 3760 1746 3834 κεκριμένως

172 3866 227 3902 τε
258 3850 320 3903 τὸ
344 3848 584 3921 Χριστοῦ
620 3848 1014 3917 καταγγέλλειν
1049 3851 1368 3919 μυστήριιν.
1403 3848 1525 3901 Τῶν
1552 3849 1662 3920 γὰρ
1685 3848 1744 3913 ἐξ

182 3941 533 4012 Ἰερουσαλὴμ
579 3943 785 4009 κρίσιν
814 3940 1191 4011 ὀνομαζόντων
1215 3940 1306 3993 τὸν
1338 3939 1524 4010 νόμον,
1558 3939 1746 4006 ἀντεξ-

172 4033 315 4102 άγων
353 4032 504 4103 αὑτῷ
537 4032 599 4085 τὸ
629 4031 901 4103 σωτηρίαν
931 4032 1193 4102 κήρυγμα
1238 4032 1445 4099 κρίσιν
1464 4029 1739 4084 ἐκάλεσεν.

173 4126 243 4179 Οὐ
273 4125 383 4197 γὰρ
414 4121 759 4192 δικαιοσύνης
784 4121 897 4192 ἔχει
934 4121 1113 4188 σκιὰν,
1147 4119 1283 4175 ἀλλὰ
1312 4121 1411 4192 τὴν
1438 4119 1614 4191 ἀληθῆ
1646 4119 1741 4172 τοῦ

172 4216 302 4270 Θεοῦ
325 4215 740 4289 δικαιοκρισίαν,
771 4215 838 4286 ἢν
863 4216 914 4268 ot
940 4215 1051 4267 νέοι
1084 4215 1237 4284 παρά
1271 4211 1508 4284 Χριστοῦ
1541 4211 1742 4283 μαθόν-

122 4365 131 4373 ,
170 4323 259 4370 τες
289 4307 629 4361 διδάσκουσιν
659 4305 950 4374 ἄρχοντες
970 4343 986 4371 ,
1024 4302 1277 4375 βούλησιν
1310 4298 1472 4357 οὖσαν
1490 4301 1584 4356 τοῦ
1603 4301 1740 4356 Θεοῦ

173 4398 264 4451 καὶ
300 4398 562 4469 Πατέρος.
1334 4404 1338 4409 ’

238 4489 395 4553 Τινὲς
416 4489 474 4543 δέ
502 4505 686 4558 φασιν,
714 4486 790 4552 ὡς
811 4488 902 4541 τδν
934 4487 1063 4558 περὶ
1086 4486 1338 4557 κρίσεως
1363 4485 1522 4555 λόγον
1547 4484 1736 4557 βούλε-

173 4594 256 4632 ται
283 4579 349 4631 τὰ
377 4579 504 4648 ἔθνη
535 4578 775 4649 μαθόντα
806 4580 899 4632 καὶ⁴
925 4580 1132 4645 ἑτέροις
1155 4575 1578 4647 ἀπαγγέλλειν,
1600 4576 1741 4646 γνῶ-

173 4669 257 4722 ναί
288 4686 347 4723 τε
379 4672 470 4736 τίς
490 4669 796 4740 ἐξήγειρεν
829 4671 947 4725 ἀπὸ
984 4664 1299 4725 ἀνατολῶν
1321 4668 1737 4736 δικαιοσύνην.

173 4760 560 4828 Δικαιοσύνης
590 4761 698 4829 γάρ
720 4759 879 4831 ἔργον
899 4761 960 4813 τὸ
984 4760 1059 4831 μὴ
1083 4759 1245 4831 μόνον
1279 4758 1585 4823 Ἰουδαίους,
1606 4760 1743 4814 ἀλλά

174 4851 263 4902 καὶ
286 4850 353 4902 τὰ
384 4851 544 4905 λοιπὰ
572 4850 680 4904 τῶν
712 4851 880 4905 ὲθνῶν
911 4849 1210 4919 ἐπιγνῶναι
1238 4849 1329 4903 τὸν
1356 4850 1579 4921 Κύριον.
1596 4850 1655 4904 ’0
1681 4850 1740 4904 δὲ

129 4982 133 4987 .
174 4936 310 5001 θεῖος
341 4939 660 5002 Ἀπόστολος
675 4940 771 4993 καὶ
795 4940 887 4993 τὸν
909 4938 1143 5010 Χριστὸν
1168 4936 1566 5004 δικαιοσύνην
1584 4937 1742 4990 καλεῖ

173 5026 371 5095 λέγων’
414 5032 543 5093 ι’ος
589 5030 823 5101 ἐγενήθη
857 5033 987 5102 ἡμῖν
1018 5031 1177 5100 σοφία
1207 5031 1316 5084 ἀπὸ
1341 5029 1498 5095 Θεοῦ,
1527 5028 1735 5082 δικαιο-

175 5115 304 5186 σύνη
332 5134 390 5171 τε
416 5118 513 5172 καὶ
542 5119 839 5191 ἁγιασμὸς,
880 5120 974 5172 καὶ
1005 5120 1403 5189 ἀπολύτρωσις.
1441 5137 1459 5170 ι
1494 5117 1649 5171 (lbra)
1678 5117 1736 5171 δὲ

174 5210 266 5263 καὶ
286 5209 373 5264 τὸν
404 5211 759 5279 εύαγγελικδν
771 5214 926 5266 καλεῖ
949 5211 1129 5280 λόγον,
1161 5211 1335 5280 λέγων
1357 5226 1372 5240 '
1402 5211 1478 5265 Οὐ
1502 5208 1612 5281 γὰρ
1638 5211 1735 5262 ὲπ-

176 5299 491 5371 αισχύνομαι
523 5302 585 5355 τὸ
617 5301 959 5372 Εὐαγγέλιον
993 5301 1221 5372 δύναμιν
1249 5318 1310 5354 τε
1338 5300 1572 5362 καλέσας
1599 5299 1733 5352 Θεοῦ

240 5478 285 5509 τ’
311 5477 520 5540 Coloss.
545 5499 628 5549 ιιι,
670 5484 724 5549 9,
768 5483 855 5538 10.
932 5482 1021 5535 "l
1059 5482 1184 5538 Cor.
1222 5498 1258 5547 ι,
1287 5486 1378 5541 50.

1846 3128 2188 3176 commutare.
2217 3118 2458 3175 Censent
2479 3120 2572 3174 alii
2602 3120 2840 3187 animas,
2867 3133 2988 3190 quae
3017 3134 3076 3174 se
3110 3119 3203 3173 diu
3258 3120 3417 3174 volu~

1844 3212 2088 3281 ptatibus
2107 3211 2480 3278 exhauserint,
2501 3211 2566 3266 ad
2590 3211 2735 3265 vires
2757 3210 2864 3266 sibi
2901 3210 3256 3281 reparandas,
3281 3210 3416 3265 affe-

1845 3304 2199 3373 ctionumque
2231 3304 2598 3375 salsilagine'n
2632 3303 2941 3369 eluendam,
2969 3303 3021 3359 id
3058 3313 3142 3359 est
3171 3304 3236 3358 ad
3264 3314 3415 3359 vete-

1846 3410 1961 3451 rem
1996 3396 2316 3463 'hominem,
2347 3401 2648 3453 secundum
2712 3395 2942 3451 Paulum
2977 3398 3042 3460 ⁷³,
3081 3399 3416 3464 esuendum,

1846 3502 2156 3558 novumque
2191 3488 2527 3545 induendum
2565 3489 2870 3544 adhortari.
2907 3488 3071 3544 Addit
3103 3505 3231 3545 vero
3261 3489 3417 3545 dein-

1844 3593 1996 3649 ceps,
2028 3579 2303 3643 accedant,
2334 3589 2383 3635 et
2412 3581 2697 3651 loquantur
2717 3581 2898 3644 simul,
2935 3582 3088 3651 quasi
3116 3591 3306 3653 gentes
3350 3582 3417 3636 ad

1846 3669 2087 3740 seipsum
2115 3680 2338 3726 vocatas
2357 3672 2545 3727 eadem
2565 3671 2618 3725 in
2640 3661 2881 3728 Ecclesia
2911 3671 3094 3728 dicere
3122 3683 3177 3728 et
3202 3689 3415 3744 sapere,

1839 3762 2159 3832 iudicioque
2207 3764 2456 3819 adhibito
2485 3765 2688 3820 Christi
2722 3766 3044 3836 mysterium
3086 3767 3416 3821 annuntiare

1847 3847 1992 3905 Deus
2015 3859 2255 3906 moneat.
2278 3851 2414 3918 Quia
2440 3854 2585 3907 enim
2618 3852 2788 3923 legem
2810 3855 3008 3923 judieii
3035 3856 3255 3911 nomine
3291 3855 3417 3912 Hie—

1845 3943 2220 4012 rosolymilani
2265 3944 2676 4014 nuncupabant,
2710 3945 2765 4000 in
2814 3945 2941 4011 ejus
2992 3946 3171 4000 locum
3219 3949 3415 4004 salutis

1842 4033 2008 4106 450
2036 4035 2528 4107 promulgationem
2594 4037 2958 4101 substituens,
2987 4038 3234 4094 eamdem
3272 4039 3416 4109 judi-

1843 4128 1981 4181 cium
2005 4129 2239 4194 vocavit,
2273 4144 2394 4198 quae
2415 4143 2524 4184 non
2550 4128 2779 4196 iustitiae
2801 4129 3072 4195 umbram,
3103 4131 3198 4185 sed
3231 4147 3411 4186 veram

1843 4215 1939 4272 Dei
1969 4220 2023 4272 in
2056 4217 2355 4288 judicando
2409 4220 2677 4275 rationem
2731 4222 3129 4291 complectitur,
3166 4237 3325 4292 quam
3381 4241 3411 4279 a

1841 4306 2062 4363 Christo
2114 4314 2392 4378 acceptam
2429 4307 2582 4378 (quia
2621 4305 2712 4362 Dei
2739 4316 2794 4363 et
2840 4307 3017 4364 Patris
3074 4310 3409 4364 voluntatem

1767 4403 1814 4460 D
1842 4397 2063 4470 habeat)
2094 4401 2217 4452 novi
2245 4398 2502 4468 principes
2519 4398 2867 4470 profitentur.

1915 4487 2112 4542 Putant
2134 4490 2225 4543 alii
2264 4490 2563 4559 postulare,
2614 4498 2673 4544 ut
2722 4490 2927 4561 qude
2962 4489 3170 4558 judicio
3223 4499 3413 4561 gentes

1839 4579 2170 4643 didicerunt,
2200 4580 2322 4634 aliis
2352 4581 2515 4635 etiam
2564 4580 2698 4651 ipsa:
2723 4582 3055 4648 annuntient,
3087 4589 3253 4652 utque
3276 4586 3416 4652 quis-

1844 4687 1968 4725 nam
1991 4672 2055 4726 ab
2092 4672 2287 4725 oriente
2301 4671 2570 4741 justitiam
2594 4673 2888 4738 suscitavit,
2921 4684 3246 4744 agnoscant.
3275 4672 3416 4728 Fore

1844 4760 1990 4816 enim
2037 4758 2267 4829 justitia:
2319 4776 2493 4829 opus,
2524 4761 2572 4816 si
2621 4777 2733 4815 non
2783 4760 2956 4816 Judaei
3014 4771 3244 4828 tantum,
3317 4766 3411 4819 sed

1844 4851 2072 4920 reliquae
2099 4860 2292 4922 gentes
2319 4852 2482 4906 etiam
2508 4850 2725 4906 Domini
2747 4854 3112 4922 cognitionem
3138 4854 3413 4923 adipisca-

1844 4949 1955 4996 tur.
1980 4942 2124 5007 Quin
2146 4951 2200 4996 et
2232 4942 2728 5013 beatusApostolus
2747 4943 3028 4999 Christum
3054 4945 3416 5015 ipsumjusti-

1843 5032 1974 5085 tiam
2001 5032 2355 5100 nuncupavit,
2386 5032 2515 5087 dum
2553 5034 2650 5096 ait,
2688 5053 2706 5085 ι
2732 5033 2836 5101 Qui
2890 5034 3069 5090 factus
3110 5043 3195 5090 est
3253 5037 3412 5091 nobis

1842 5121 2110 5189 sapientia
2137 5135 2164 5173 a
2197 5120 2329 5184 Deo.
2361 5133 2415 5178 et
2447 5121 2686 5192 justitia,
2712 5135 2767 5179 et
2809 5125 3197 5189 sanctificatio,
3228 5135 3282 5179 et
3328 5141 3415 5181 re-

1841 5207 2080 5276 demptio
2108 5207 2175 5263 ".
2207 5227 2226 5260 ι
2265 5209 2356 5265 Sic
2382 5219 2435 5265 et
2460 5212 2601 5265 idem
2663 5213 3047 5282 Evangelicum
3103 5229 3409 5270 sermonem

1844 5298 2097 5368 appellat,
2126 5298 2254 5355 dum
2288 5317 2348 5358 se
2382 5302 2733 5373 Evangelium
2775 5317 2885 5359 non
2932 5309 3258 5364 erubescere
3288 5321 3414 5374 pru-

1481 5596 1702 5653 ντΑιιιιε
1744 5555 2127 5655 Lecrloaes

241 5671 276 5694 "
316 5680 404 5732 γρ.
434 5665 522 5728 ἃς.
600 5676 627 5705 ³
651 5685 741 5735 γρ.
772 5667 976 5738 ὥσπερ.

480 5760 745 5821 ΡΑτιιοι..
778 5759 896 5818 Gn.
939 5758 1302 5823 LXXXVII.

2982 5764 3055 5826 ἰι
