4010 6302
429 288 450 306 .
525 253 667 314 2347-

1853 263 2210 326 PRUCUI‘U
2233 261 2481 325 GA-zut

2560 207 2608 222 ο(
2640 216 2645 219 Ἴ

3630 260 3789 325 23ἆὸ

520 377 727 442 fessus,
765 374 1019 431 virtutem
1048 374 1142 431 Dei
1196 375 1434 449 idipsutn
1482 392 1606 435 esse
1638 378 1931 450 adjicit,in
1986 396 2096 451 quo

2204 381 2424 451 ιπάγει·
2456 379 2775 451 Δικαιοσύνη
2807 380 2917 451 γὰρ
2955 377 3092 435 Θεοῦ
3122 356 3181 434 ὲν
3209 376 3358 450 αὐτῷ
3386 379 3788 436 ammon-rs-

521 470 741 540 justitia
774 468 896 538 ejus
926 469 1226 534 reveletur,
1255 470 1349 540 qui
1387 471 1559 540 ipsam
1584 473 1890 536 ali-oriente,
1915 480 1976 526 ut
2014 472 2098 528 lu—

525 575 641 616 cem
672 561 1029 628 sequentibus
1061 560 1320 632 praebeat,
1337 564 1609 628 excitavit,
1635 574 1683 618 et
1710 564 1859 619 dedit
1888 567 1942 619 in
1971 581 2095 619 con-

524 661 756 719 spectum
782 653 1038 720 gentium,
1074 653 1219 708 unde
1246 655 1645 711 tumultuantes
1677 658 1915 728 primum
1937 671 2095 728 reges

525 743 581 796 in
613 756 729 806 eos,
766 741 860 811 qui
887 756 1007 796 eam
1060 742 1345 806 haberent.
1378 747 1819 814 persecutionem
1870 746 2094 817 quidem

527 849 764 898 movere,
797 833 891 888 sed
927 834 997 889 ab
1026 835 1559 901 eadem,auxiliante
1582 836 1715 903 Deo,
1752 838 1895 893 vinci
1920 848 1973 894 et
1998 854 2095 894 su-

526 925 705 996 perari
739 926 989 995 contigit.
1019 923 1137 994 Ipse
1165 927 1310 980 enim
1366 927 1613 984 hosticas
1646 944 1836 985 eorum
1882 929 2096 983 machi-
2133 989 2143 999 _

526 1030 651 1080 nas,
688 1024 947 1085 tanquam
1004 1016 1257 1069 cremium
1297 1016 1623 1086 disperdidit
1668 1020 1905 1090 viamque
1947 1035 2098 1075 com-

523 1106 788 1179 planavit,
821 1107 877 1160 in
903 1122 1032 1176 pace
1062 1107 1217 1177 pedes
1247 1110 1361 1178 ejus
1397 1110 1704 1175 transirent,
1723 1112 1814 1181 qui
1823 1110 2096 1180 justitiam

525 1200 591 1254 ab
639 1200 752 1268 ipso
781 1200 1178 1269 generationum
1216 1201 1474 1269 principia
1532 1204 1760 1268 vocavit,
1800 1218 1897 1273 per
1930 1217 2096 1274 quam

524 1305 627 1346 nos
660 1291 957 1361 postremis
980 1288 1201 1343 tandem
1229 1291 1447 1345 sareulis
1471 1294 1828 1362 corruptione
1861 1293 2096 1349 diaboli-

526 1399 634 1454 que
670 1383 935 1436 aviditate
960 1390 1014 1435 et
1046 1381 1240 1436 fraude
1276 1383 1556 1446 liberatos,
1589 1399 1688 1453 per
1740 1383 1898 1439 ﬁdem
1934 1384 2097 1440 deni-

529 1491 635 1546 que
673 1474 1037 1538 illuminatos,
1068 1487 1193 1527 cum
1252 1473 1307 1528 in
1354 1474 1596 1530 tenebris
1629 1476 2101 1545 versaremur,ju-

529 1554 806 1633 stilicavit,
840 1565 932 1639 qui
964 1580 1060 1637 per
1095 1568 1417 1636 prephetam
1450 1566 1625 1620 dicit:
1664 1586 1684 1620 ι
1716 1566 1783 1620 Et
1819 1568 2099 1623 exorietur

527 1662 702 1726 vobis,
731 1661 824 1730 qui
864 1671 1062 1713 nomen
1092 1672 1269 1713 meum
1310 1658 1575 1723 metuitis,
1603 1656 1694 1714 Sol
1718 1659 2098 1727 justitnae'UJ

2193 473 2414 537 ται.⁴“ος
2440 474 2536 527 καὶ
2566 473 2638 538 ἐξ
2666 470 2981 527 ἀνατολῶν
3007 473 3202 541 αὐτὴν
3228 471 3431 541 ἤγειρε
3456 470 3553 525 τοῦ
3594 472 3788 541 φωτὸς

2195 568 2275 629 εἰς
2300 564 2358 618 τὸ
2382 564 2611 619 ἔπεσθαι
2644 564 2815 633 αὐτῷ,
2844 563 2990 629 δοὺς
3013 561 3208 630 αὐτὴν
3232 562 3354 617 τῶν
3381 562 3572 617 ἐθνῶν
3599 564 3790 616 erar-

2194 659 2345 721 τίον,
2367 659 2445 720 ὡς
2472 656 2840 727 θορυϐηθῆναι
2860 654 2931 707 τὰ
2958 654 3149 724 πρῶτα
3166 654 3299 717 τοὺς
3328 654 3507 708 αὐτῶν
3531 654 3787 718 βασιλεῖς

2194 748 2468 817 διωγμοὺς
2494 749 2604 809 τοῖς
2634 744 2851 815 ἔχουσιν
2889 745 3057 815 αὐτὴν
3088 743 3501 811 ὲπεγείραντας,
3535 742 3789 811 ἠττηϐἧ-

2195 858 2286 895 ναι
2314 839 2371 892 δὲ
2402 838 2536 909 πρὸς
2568 837 2775 905 ταύτης
2805 833 3252 906 ὑπερμαχοῦντος
3278 833 3435 887 Θεοῦ.
3461 835 3631 896 Αὐτὸς
3665 833 3789 902 γὰρ

2194 930 2264 985 τὰ
2286 929 2555 999 πολεμικὰ
2582 927 2788 981 τούτων
2813 925 3134 995 φρυγάνων
3149 925 3303 994 δίκην
3325 923 3607 992 ἠφάνισεν,
3624 921 3791 976 ὁδὸν

2195 1021 2482 1091 δμαλεσαςν,
2515 1018 2591 1081 ὡς
2625 1019 2696 1072 ἐν
2728 1019 2938 1086 εἰρήνῃ
2970 1015 3230 1070 διελθεῖν
3265 1013 3405 1080 τσὺς
3444 1013 3633 1079 πόδας
3670 1014 3792 1068 αὑ-

2195 1112 2323 1175 τοῦ,
2353 1096 2471 1178 τὴν
2497 1109 2898 1176 δικαιοσύνην
2942 1107 3063 1163 ἀπὸ
3109 1104 3336 1177 γενεῶν
3364 1104 3629 1169 καλέσας
3670 1105 3792 1170 ἀρ-

2196 1203 2401 1273 χαίων,
2441 1201 2508 1255 δι’
2529 1197 2598 1274 ἧς
2638 1202 2725 1253 ἐπ’
2747 1201 2991 1269 ἐσχάτων
3026 1199 3329 1270 ῥυσάμενος
3356 1196 3502 1266 ἡμᾶς
3542 1195 3652 1248 ἀπὸ
3679 1194 3796 1263 τῆς

2198 1294 2539 1366 φθορᾶς,καὶ
2573 1292 2676 1362 τῆς
2702 1290 2797 1345 τοῦ
2830 1290 3076 1344 διαϐόλου
3104 1288 3448 1354 πλεονεξίας,
3484 1286 3795 1339 ἐδικαίωσε

2194 1382 2285 1439 διὰ
2334 1384 2570 1446 πίστεως
2622 1383 2863 1452 φωτίσας
2897 1381 3315 1451 ὲσκοτισμένους
3361 1379 3449 1432 διὰ
3491 1376 3794 1448 προφήτου
3882 1372 3885 1373 ν

2195 1475 2408 1544 λέγων’
2465 1492 2485 1526 ι
2514 1473 2626 1526 Kal.
2670 1473 2923 1526 ἀνατελετ
2966 1473 3096 1540 ὑμῖν
3144 1473 3257 1532 τοῖς
3304 1467 3661 1539 φοϐουμένοις
3724 1466 3795 1520 τδ

2194 1566 2367 1635 ὄνομα
2414 1581 2516 1636 μου
2553 1565 2703 1636 ἥλιος
2733 1563 3105 1633 δικαιοσύνης.
3140 1581 3160 1615 ι
3211 1562 3384 1624 Αὐτὸς
3417 1558 3512 1613 οὖν
3562 1557 3795 1613 ἐκάλε-

2200 1674 2313 1714 σεν
2341 1658 2535 1727 αὐτὴν
2562 1657 2960 1729 ἐμφανισθῆναι
3002 1658 3114 1718 τοῖς
3162 1655 3257 1707 hri.
3302 1653 3428 1722 γῆς,
3452 1652 3602 1705 τοῦτ’
3627 1652 3796 1703 ἔστιν

529 1750 649 1822 Ipse
683 1720 851 1820 igitur
886 1765 1003 1802 eam
1034 1746 1258 1812 vocavit,
1293 1755 1354 1801 ut
1374 1748 1462 1813 iis,
1485 1720 1578 1818 qui
1611 1749 1665 1804 in
1696 1720 1841 1804 terra
1869 1750 2095 1821 degunt,

2204 1748 2374 1803 ἐλθεῖν
2420 1720 2824 1820 παρεσκεύασε,
2852 1720 2928 1811 ὧς
2977 1746 3071 1799 καὶ
3103 1720 3435 1816 πορεύεσθαι
3464 1742 3607 1796 κατὰ
3636 1741 3796 1793 πόδα

528 1849 814 1916 appareret
847 1857 863 1896 :
901 1841 954 1897 id
988 1847 1098 1905 est,
1124 1839 1379 1895 veniendi
1418 1848 1614 1895 auctor
1637 1839 1759 1908 fuit,
1789 1849 1849 1897 ut
1899 1857 2101 1898 secun-

529 1931 658 1986 dum
710 1931 853 1984 viam
879 1930 1021 2000 ejus,
1050 1929 1144 1998 qui
1174 1929 1412 1993 vocavit,
1446 1931 1770 1985 ambularet.
1816 1931 1909 1986 Dei
1952 1933 2099 1987 enim

528 2022 820 2093 Patrisque
875 2021 1121 2091 vestigiis
1174 2021 1490 2086 insistebat,
1526 2022 1618 2092 qui
1668 2023 1978 2093 ejusopera
2004 2024 2102 2080 ad-

532 2116 788 2186 implens,
819 2127 918 2169 sua
945 2113 1098 2166 illum
1126 2120 1346 2180 natura,
1371 2113 1463 2168 cui
1493 2114 1721 2185 aequalis
1778 2123 1886 2180 est,
1914 2116 2102 2186 expri-

530 2214 726 2263 meret.
754 2203 913 2260 Unde
949 2204 1064 2258 ait:
1103 2222 1122 2255 ι
1153 2204 1212 2258 Si
1238 2219 1347 2259 non
1391 2191 1535 2260 facio
1573 2219 1739 2275 opera
1770 2203 1949 2262 Patris
1972 2208 2100 2274 mei,

532 2298 704 2354 nolite
732 2295 865 2350 mihi
895 2293 1118 2349 credere
1145 2281 1189 2360 δ,
1229 2312 1248 2346 ι
1278 2303 1332 2351 et
1363 2309 1485 2366 qua:
1527 2303 1849 2366 sequuntur.
1871 2294 2098 2363 Deinde,

532 2407 663 2447 eum
692 2388 964 2444 voluntati
996 2388 1120 2457 ejus
1166 2388 1588 2458 obsequeretur,
1615 2389 1699 2444 vel
1736 2390 1940 2460 potius,
1975 2406 2101 2446 cum

533 2487 651 2556 ipse
686 2481 866 2536 Patris
900 2481 1155 2535 voluntas
1174 2480 1486 2545 exsisteret,
1518 2480 1591 2535 ita
1609 2477 1829 2537 Iudaeos
1859 2481 2102 2552 alloque—

532 2573 697 2629 batur
727 2588 740 2625 :
787 2587 806 2622 ι
836 2569 946 2626 Vos
988 2569 1289 2625 secundum
1314 2569 1471 2641 451
1531 2585 1750 2627 carnem
1784 2571 2050 2642 judicatis
2083 2588 2099 2631 :

524 2681 636 2738 ego
657 2673 846 2720 autem
900 2679 1008 2743 non
1044 2662 1234 2734 judico
1256 2678 1607 2733 quemquam.
1647 2682 1667 2716 ι
1698 2663 1784 2731 Et,
1818 2681 1837 2716 t
1876 2666 1921 2721 si
1956 2664 2102 2736 judi-

510 2772 599 2827 co
645 2770 769 2826 ego,
793 2754 1063 2824 judicium
1095 2768 1276 2810 meum
1320 2769 1509 2809 verum
1542 2764 1649 2818 est,
1679 2756 1938 2825 quoniam
1990 2770 2101 2811 non

534 2863 721 2917 quaero
739 2848 1075 2901 voluntatem
1111 2860 1308 2910 meam,
1325 2847 1418 2902 sed
1437 2846 1557 2916 ejus
1579 2848 1671 2918 qui
1688 2848 1837 2905 misit
1864 2863 1950 2904 me
1973 2849 2041 2916 “,
2078 2868 2097 2902 ι

535 2939 681 3008 quod
711 2938 901 2994 eodem
939 2938 1065 3006 pede
1097 2953 1218 2993 cum
1250 2936 1414 2992 Patre
1466 2954 1695 3010 pergere
1720 2955 1847 2995 vere
1875 2941 2100 3009 dixeris,

2198 1840 2293 1895 τοῦ
2339 1840 2690 1911 κεκληκότος.
2725 1840 2864 1894 Κατ’
2886 1839 3034 1908 ἴχνος
3080 1836 3191 1907 γὰρ
3236 1835 3450 1898 ὲὸάδιςε
3496 1832 3591 1886 τοῦ
3634 1830 3795 1885 Θεοῦ

2199 1935 2293 1989 καὶ
2338 1935 2598 2007 Πατέρος,
2629 1935 2696 1988 τὰ
2731 1933 2943 1987 ἐκείνου
2993 1932 3130 2003 ἔργα
3177 1929 3420 2000 πληρῶν,
3469 1928 3528 1981 ἑν
3573 1926 3685 1996 ἰδίᾳ.
3726 1940 3797 1979 τι

2197 2024 2388 2079 τοῦτον
2422 2025 2581 2095 φύσει
2608 2018 2955 2088 δεικνύς.Ἦν
2975 2023 3083 2093 γὰρ
3108 2022 3221 2084 ἴσος
3250 2019 3419 2090 αὐτῷ.
3451 2019 3543 2070 Διό
3574 2031 3793 2086 φησιν·

2209 2136 2227 2170 ι
2253 2119 2317 2172 Ei
2346 2119 2407 2171 οὐ
2440 2116 2578 2172 sunt?)
2610 2118 2679 2172 τὰ
2711 2116 2851 2187 ἔργα
2881 2115 2976 2169 τοῦ
3008 2115 3249 2183 Πατέρος
3274 2129 3396 2183 μου,
3422 2112 3496 2182 μὴ
3520 2108 3797 2163 πιστεύει

2200 2211 2260 2265 τέ
2297 2227 2386 2282 μοι
2407 2250 2421 2276 ,
2455 2228 2475 2262 ι
2506 2212 2602 2264 καὶ
2630 2209 2698 2264 τὰ
2719 2208 2884 2278 ἑξῆς.
2912 2208 2990 2280 Τῇ
3021 2205 3188 2260 αὐτοῦ
3220 2205 3277 2259 δὲ
3308 2204 3523 2274 θελήσει
3551 2202 3799 2255 ἀκολου-

2202 2301 2351 2368 θῶν,
2393 2302 2593 2373 μᾶλλον
2646 2301 2702 2354 δὲ
2750 2299 2968 2370 θέλησις
3009 2297 3085 2352 ὢν
3118 2297 3214 2352 τοῦ
3263 2297 3539 2367 Πατέρος,
3590 2295 3798 2363 ἔλεγεν

2215 2395 2511 2457 Ἰουδαίοις·
2546 2411 2565 2445 ι
2586 2392 2776 2462 Ὑμεῖς
2804 2392 2943 2445 κατὰ
2965 2394 3065 2459 τὴν
3097 2390 3275 2459 σάρκα
3306 2389 3539 2459 κρξνετε,
3575 2384 3694 2451 ἐγὼ
3724 2385 3796 2438 οὐ

2203 2484 2375 2555 κρίνω
2421 2482 2630 2536 οὐδένα.
2660 2500 2680 2534 ι
2730 2480 2836 2534 Καί
2857 2498 2873 2512 ο
2912 2498 2932 2533 ι
2954 2480 3080 2533 Ἐὰν
3110 2481 3281 2551 κρίνω
3305 2476 3437 2545 ἐγὼ,
3466 2479 3499 2547 ἠ
3530 2476 3729 2546 κρίσις
3756 2474 3796 2544 ἡ

2203 2577 2312 2649 ἐμὴ
2349 2576 2535 2630 δικαία
2567 2574 2735 2640 ἐστὶν,
2770 2575 2852 2627 ὅτι
2895 2574 2957 2626 οὐ
2987 2571 3139 2642 ζητῶ
3168 2572 3229 2625 τὸ
3257 2570 3470 2639 θέλημα
3512 2569 3576 2622 τὸ
3622 2569 3795 2637 ἐμὸν,

2203 2669 2340 2722 ἀλλὰ
2370 2668 2432 2722 τὸ
2459 2667 2673 2738 θέλημα
2694 2665 2789 2719 τοῦ
2819 2665 3131 2735 πέμψαντός
3161 2680 3248 2733 με,
3271 2682 3290 2714 ι
3320 2664 3458 2730 ὅπερ
3491 2662 3607 2713 ἐστὶ
3627 2661 3798 2715 κατὰ

2205 2761 2361 2815 πόδα
2388 2762 2589 2832 χωρεῖν
2610 2758 2705 2812 τοῦ
2734 2759 2874 2812 Πατέ
2885 2775 2995 2828 ρος,
3021 2756 3144 2810 ὅθεν
3172 2755 3381 2822 ἔλεγεν·
3419 2773 3438 2805 ι
3459 2750 3600 2820 Ἐγὼ
3620 2755 3683 2805 ὲν
3706 2753 3797 2824 τῷ

2205 2854 2407 2924 Πατὲρι
2426 2894 2441 2918 ,
2475 2851 2573 2906 καὶ
2602 2851 2631 2902 δ
2664 2850 2854 2921 Πατὴρ
2882 2851 2941 2902 ὲν
2970 2848 3114 2919 ἐμοι.
3146 2866 3166 2899 ι
3200 2846 3343 2900 Καί·
3390 2863 3412 2897 ι
3433 2846 3488 2899 ’0
3512 2844 3798 2917 ἑωρακὼς

2204 2945 2322 3017 ἐμὲ,
2354 2943 2568 3014 ἑώρακε
2595 2941 2688 2995 τδν
2711 2941 2951 3012 Πατέρα.
2984 2958 3002 2991 ι
3037 2938 3116 2991 Δι’
3137 2930 3214 2991 ὧν
3239 2936 3526 2998 ἁπάντων,
3558 2937 3692 2999 τοὺς
3731 2937 3800 3002 ἑξ

530 3045 659 3084 cum
710 3029 1055 3095 κήδειοι-,ι
1092 3027 1204 3098 Ego
1261 3028 1315 3082 in
1375 3027 1554 3095 Patre,
1589 3039 1643 3084 et
1697 3029 1857 3086 Pater
1916 3031 1973 3087 in
2018 3048 2100 3090 me

2205 3036 2380 3105 ἀρχῆς
2408 3030 3003 3093 καταδυναστευθέντας
3033 3028 3138 3083 ὑπὸ
3176 3029 3285 3082 τῶν
3322 3029 3800 3097 κοσμοκρατόρων

530 3129 616 3176 est
642 3119 712 3174 ¹¹.
755 3137 774 3171 ι
815 3118 918 3172 Et:
960 3137 979 3170 ι
1007 3118 1113 3186 Qui
1140 3119 1290 3174 videt
1326 3134 1434 3183 me,
1466 3119 1699 3177 videtet
1730 3121 1944 3178 Patrem
1975 3124 2039 3178 η.
2076 3143 2095 3178 ι

535 3210 748 3279 Quibus
778 3210 1033 3265 omnibus
1080 3225 1200 3274 eos,
1232 3211 1324 3281 qui
1360 3226 1390 3265 a
1412 3212 1688 3284 principio
1710 3215 1766 3269 in
1808 3215 1971 3286 hujus
2004 3231 2104 3273 sae-

535 3305 646 3359 culi
675 3304 1137 3374 tenebrarumque
1155 3304 1423 3373 principis
1450 3310 1777 3374 potestatem
1812 3317 2100 3374 venerant,

536 3395 780 3465 ejusdem
805 3394 1095 3465 tyrannide
1117 3394 1387 3458 liberavit;
1416 3411 1556 3466 quos
1613 3396 1680 3451 ad
1716 3404 1922 3452 tantam
1979 3401 2104 3456 vita:

533 3487 1018 3540 commutationem
1046 3485 1463 3554 obstupescentes
1490 3502 1646 3558 reges
1661 3488 1845 3546 dicere
1874 3492 2057 3548 valeas
2082 3509 2096 3560 ;

536 3575 630 3645 qui
665 3576 1003 3640 intueantur,
1041 3584 1100 3630 ut
1123 3576 1227 3646 ipsi
1267 3577 1598 3643 ceciderant,
1625 3586 1685 3632 ut
1722 3580 1915 3634 arentia
1944 3582 2099 3638 simi-

539 3668 617 3722 les
641 3675 931 3723 evaserant
957 3684 971 3734 ;
1004 3678 1064 3724 ut
1092 3668 1272 3725 omnis
1294 3667 1533 3738 denique
1564 3669 1693 3725 mali
1730 3673 1915 3743 operis
1958 3675 2100 3731 ratio

538 3769 761 3829 propter
821 3758 1090 3829 direptam
1148 3775 1246 3832 per
1297 3761 1579 3817 Christum
1633 3761 1938 3820 adversarii
2000 3783 2097 3823 su-

2202 3121 2297 3177 τοῦ
2329 3115 2553 3184 σκότους
2576 3119 2767 3172 τούτου
2800 3119 2901 3187 τῆς
2928 3117 3242 3189 τυραννίδος
3274 3114 3660 3181 ἀπήλλαξεν-ο
3690 3116 3801 3180 οὓς

2203 3215 2376 3277 εῐποις
2404 3212 2473 3266 ἂν
2498 3211 2753 3283 βασιλέας
2779 3210 3184 3276 ἐξεστηκότας
3206 3209 3298 3260 ἐπὶ
3326 3210 3392 3277 τῇ
3420 3206 3657 3276 τοσαύτῃ
3684 3205 3798 3260 τοῦ

2205 3305 2329 3377 βίον
2361 3303 2653 3376 μεταϐολῇ,
2682 3303 2780 3372 τὴν
2811 3300 3017 3354 πτῶσιν
3046 3298 3287 3371 δρῶντας
3316 3298 3412 3368 τὴν
3435 3297 3664 3363 ἑαυτῶν,
3687 3299 3802 3352 καὶ

2203 3397 2278 3460 ὡς
2307 3392 2636 3465 φρυγάνοις
2681 3392 2787 3446 ῐσοι
2831 3388 3143 3458 γεγόνασιν,
3178 3387 3272 3441 καὶ
3315 3386 3423 3448 πᾶς
3460 3383 3641 3438 αὐτῶν
3678 3400 3800 3437 κα-

2205 3485 2468 3559 κουργίας
2495 3483 2765 3555 ἠσθένησε
2791 3481 3014 3552 τρόπος.
3044 3476 3283 3549 Χριστοῦ
3302 3478 3371 3529 τὰ
3402 3478 3573 3545 σκεύη
3598 3474 3800 3529 αὐτῶν

2203 3579 2630 3653 διαρπάσαντος.
2675 3593 2694 3627 ι
2726 3574 2801 3628 Οὐ
2832 3573 2938 3644 γὰρ
2960 3571 3256 3641 ὠφελήσει,
3286 3569 3471 3639 φησιν,
3506 3567 3703 3639 ἐχθρὸς
3732 3568 3800 3621 ὲν

2206 3670 2375 3743 αὐτῷ,
2406 3670 2505 3725 καὶ
2550 3668 2664 3732 υἱὸς
2692 3664 2922 3737 ἀνομίας
2951 3662 3012 3718 οὗ
3049 3654 3351 3734 προσθήσει
3386 3659 3485 3714 τοῦ
3529 3660 3798 3715 κακῶσαι

2204 3766 2391 3822 αὐτόν.
2425 3780 2444 3815 ι

537 3854 860 3924 peltectilem
884 3854 1220 3928 elanguerat.
1242 3874 1261 3908 ι
1288 3854 1410 3912 Non
1449 3860 1596 3914 enim
1640 3860 1915 3932 proﬁciet,
1939 3864 2138 3937 inquit,
2182 3859 2538 3922 adversarius
2574 3856 2627 3914 in
2650 3871 2738 3923 eo,
2773 3861 2829 3912 et
2848 3852 2994 3910 ﬁlius
3042 3850 3354 3923 iniquitatis
3385 3864 3497 3906 non
3541 3857 3793 3921 apponet

528 3958 737 3998 nocere
775 3944 826 3999 ei
844 3945 931 4003 ¹²·.
963 3958 984 3993 ι

606 4037 829 4108 Fugatis
869 4049 1000 4108 ergo
1040 4038 1323 4111 pulsisque
1370 4039 1725 4113 adversariis,
1775 4047 1859 4101 via
1907 4044 2099 4118 pedum

530 4128 825 4198 ejns'facta
867 4136 945 4182 est
988 4128 1214 4197 ἔπραθε.
1269 4127 1413 4184 Nihil
1451 4133 1596 4187 enim
1632 4134 1755 4203 ipsi,
1806 4141 2102 4207 quominus

532 4236 618 4286 ea,
658 4236 779 4289 qua:
812 4219 878 4274 ad
924 4233 1027 4275 nos
1072 4230 1341 4289 spectant,
1390 4222 1803 4281 administraret
1835 4244 1958 4285 esse
1999 4231 2102 4285 im-

534 4311 845 4377 pedimento
874 4309 1071 4380 potuit.
1110 4310 1205 4364 Ille
1232 4309 1399 4389 igitur
1431 4312 1542 4366 ait:
1572 4313 1682 4383 Ego
1706 4331 1849 4382 sum,
1876 4320 1970 4389 qui
2002 4334 2096 4374 no-

2281 4036 2404 4091 Τῶν
2429 4028 2522 4089 οὖν
2547 4030 2755 4104 ἐχθρῶν
2782 4026 3179 4097 δεδιωγμένων,
3204 4027 3243 4095 ἡ
3271 4025 3412 4091 ὁδὸς
3436 4023 3558 4079 τῶν
3580 4023 3793 4079 ποδῶν

2208 4129 2395 4187 αὐτοῦ
2428 4127 2677 4198 γέγονεν
2706 4125 2778 4179 ἐν
2802 4120 3033 4190 εἰρήνῃ.
3064 4121 3261 4187 Γέγονε
3281 4119 3391 4189 γὰρ
3424 4118 3583 4171 οὐδὲν
3610 4120 3791 4188 ἔμπα-

2210 4224 2317 4278 δὼν
2346 4218 2717 4290 οἰκονομοῦντι
2750 4215 2818 4269 τὰ
2850 4212 2971 4268 καθ’
2999 4213 3167 4283 ἡμᾶς.
3203 4210 3347 4279 Ἐγὼ
3365 4213 3569 4275 τοίνυν,
3594 4213 3786 4279 φησιν,

2209 4315 2236 4367 δ
2267 4316 2323 4368 ὲν
2370 4309 2584 4379 ἐσχάτῳ
2625 4305 2946 4370 καταδείξας
2988 4302 3167 4374 καιρῷ
3205 4301 3317 4368 τὴν
3360 4300 3787 4367 δικαιοσύνην,

535 4401 759 4454 vissima
824 4405 1148 4468 tempestate
1206 4388 1480 4468 justitiam
1536 4388 1955 4478 demonstravi;
2015 4412 2100 4478 qui

2210 4403 2518 4470 κεκληκὼς
2555 4399 2623 4453 δὲ
2643 4397 2839 4464 αὐτὴν
2864 4396 2981 4450 ἀπὸ
3011 4391 3232 4465 γενεῶν
3255 4392 3536 4461 ἀρχαίων.
3572 4390 3648 4443 Τὸ
3671 4392 3787 4461 γὰρ

532 4506 650 4544 eam
677 4508 707 4543 α
739 4487 1163 4559 generationibus
1192 4490 1424 4558 antiquis
1451 4495 1649 4547 vocavi.
1689 4493 1891 4551 Christi
1924 4498 2099 4569 siqui-

534 4578 658 4631 dem
710 4576 1030 4647 mysterium
1085 4576 1154 4631 ab
1198 4577 1316 4646 ipsa
1361 4579 1553 4633 mundi
1602 4583 1850 4652 origine;
1886 4601 2102 4658 quoque

533 4670 696 4724 modo
733 4669 945 4738 lapsum
998 4666 1193 4724 Adatni
1227 4682 1483 4739 reparare
1529 4669 1768 4742 deceret,
1814 4680 2103 4746 prarscive-

536 4771 640 4816 rat.
672 4759 779 4815 Nec
811 4760 1035 4825 mirum,
1060 4760 1283 4829 quando
1303 4767 1357 4814 et
1379 4774 1569 4815 eorum
1615 4764 1800 4831 etiam,
1832 4769 1926 4837 qui
1963 4769 2100 4826 salvi

531 4867 629 4924 per
690 4852 849 4907 tidem
927 4850 1102 4906 futuri
1170 4860 1331 4916 sunt,
1401 4854 1742 4911 vocationem
1804 4861 2102 4928 prazscivit.

539 4962 557 4993 ι
592 4943 743 5008 Quos
781 4940 927 4997 enim
964 4940 1261 5011 ιιι-αιεοίνὶι,
1296 4940 1394 5007 ait,
1422 4949 1480 4998 et
1519 4945 1926 5013 praedestinavit
1964 4964 2099 5005 con-

533 5032 1106 5101 formesﬂeriimagini
1129 5028 1252 5085 Filii
1284 5034 1369 5087 sui
1395 5073 1410 5099 ,
1441 5035 1662 5090 eosdem
1687 5045 1741 5090 et
1761 5037 1976 5092 vocavit
1997 5038 2092 5092 ¹³.·›

530 5125 700 5182 Multo
738 5126 910 5197 magis
937 5124 1104 5195 igitur
1134 5133 1189 5178 et
1212 5123 1303 5178 ille
1327 5127 1694 5196 praecognitus
1731 5138 1835 5193 est,
1863 5130 1953 5199 qui
1992 5129 2101 5185 sal-

528 5230 683 5276 vator
726 5232 847 5274 esse
885 5218 1094 5273 debuit.
1141 5215 1220 5270 Ita
1276 5225 1455 5272 autem
1500 5219 1759 5276 dixerunt
1788 5224 2036 5278 nonnulli
2080 5243 2096 5282 :

529 5318 642 5385 ipse
676 5313 896 5385 quidem
941 5322 1045 5379 est,
1082 5310 1177 5381 qui
1215 5309 1357 5381 Cyro
1405 5312 1572 5368 etiam
1625 5315 1794 5372 robur
1839 5318 2106 5375 adversus

544 5450 641 5490 ’⁸-⁸
659 5450 892 5505 Μιιιιιοιι.
933 5467 1011 5512 tv,
1054 5448 1107 5503 2.
1203 5447 1224 5479 ’
1255 5446 1552 5518 Joannuv,
1588 5452 1677 5509 37.

532 5534 771 5575 Lvuvm
824 5522 916 5575 25.
995 5522 1038 5552 ⁸³
1086 5519 1244 5574 Rom.
1276 5534 1394 5584 vut,
1425 5519 1517 5577 29.
1574 5548 1591 5557 -

602 5688 628 5715 °
654 5697 741 5751 rp.
773 5680 1041 5752 προέγνω.
1113 5679 1250 5732 ita.
1293 5678 1418 5748 μέν.

1774 5455 1819 5487 ³⁸
1855 5453 2015 5512 Joan.
2058 5472 2177 5525 vnt,
2204 5457 2294 5523 ts,
2343 5456 2428 5513 l6.

2207 4490 2446 4566 Χριστοῦ
2480 4489 2781 4561 μυστήριον
2802 4486 2908 4541 ἀπὸ
2931 4487 3138 4554 κόσμου
3174 4484 3425 4554 προέγνω
3448 4480 3784 4550 καταϐολῆς,

2209 4585 2307 4640 καὶ
2335 4582 2452 4646 πῶς
2477 4582 2587 4634 δέοι
2616 4580 2718 4650 τὴν
2761 4577 2932 4648 Ἀδὰμ
2958 4574 3212 4646 γενέσθαι
3242 4572 3548 4644 διόρθωσιν.
3583 4572 3698 4625 Καὶ
3721 4574 3786 4625 οὐ

2210 4674 2544 4747 θαυμαστὸν,
2585 4674 2719 4727 ὅπου
2754 4671 2850 4726 καὶ
2896 4669 3005 4723 τῶν
3059 4666 3382 4737 σωζομένων
3414 4664 3517 4735 τὴν
3563 4665 3653 4718 διὰ
3695 4665 3788 4717 πί-

2212 4784 2382 4831 στεως
2410 4766 2729 4837 προέγνωκε
2780 4762 2997 4833 κλῆσιν.
3038 4777 3058 4811 ι
3093 4757 3201 4823 Οὓς
3232 4758 3343 4828 γὰρ
3370 4757 3515 4823 ἔγνω
3548 4763 3598 4820 ο,
3625 4758 3785 4825 φησι,

2213 4860 2310 4914 καὶ
2344 4859 2618 4929 προώρισε
2649 4855 3009 4926 συμμόρφους
3042 4850 3140 4920 τῆς
3160 4849 3365 4911 εἰκόνος
3402 4846 3497 4899 τοῦ
3528 4846 3659 4900 Υἱοῦ
3680 4849 3787 4900 αὐ-

2204 4950 2320 5016 τοῦ,
2355 4949 2579 5012 τούτους
2605 4947 2699 5001 καὶ
2726 4945 3004 4999 ἐκάλεσεν.
3034 4959 3054 4993 ι
3089 4939 3300 4995 Οὐκοῦν
3329 4938 3512 5009 πολλῷ
3531 4939 3735 5008 μᾶλλον
3759 4939 3788 4991 ὁ

2211 5045 2399 5101 σώσων
2466 5043 2838 5115 προέγνωστο.
2914 5037 3068 5100 Τινὲς
3113 5035 3171 5089 δὲ
3226 5032 3400 5097 οὕτως
3457 5035 3784 5105 εἰρήκασιν·

2211 5137 2387 5200 Αὐτὸς
2411 5134 2520 5206 γάρ
2538 5144 2566 5185 P
2595 5136 2741 5186 ἐστιν
2763 5132 2792 5184 δ
2825 5132 2918 5185 καὶ
2938 5129 3121 5198 Κῦρον
3140 5125 3450 5197 ὲνισχύσας,
3474 5126 3618 5179 κατὰ
3651 5125 3787 5179 πᾶν·

2209 5245 2318 5281 των
2370 5226 2561 5292 ἐθνῶν,
2613 5224 2675 5277 δν
2727 5222 2823 5277 καὶ
2870 5216 3266 5286 δικαιοσύνην
3313 5216 3550 5271 ἐνταῦθα
3603 5216 3781 5280 καλεῖ,

2206 5316 2656 5390 ἐλευθερώσαντα
2685 5315 2786 5387 μὲν
2805 5313 2897 5367 τδν
2933 5307 3168 5381 Ἰσραὴλ,
3202 5310 3266 5362 ὲκ
3297 5307 3353 5362 δὲ
3392 5306 3495 5379 τῆς
3527 5308 3659 5380 περὶ
3683 5307 3785 5360 αὗ-

2529 5456 2570 5489 ¹¹
2612 5453 2771 5511 Joan.
2822 5465 2881 5530 ι)
2954 5448 3042 5505 10.
3144 5439 3358 5520 “'ibid.
3393 5447 3450 5505 9.
3550 5446 3596 5480 “
3632 5444 3805 5527 PsaL;

1799 5612 2040 5671 γΑιιιΑε
2076 5582 2485 5671 Lacrlous‘s.
