3946 6306
126 329 271 390 Ε’τέιῗ)

1243 327 1791 391 COMMENTABII
1827 324 1912 387 ΙΝ
1949 324 2233 386 I‘SAI‘AM.

3267 320 3409 385 2250

127 449 226 506 τοῦ
253 448 616 522 προρρήσεως
641 446 1014 518 κατειληφότα
1044 445 1145 518 τὴν
1170 445 1400 517 δύναμιν
1431 445 1526 498 τοῦ
1553 444 1714 499 Θεοῦ.

1834 456 2015 498 amnes
2052 449 2244 512 gentes
2273 435 2687 509 suppeditavit;
2719 450 2885 508 quem
2912 446 2969 491 et
3001 436 3093 493 hie
3134 437 3411 508 justitiam

130 544 244 598 Καὶ
279 542 354 606 ὡς
380 540 634 612 βουλήσει
668 538 855 613 [Θεοῦ]
884 539 948 593 τὸ
994 541 1137 593 κατὰ
1185 537 1294 597 τῶν
1332 537 1503 595 ἐθνῶν
1531 537 1724 609 ἀνεδήο

132 651 282 688 σατο-
301 634 500 704 κράτος
535 634 628 687 ῐσα
653 631 985 700 φρυγάνοις
1028 630 1289 695 ἁλόντων,
1325 630 1423 686 καὶ
1454 630 1555 699 τὴν
1586 628 1725 699 πρὸς

131 724 298 778 αὐτὸν
344 722 498 790 ᾅγειν
544 720 1006 789 ἀναγκασθέντων
1052 721 1296 790 εἰρήνην.
1350 719 1581 789 Εἴρηται
1626 717 1726 789 μὲν

132 809 227 867 οὖν
253 816 283 867 ό
314 812 498 884 Κῦρος
520 811 877 879 δικαιοσύνη
897 810 984 864 διὰ
1014 810 1208 874 ταῦτα,
1240 815 1335 865 καὶ
1371 810 1454 863 ὃτι
1488 808 1730 875 δικαίως

133 885 300 959 αυτὸν
348 904 629 974 ἐπήγειρε
680 903 988 957 Βαϐυλῶνι.
1051 901 1111 955 '0
1150 903 1209 955 δὲ
1266 900 1451 956 καλῶν
1483 910 1513 950 ει
1575 900 1730 955 τοῦδε

134 1000 608 1070 συμπεράσματος
640 995 752 1064 τῆς
801 993 1198 1063 δικαιοσύγὴς
1231 994 1289 1046 ὲν
1340 991 1418 1065 τῷ
1449 991 1619 1063 Κύρῳ
1653 989 1728 1063 μὴ

138 1091 434 1161 ἱσταμένου
463 1090 556 1142 ἐπὶ
581 1089 682 1157 τὴν
715 1088 1199 1157 αὑτοδικαιοσύνην
1233 1084 1471 1155 Χριστὸν
1508 1086 1539 1136 ὁ
1568 1082 1727 1150 λόγος

134 1184 418 1252 ἀνάγεται,
455 1183 531 1245 ὡς
569 1182 665 1234 καὶ
683 1182 732 1234 οἱ
765 1181 992 1251 πονηροὶ
1016 1178 1303 1245 βασιλεῖς
1342 1179 1402 1231 ὲν
1429 1179 1496 1247 τῇ
1530 1176 1723 1245 Γραφῇ

135 1276 228 1327 ἐπὶ
255 1275 349 1335 τὸν
373 1274 683 1345 ἀρχέκακον
720 1272 1015 1341 ἀνάγονται
1054 1272 1309 1342 δαίμονα,
1343 1270 1443 1339 τῆς
1478 1268 1724 1339 ἀκράτου

137 1367 336 1430 κακίας
356 1368 415 1419 ὲν
439 1363 714 1435 ἀνθρώπῳ
743 1365 818 1435 μὴ
851 1364 1233 1434 χωρουμένης.

1822 532 2060 604 appellat
2092 550 2107 585 :
2146 530 2366 600 partim,
2397 528 2543 599 quod
2570 525 2828 583 lsraelem
2873 525 2929 580 in
2968 527 3280 584 libertatem
3320 544 3412 586 as-

1823 626 2027 695 seruit;
2069 608 2269 693 partim
2304 621 2500 685 etiam,
2549 618 2695 688 quod
2733 618 2802 673 ab
2838 619 2985 674 edita
3013 619 3080 675 de
3124 635 3183 677 se
3218 622 3417 690 pmdi-

1827 716 2011 771 ctione
2039 715 2295 767 virtutem
2334 710 2428 766 Dei
2477 715 2814 765 consecutus
2848 717 2953 764 est.
2986 708 3191 765 Deinde
3223 711 3412 775 etiam,

1829 805 1977 879 quod
2011 804 2284 860 voluntati
2312 803 2512 858 divina:
2537 803 2684 857 vires
2717 816 2849 857 suas
2875 811 3071 856 contra
3106 811 3297 873 gentes
3325 805 3416 858 al—

1827 896 2043 968 ligavit,
2073 910 2216 966 qnas
2258 893 2459 948 cremio
2484 892 2694 948 similes
2716 893 3073 961 expugnavit,
3119 909 3420 964 pacemque

1825 996 2015 1059 petere
2039 986 2238 1055 coegit.
2277 985 2373 1040 Est
2402 984 2573 1055 igitur
2595 993 2818 1053 propter
2848 999 2948 1039 cas
2983 999 3183 1039 causas
3198 985 3420 1054 justitio

1825 1084 2004 1157 Cyrus
2028 1083 2356 1155 appellatus.
2394 1081 2599 1137 Deinde
2635 1083 2824 1147 etiam,
2865 1082 3011 1152 quod
3036 1083 3184 1152 juste
3217 1082 3419 1140 adver-

1826 1192 1921 1233 sus
1950 1176 2284 1246 Babylonem
2309 1177 2381 1229 sit
2410 1176 2697 1229 excitatus.
2727 1173 2860 1240 Quae
2886 1190 3056 1244 porro
3102 1176 3172 1230 ab
3205 1176 3294 1231 illa
3328 1175 3422 1246 ju-

1822 1269 1990 1323 stitia:
2026 1267 2386 1337 perfectione,
2425 1280 2547 1337 quas
2585 1266 2639 1320 in
2684 1266 2830 1339 Cyro
2882 1283 2989 1323 non
3041 1269 3298 1333 habetur,
3353 1268 3420 1322 ad

1717 1356 1725 1363 ’
1821 1358 2102 1414 Christum
2141 1355 2305 1427 5,52
2352 1370 2482 1411 vere
2516 1357 2792 1426 justitiam
2850 1373 2950 1415 nos
3005 1369 3162 1413 vocat
3204 1359 3420 1438 oratio;

140 1459 380 1529 primum
427 1457 556 1511 mali
594 1464 878 1513 auctorem
906 1455 1210 1511 daemonem
1248 1452 1397 1525 (cum
1423 1465 1636 1507 summa
1659 1449 1716 1505 in
1760 1448 2043 1507 hominem
2070 1450 2277 1504 malitia
2311 1465 2423 1506 non
2452 1450 2636 1522 cadat)
2671 1466 2769 1522 per
2798 1453 2975 1508 malos
3035 1469 3179 1523 reges
3248 1453 3424 1523 signi.

140 1550 290 1603 ﬁcari
324 1550 524 1603 innuit.
1654 1616 1669 1631 κ

206 1642 346 1712 Περὶ
387 1641 444 1694 δὲ
473 1641 582 1696 τῶν
616 1642 946 1713 μελλόντων,
975 1642 1052 1708 ὡς
1076 1643 1381 1713 γεγονότων
1412 1645 1580 1715 φησί’
1626 1645 1722 1713 Τίς

1901 1634 2134 1704 Deinde,
2166 1634 2492 1723 de‘futuris,
2528 1643 2788 1706 tanquam
2814 1636 3132 1711 praeteritis,
3152 1638 3419 1708 loquitur,

138 1733 442 1803 ἐνήργησε
476 1735 574 1788 καί
621 1735 874 1804 ἐποίησε
916 1734 1139 1801 ταῦτα;
1190 1736 1409 1800 δεικνὺς
1457 1736 1533 1800 ὡς
1583 1735 1727 1808 ἅπερ

1834 1744 1956 1786 cum
1996 1730 2069 1783 ait
2101 1745 2117 1783 :
2146 1729 2278 1797 Quis
2308 1740 2554 1798 operatus
2587 1738 2689 1794 est,
2722 1740 2770 1784 et
2795 1731 2918 1799 fecit
2942 1731 3097 1785 lucc?
3122 1733 3423 1789 ostendens

138 1825 304 1896 ὥρισε
338 1826 594 1894 γενέσθαι
619 1826 772 1893 Θεδς,
807 1826 981 1891 οὕτως
1008 1827 1183 1894 ἔσται,
1208 1828 1285 1893 ὡς
1309 1828 1408 1900 ήδη
1434 1830 1724 1899 γενόμενα·

139 1918 290 1970 οὐδὲν
318 1919 432 1986 γὰρ
464 1917 644 1972 αὐτῶν
677 1919 1022 1974 διαπεσεῖται
1060 1919 1135 1992 μὴ
1170 1920 1308 1990 πρὸς
1337 1919 1499 1993 ἔργον
1535 1920 1723 1990 ἀχθὲν.

139 2008 211 2061 Τὸ
240 2007 297 2061 δὲ
336 2008 446 2078 πρὸ
473 2008 693 2062 πάντων
720 2004 861 2062 εἶναι
891 2010 1127 2082 ἄναρχόν
1152 2025 1209 2063 τε
1242 2012 1338 2063 καὶ
1367 2009 1726 2081 ἀτελεύτητον

140 2097 267 2155 ὅντα
311 2097 553 2162 δεικνὺς,
598 2097 746 2167 Ἐγὼ
774 2100 921 2165 Θεὸς
952 2099 1204 2168 πρῶτος,
1238 2100 1393 2170 φησὶ,
1443 2100 1538 2153 καὶ
1589 2099 1729 2171 μετά

140 2188 332 2242 ταῦτα.
390 2189 563 2252 Αὐτὸς
616 2190 725 2260 γὰρ
768 2192 795 2244 ὁ
826 2191 924 2244 καὶ
971 2193 1083 2255 τοῖς
1122 2192 1182 2256 ἐξ
1225 2193 1402 2263 ἀρχῆς
1452 2192 1727 2262 θεοφιλέσι

143 2280 431 2349 γνωσθεὶς,
466 2282 560 2335 καὶ
602 2283 676 2352 ὀμ
710 2280 760 2354 [ό
795 2282 934 2353 μετὰ
962 2282 1075 2355 τὸν]
1104 2284 1371 2357 πρότερον
1412 2283 1543 2339 λαδν
1569 2288 1636 2355 τῇ
1669 2285 1727 2359 ἐξ

143 2371 309 2426 ἐθνῶν
351 2372 650 2444 Ἐκκλησία
696 2375 1149 2444 πεπιστευμένος.
1186 2375 1349 2429 Ὅθεν
1396 2376 1723 2447 ἐπήνεγκενο

149 2462 399 2521 Ἵδοσαν
416 2464 584 2531 ἔθνη,
603 2463 700 2517 καί
722 2464 1131 2534 ἐφοϐήθησαν.
1155 2467 1227 2519 Ἣ
1242 2468 1322 2521 ὅτι
1343 2466 1485 2521 οὕτω
1501 2467 1728 2539 διέθηκα

144 2552 231 2606 τὸν
246 2554 559 2625 Ἀσσύριον,
585 2557 971 2625 ὲπαναστήσας
996 2557 1143 2628 αὐτῷ
1168 2559 1371 2629 Κῦρον,
1395 2559 1471 2623 ὡς
1494 2559 1731 2630 ἀνόνητα

145 2645 400 2714 γενέσθαι
430 2646 646 2718 βοηθεῖν
671 2647 864 2717 ἐκείνῳ
899 2648 1216 2721 βουλόμενα,
1252 2652 1346 2704 καὶ
1378 2652 1475 2721 τῆς
1513 2650 1620 2704 τῶν
1651 2652 1730 2705 εί-

146 2738 320 2792 ὂώλων
355 2738 648 2803 ἀσθενείας
669 2740 966 2812 καταὸοᾷν,
994 2741 1089 2795 τοῦ
1119 2741 1254 2796 Θεοῦ
1280 2741 1341 2795 τὸ
1367 2742 1567 2813 κράτος
1598 2741 1730 2795 θαυο

152 2830 423 2900 μάζονταο
454 2831 488 2902 ἢ
515 2831 598 2884 ὅτι
635 2832 735 2902 τῆς
764 2832 1037 2904 προτέρας
1066 2833 1330 2902 ἀδλεψίας
1377 2833 1727 2903 παυσάμενα,

147 2909 392 2989 ἔγνωσαν
435 2919 531 2974 τὸν
567 2921 861 2992 είρηκότα’
890 2922 1039 2990 Ἐγὼ
1057 2919 1468 2988 Θεὸς-’πρῶτος
1509 2920 1729 2985 καὶέίς

148 3012 216 3067 τὰ
241 3014 637 3082 ἐπερχόμενα.
671 3012 783 3068 Καὶ
824 3013 1030 3069 ἰδόντα
1068 3013 1459 3083 ἐφοϐήθησαν
1498 3014 1555 3065 δν
1584 3012 1726 3085 ἀρχῇ

149 3106 415 3177 γενόμενα
436 3105 649 3174 σοφίας.
675 3122 696 3156 ι
738 3105 907 3176 Ἀρχὴ
929 3104 1036 3176 γὰρ
1057 3104 1249 3174 σοφίας
1265 3103 1428 3173 φόϐος
1452 3102 1679 3173 Κυρίου.
1705 3121 1722 3153 ι

154 3199 256 3252 Καὶ
284 3199 455 3269 μέχρι
481 3197 591 3251 τῶν
620 3197 873 3267 περάτων
891 3199 993 3268 τῆς
1022 3196 1145 3265 γῆς.
1172 3194 1269 3248 καλ⁵
1296 3190 1406 3247 τῶν
1438 3192 1731 3265 βαρϐαρω-

152 3289 321 3343 τάτων
350 3290 537 3360 διῆλθε
558 3289 620 3342 τδ
641 3289 927 3361 κήρυγμα,
959 3288 1053 3341 καὶ
1076 3286 1177 3356 τῆς
1204 3285 1533 3355 θεογνωσίας
1570 3286 1603 3339 ό
1625 3285 1732 3354 φό-

153 3380 249 3447 ϐος
299 3379 447 3433 κατὰ
498 3379 595 3433 τόο
643 3377 1114 3447 Ἔγτπσάτωσσιν,
1149 3377 1250 3431 καί
1280 3375 1733 3445 Μλησὰτωσαν

153 3471 286 3541 ἅμα.
326 3472 471 3528 Ἀλλ’
503 3474 621 3525 ἐκεῖ
654 3472 754 3542 μὲν
781 3469 1097 3525 ἐκελεύοντο
1121 3471 1368 3544 ἀπαντᾷν
1402 3471 1498 3524 καὶ
1522 3470 1727 3538 λαλεῖν,

153 3561 393 3630 δηλονότι
422 3560 669 3625 δοξάζειν
701 3560 837 3613 Θεόν
858 3576 872 3592 ο
909 3559 1144 3614 ἐνταῦθα
1170 3560 1249 3626 δὲ,
1291 3561 1599 3629 Ἦγτισαν,
1631 3557 1732 3614 καὶ

154 3647 334 3722 ἦλθον
368 3651 493 3721 ἅμα
534 3652 755 3721 κρίνων
781 3649 1041 3717 ἕκαστος
1081 3648 1161 3715 τῷ
1191 3652 1462 3719 πλησίον
1505 3648 1734 3719 ,Βοηθῆ-

156 3758 272 3798 σαι.
302 3741 511 3806 Σώζειν
543 3742 653 3813 γὰρ
684 3743 732 3796 οἱ
767 3742 1036 3811 θεοφιλεῖς
1075 3740 1192 3811 μεθ’
1229 3740 1439 3795 ἑαυτῶν
1471 3740 1734 3807 καὶτοὺς

157 3838 421 3904 πλησίον
450 3834 783 3905 ἐπείγονται,
813 3836 1035 3906 ἀγάπης
1075 3835 1272 3899 αὐτοὺς
1297 3833 1447 3905 νόμῳ
1475 3834 1574 3905 τῆς
1596 3836 1733 3914 ἀπι-

158 3930 303 3993 στίας
328 3927 666 3994 ὲξέλκοντες,
699 3928 956 3996 λέγοντες
982 3927 1057 3991 ὡς
1080 3927 1192 3981 Καὶ
1222 3928 1384 3997 ἡμεῖς
1429 3943 1560 3980 ποτε
1589 3921 1745 3999 ἦμεν

156 4015 312 4071 dde
337 4017 536 4089 ὀργῆς,
560 4016 975 4088 είδωλολατρείᾳ
998 4015 1405 4087 προσκείμενοι,
1434 4015 1532 4069 νῦν
1552 4016 1609 4069 δὲ
1642 4015 1734 4070 τὸν

157 4108 318 4174 ὅντως
357 4110 664 4177 ἐγνωκότες
687 4108 819 4164 Θεὸν
846 4107 1080 4179 διεσώθη
1090 4124 1209 4177 μεν,
1238 4109 1338 4178 τῆς
1361 4105 1471 4161 τῶν
1500 4106 1735 4169 εἰδώλων

157 4200 440 4265 ἀσθενείας
489 4199 899 4268 κατεγνωκότες
932 4192 1202 4270 δεομένων
1238 4197 1334 4253 τοῦ
1378 4197 1516 4270 πρὸς
1546 4198 1735 4252 στάσιν

161 4292 526 4362 στηρίζοντος,
573 4292 713 4363 ὅπερ
759 4292 861 4345 οὐκ
903 4290 1120 4362 ἔχουσιν
1166 4290 1408 4345 οἴκοθεν’
1447 4289 1563 4345 ἀλλ’
1611 4289 1734 4344 οὐδὲ

1830 1821 2116 1885 nimirum,
2154 1835 2244 1891 ea,
2271 1836 2394 1891 quae
2418 1821 2589 1877 semel
2622 1822 2738 1876 ﬁeri
2776 1821 2920 1877 Deus
2944 1823 3225 1887 statuerit,
3268 1840 3423 1894 aeque

1816 1922 1980 1988 certa
2007 1928 2149 1978 esse,
2175 1926 2249 1973 ac
2284 1912 2330 1968 si
2358 1912 2472 1983 jam
2501 1912 2646 1967 facta
2680 1914 2823 1979 sint;
2852 1930 3030 1984 neque
3047 1930 3238 1970 eorum
3263 1916 3425 1995 quid-

1830 2021 2019 2077 quam,
2051 2005 2195 2077 quod
2234 2020 2345 2059 non
2381 2005 2434 2058 in
2472 2020 2612 2075 opus
2645 2005 2952 2074 redigatur,
2986 2010 3422 2076 praetermissum

1832 2097 1920 2151 iri.
1954 2094 2190 2161 Deinde,
2224 2101 2285 2149 ut
2330 2102 2455 2149 ante
2491 2095 2677 2149 omnia
2702 2095 2995 2162 exsistere,
3042 2097 3424 2169 principioque

1832 2196 1886 2242 ct
1927 2185 2033 2241 line
2073 2200 2264 2241 carere
2306 2186 2740 2252 demonstraret,
2778 2186 2890 2257 Ego
2921 2186 3064 2241 Deus
3094 2190 3329 2258 primus,
3369 2198 3425 2245 rt

1831 2294 1953 2350 quae
1985 2288 2319 2348 sequuntur,
2350 2279 2581 2333 addidit.
2618 2278 2763 2333 Idem
2793 2280 2938 2334 enim
2969 2289 3074 2363 est,
3106 2293 3161 2337 et
3194 2284 3286 2354 qui
3315 2284 3424 2340 Dco

1832 2370 2232 2431 commendatis
2276 2362 2493 2443 piisgue
2540 2371 2858 2429 hominibus
2903 2362 3063 2427 initio
3124 2378 3420 2446 cognitus;

1831 2471 1885 2515 et
1910 2463 2003 2532 qui
2046 2463 2230 2534 priore
2264 2463 2468 2532 το]‹ε‹;ιο
2504 2464 2705 2533 populo
2739 2464 2983 2533 gentium
3012 2464 3271 2521 Ecclesiae.
3298 2482 3422 2523 crc-

1831 2553 1979 2608 ditus
2011 2561 2116 2607 cst.
2162 2553 2342 2622 Atque
2378 2553 2505 2608 inde
2548 2564 2652 2619 est,
2691 2555 2837 2624 quod
2866 2556 3065 2626 adjecit
3109 2576 3120 2610 :
3166 2558 3422 2612 Viderunt

1831 2654 2029 2717 gentes,
2066 2655 2115 2699 et
2149 2647 2477 2710 timuerunt;
2516 2648 2597 2702 vel
2636 2646 2782 2718 quod
2816 2650 2887 2702 ita
2919 2664 3013 2718 per
3049 2665 3109 2704 se
3140 2652 3211 2704 sit
3237 2666 3423 2722 accep-

1833 2750 1923 2796 tus
1952 2740 2236 2812 Assyrius,
2269 2741 2362 2811 qui
2407 2739 2610 2812 Cyrum
2646 2742 2699 2796 in
2731 2732 2984 2798 cumdcni
3024 2743 3311 2815 insurgere
3344 2744 3423 2799 le-

1831 2832 2011 2899 ecrit',
2047 2840 2107 2886 ut
2136 2848 2336 2887 vanum
2381 2842 2429 2887 et
2468 2832 2665 2887 inutile
2703 2832 2879 2897 fuisse
2914 2838 3254 2895 demonstret
3286 2854 3420 2908 gen-

1833 2923 1970 2978 tium
2002 2937 2193 2979 earum
2227 2923 2512 2992 auxilium,
2547 2940 2667 2994 qua:
2696 2926 3149 2985 l'crrevolucrunt
3175 2945 3188 2994 ;
3219 2927 3424 3000 Deique

1834 3022 2141 3092 potentiam
2181 3020 2503 3089 admiratas,
2541 3022 2806 3079 adversus
2853 3024 3123 3080 idolorum
3169 3026 3422 3081 imbecil-

1836 3114 2046 3169 litatem
2078 3114 2412 3171 vociferatus
2447 3131 2570 3170 esse
2604 3133 2617 3169 :
2648 3116 2729 3173 vel
2766 3118 2911 3186 quod
2954 3119 3138 3188 priore
3171 3120 3423 3173 caecitate

1833 3205 2098 3271 liberatae,
2136 3222 2261 3277 qua:
2284 3207 2432 3260 dicta
2457 3216 2583 3262 Sunt
2614 3227 2627 3262 :
2655 3206 2768 3278 Ego
2793 3207 2934 3263 Deus
2960 3200 3252 3276 priums,et
3283 3211 3336 3263 in
3360 3227 3423 3265 ea

1833 3313 1951 3368 qua!
1972 3307 2194 3352 uentura
2232 3309 2355 3352 sunt
2384 3299 2458 3365 ita
2491 3299 2693 3355 habere
2724 3308 3067 3369 repererunt.
3094 3300 3252 3375 Quod
3279 3311 3336 3357 ut
3368 3302 3423 3355 in

1834 3387 1955 3458 ipso
2026 3387 2311 3457 sapientiae
2380 3388 2655 3459 principio
2730 3390 3016 3454 viderunt,
3105 3391 3415 3446 timuerunt.

1839 3493 1860 3527 ι
1906 3473 2128 3529 lnitium
2156 3476 2306 3531 enim
2349 3470 2659 3548 sapientiae,
2711 3480 2997 3547 scribitur,
3043 3482 3211 3537 timor
3247 3482 3431 3559 Domi;

1832 3565 1891 3621 ni
1927 3567 1991 3620 “.
2036 3585 2054 3618 ι
2095 3566 2303 3624 Deinde
2347 3569 2412 3623 ad
2458 3576 2741 3627 extremos
2770 3572 2924 3631 orbis
2977 3589 3152 3644 usque
3194 3575 3422 3638 limites,

1835 3666 1889 3713 et
1927 3659 2376 3729 gentesmaxime
2413 3659 2705 3725 barbaras,
2733 3661 2852 3731 ipsa
2868 3661 3147 3737 Evangelii
3175 3669 3423 3739 promul-

1834 3751 2005 3822 gatio,
2059 3748 2377 3819 divinaeque
2425 3750 2765 3821 cognitionis
2811 3753 2973 3807 timor
3022 3754 3187 3824 (sicut
3238 3757 3421 3812 verbis

1836 3842 1961 3897 istis
2000 3860 2015 3899 :
2047 3840 2336 3905 Accedant,
2372 3849 2420 3896 et
2459 3842 2744 3912 loquantur
2774 3844 2955 3913 simul,
2982 3845 3278 3919 innuitur),
3312 3864 3417 3918 pe—

1836 3941 2148 3990 netrarunt.
2183 3933 2251 3987 At
2280 3934 2355 3988 ibi
2393 3933 2642 4005 quidem,
2681 3933 2902 3991 obviam
2936 3937 3038 4005 ire,
3062 3946 3115 4001 et
3149 3939 3319 4008 loqui,
3365 3940 3421 3995 id

1835 4033 1942 4091 est,
1975 4024 2145 4080 Deum
2180 4024 2409 4079 laudare
2436 4020 2784 4094 jubebatur}
2817 4027 2905 4082 hic
2932 4036 3138 4093 autem,
3163 4031 3423 4086 accessis-

1836 4133 1913 4179 se,
1948 4126 1998 4171 et
2028 4115 2233 4170 venisse
2275 4115 2440 4169 simul
2462 4114 2716 4185 judicans
2748 4119 3124 4189 unusquisque,
3154 4128 3209 4173 ut
3231 4121 3421 4189 proxi-

1836 4223 1921 4260 mo
1954 4204 2263 4269 auxiliatur,
2304 4203 2585 4259 dicuntur.
2621 4205 2856 4261 Servare
2877 4207 3023 4261 enim
3066 4224 3252 4264 sccum
3291 4211 3421 4264 uici-

1836 4311 1933 4349 nos
1958 4293 2125 4350 etiam
2155 4293 2249 4362 qui
2281 4292 2359 4362 pii
2401 4302 2556 4357 sunt,
2591 4304 2868 4349 conantur
2899 4311 2914 4349 :
2949 4310 3074 4350 cum
3102 4298 3418 4355 dilectionis

159 4384 421 4441 σταθέντα
451 4384 722 4440 κινεῖσθαι
760 4385 1074 4456 δυνήσεται.
1102 4383 1216 4438 Καὶ
1265 4383 1383 4448 πῶς
1423 4382 1506 4437 ἔτι
1555 4382 1728 4438 ταῦτα

1840 4399 2033 4439 norma
2063 4383 2377 4453 provocati,
2406 4383 2477 4437 ab
2507 4383 2831 4440 inﬁdelitate
2873 4388 3095 4442 eosdem
3128 4390 3374 4459 eripiunt
3399 4408 3419 4454 ;

158 4474 265 4528 θεοί
282 4491 298 4541 ;

1841 4488 2115 4530 memores
2142 4486 2200 4529 se
2229 4473 2394 4529 etiam
2423 4473 2723 4544 aliquando
2753 4474 2896 4532 ﬁlios
2921 4477 3018 4531 irae
3047 4480 3329 4536 exstitisse
3350 4484 3416 4550 “‘,

159 4576 210 4622 et
241 4568 570 4625 idololatriae
609 4569 963 4635 incubuisse,
1010 4582 1160 4624 nunc
1202 4577 1385 4626 autem
1418 4568 1589 4626 Deum
1612 4583 1742 4626 vere
1779 4575 2166 4639 agnoscentes,
2205 4573 2260 4622 et
2284 4566 2518 4622 salutem
2559 4576 2914 4633 consecutos,
2979 4569 3249 4629 idolorum
3313 4575 3420 4630 im-

160 4658 516 4717 becillitatem
541 4662 845 4728 damnare;
880 4676 1005 4733 quae
1041 4677 1150 4718 non
1178 4663 1289 4718 alio
1327 4664 1506 4719 solum
1532 4662 1601 4717 ad
1652 4670 1856 4719 statum
1912 4660 2020 4716 sibi
2088 4659 2554 4723 conﬁrmandum,
2623 4676 2787 4731 quem
2828 4676 2857 4716 a
2900 4678 2961 4719 se
3004 4679 3116 4722 non
3193 4669 3417 4741 habent,

159 4751 313 4826 553
338 4764 570 4828 egeant:
596 4757 691 4811 sed
715 4771 842 4811 cum
866 4757 1145 4824 Steterint,
1179 4772 1249 4813 ne
1281 4756 1488 4813 moveri
1509 4756 1730 4827 quidem
1764 4754 2006 4811 valeant.
2042 4753 2147 4821 Qui
2178 4753 2346 4825 igitur
2380 4753 2562 4808 adhuc
2605 4753 2730 4821 ista,
2760 4755 2833 4810 dii
2868 4771 2992 4814 esse
3028 4768 3280 4831 queant?

225 4848 412 4903 Ταῦτα
452 4849 510 4902 δὲ
559 4843 628 4919 ἦν
682 4847 826 4920 ἅπερ
872 4847 1059 4918 ἔλεγεν
1096 4848 1209 4903 ἄνω
1232 4866 1246 4881 ·
1275 4849 1735 4918 Λαλησάτιωσαν

159 4936 294 5007 ἄμα,
343 4937 483 5008 μετὰ
529 4937 590 4990 τὸ
633 4937 890 5007 ἐγγίσαι,
925 4937 1121 5010 μηκέτι
1169 4936 1258 4991 διὰ
1310 4937 1408 5009 τὴν
1458 4936 1736 5009 ἁμαρτίαν

158 5029 305 5093 ὅντες
334 5030 573 5101 μακρὰν,
602 5029 913 5098 οἰκειότητα
935 5030 989 5082 δὲ
1012 5029 1272 5093 λαϐόντες
1300 5030 1654 5102 πνευματικά
1683 5039 1735 5085 ⁸.

159 5118 484 5191 Γευσάμενοι
514 5121 626 5190 γὰρ
659 5121 898 5190 συνῆκαν
933 5122 1017 5175 ὃτι
1044 5122 1281 5193 Χριστὸς
1319 5124 1348 5177 ό
1383 5122 1608 5194 Κύριος,
1641 5123 1736 5176 καὶ

158 5210 218 5263 τὸ
254 5212 446 5277 κάλλος
474 5212 572 5284 τῆς
602 5212 862 5283 ἀληθείας
893 5212 1117 5278 ἰδόντες,
1154 5214 1255 5285 οὐχ
1278 5214 1490 5279 ἑαυτοῖς
1519 5217 1613 5268 καὶ
1640 5214 1737 5286 μό-

159 5317 268 5365 νοις
313 5303 588 5375 ιτήρησαν
643 5303 988 5368 διδάσκοντες
1046 5303 1298 5373 ἑτέρους,
1364 5306 1445 5367 ὼς
1509 5305 1735 5376 ἴσχυσε

159 5392 377 5449 τέκτων
412 5396 571 5465 ἀνὴρ
597 5396 693 5451 καί
730 5396 1019 5466 χαλκεύς.
1064 5397 1188 5462 Πῶς
1220 5398 1279 5452 δὲ
1313 5399 1587 5468 ἴσχυσαν
1606 5417 1625 5465 ;
1671 5399 1731 5453 '0

235 5565 276 5597 “
320 5573 469 5632 Psal.
518 5592 605 5646 cx,
640 5576 728 5632 10.
812 5578 855 5609 "
902 5575 1104 5648 Ephes.
1143 5593 1206 5645 tt,
1234 5578 1289 5633 3.

227 5765 254 5809 tl
288 5774 377 5829 γρ.
416 5761 541 5818 ἀπό.
644 5773 665 5801 τ
707 5780 799 5832 γρ.
841 5762 1246 5833 πνευματικήν.

1907 4848 2087 4918 Atque
2124 4847 2240 4902 haec
2276 4853 2456 4911 erant,
2511 4861 2634 4917 qua:
2688 4849 2943 4918 superius
3000 4855 3238 4925 volebat,
3287 4875 3411 4916 cum

1834 4938 2082 4994 diceret:
2137 4935 2450 5004 Loquantur
2498 4935 2661 4990 simul
2709 4947 3001 5010 postquam
3036 4959 3414 5016 accesserunt;

1833 5030 1888 5084 id
1921 5037 2027 5092 est,
2061 5032 2349 5097 postquam
2382 5025 2611 5082 sublata
2661 5030 2874 5097 peccati
2923 5031 3210 5102 distantia,
3253 5040 3417 5096 fami-

1834 5119 2126 5176 liaritatem
2176 5118 2327 5174 inter
2376 5133 2438 5174 se
2496 5117 2834 5188 spiritualem
2891 5123 3157 5191 inierunt.
3215 5128 3410 5187 Statim

1833 5213 1983 5269 enim
2018 5219 2183 5280 atque
2205 5223 2326 5265 eam
2358 5208 2738 5280 degustat-unt,
2788 5210 3074 5269 Christum
3114 5216 3410 5277 Dominum

1833 5311 2194 5375 agnoverunt,
2242 5302 2605 5373 veritatisque
2650 5303 3115 5374 pulchritudinem
3168 5321 3418 5369 contem-

1833 5399 1989 5470 plati,
2025 5413 2132 5454 non
2161 5412 2280 5454 eam
2312 5396 2415 5455 sibi
2451 5404 2666 5453 tantum
2716 5411 3106 5472 reservarunt,
3141 5407 3238 5463 sed
3290 5409 3410 5466 aliis

1461 5668 1700 5728 vanum
1744 5668 2149 5749 LECTIONES.
