4010 6302
157 383 307 450 2353
914 412 977 429 ~~
1318 387 1848 449 COMMENTARII
1883 387 1966 448 IN
2032 384 2322 448 ISAIAM.
3293 364 3437 430 εδει

157 496 324 567 δίψαν
377 495 592 560 ὓδατος,
637 493 775 551 ἀλλὰ
815 495 1001 566 λιμὸν
1030 493 1127 549 τού
1155 494 1387 550 ἀκοῦσαι
1435 496 1592 564 λόγον
1637 497 1756 550 Κυ-

1883 495 2088 549 rsuriem
2130 491 2234 547 sibi
2300 503 2407 545 non
2446 486 2604 559 panis
2642 483 2859 556 quidem
2921 480 3090 542 illam,
3142 478 3283 532 sicut
3337 491 3439 531 nec

164 566 287 661 ρίου
309 605 325 620 ο
374 579 421 657 ᾧ
472 586 673 658 μηκέτι
730 588 1035 658 τραφέντες.
1084 587 1464 656 ἡσθένησαν,
1504 588 1752 657 λέγοντιο

1883 599 2016 653 rquac
2047 584 2229 647 sitim,
2279 580 2375 636 sed
2422 574 2681 632 audiendi
2728 572 2878 627 verbi
2910 569 3127 623 Domini
3160 567 3207 661 ’ξ
3231 566 3439 661 famem

166 659 187 733 ξ
242 678 388 747 Ἓγώ
414 682 532 748 ειμι
565 682 594 733 ό
643 680 810 750 ἄρτος
856 683 885 733 ὁ
914 682 980 734 ὲκ
1004 680 1099 733 τοῦ
1149 680 1381 751 ούρανοῦ
1427 680 1694 744 καταϐὰς,
1729 700 1748 733 s

1883 675 1957 746 psi
1985 673 2400 730 accersiverunt
2425 686 2440 736 ;
2476 683 2586 739 quo
2607 681 2716 721 non
2748 663 2990 733 amplius
3018 659 3268 724 enutriti,
3295 660 3441 728 apud

163 769 365 839 καὶ-τὰ
410 768 560 838 ἑξῆς.
613 761 689 821 Οὖ
731 768 973 838 φαγόντα
1005 768 1074 823 τὰ
1125 767 1253 839 ἔθνη
1303 768 1505 823 οὐκέτι
1554 767 1752 838 πεινᾷ.

1883 782 1977 821 ιιηι
2012 766 2215 835 inﬁrmi
2261 769 2582 824 evaserunt,
2634 758 2726 828 qui
2763 756 2895 811 dicit
2929 772 2943 806 :
2982 773 3000 806 ι
3042 751 3151 824 Ego
3187 766 3309 807 sum
3342 766 3442 821 pa-

161 860 309 931 Φησὶ
343 860 453 930 γὰρ
485 860 580 913 καὶ
603 859 884 930 ’Σολομῶνο
918 860 994 914 οὐ
1017 860 1399 931 λιμοκτονήσει
1423 859 1627 930 Κύριος
1646 860 1754 930 ψυ-

1883 858 1939 915 iis
1960 858 2055 928 qui
2096 859 2166 914 de
2197 857 2340 912 cmlo
2378 851 2643 911 descendi
2679 851 2759 915 “,
2799 868 2816 901 ι
2854 855 2909 904 et
2940 864 3067 917 qua:
3096 851 3445 915 sequuntur;

164 951 273 1020 χὴν
310 949 547 1013 δικαίαν,
576 946 721 1018 ζωὴν
750 949 808 1002 δὲ
840 948 1059 1002 ἀσεϐῶν
1082 946 1396 1020 ἀνατρέψει.
1441 947 1754 1019 ’Υπέμεινε

1883 965 1981 1021 quo
2007 951 2138 1022 quia
2174 962 2473 1006 vescuntur
2515 957 2725 1020 gentes,
2774 945 3009 1016 amplius
3046 959 3149 997 non
3181 942 3445 996 esuriant.

164 1040 284 1111 γὰρ
316 1039 455 1094 αὐτὰ
502 1040 610 1095 τὸν
641 1038 791 1095 Θεὸν
820 1039 920 1110 τὴν
950 1041 1016 1093 ἐκ
1064 1039 1274 1112 πλάνης
1316 1039 1643 1096 ἀσθένειαν
1670 1041 1758 1107 εἰς

168 1130 364 1201 ἰσχὺν
409 1131 788 1203 πνευματικὴν
818 1132 1190 1203 ἀλλαξάμενα,
1219 1133 1458 1205 κρείττω
1496 1150 1557 1187 τε
1603 1150 1765 1203 γεγο·

165 1222 304 1275 νότα
318 1221 427 1274 τῶν
451 1221 729 1293 σαρκικῶν
748 1221 975 1293 ἡδονῶν,
995 1222 1236 1294 Χριστοῦ
1254 1222 1661 1293 κατισχύοντος,
1683 1222 1760 1286 ὡς

167 1314 323 1382 ἐρεῖν
359 1312 660 1383 ψάλλοντα·
704 1331 724 1365 ι
771 1311 948 1384 Ἰσχύς
997 1331 1099 1386 μου
1148 1314 1241 1369 καὶ
1290 1313 1525 1386 ὖμνησίς
1579 1330 1681 1385 μου
1729 1315 1758 1367 ό

167 1403 406 1474 Κύριος.
442 1422 461 1456 ι

1865 1040 2011 1098 Justi
2043 1044 2190 1098 enim
2219 1043 2483 1107 animam,
2517 1041 2591 1096 ait
2646 1040 2908 1095 Salomon
2942 1036 2993 1069 ”
3019 1077 3034 1102 ,
3085 1033 3228 1088 fame
3272 1034 3450 1102 perire

1866 1148 2151 1204 nunquam
2202 1133 2438 1205 patietur
2479 1131 2778 1197 Dominus;
2815 1128 2908 1184 sed
2959 1127 3124 1181 vitam
3156 1123 3449 1193 impiorum

1864 1232 2091 1279 evertet.
2126 1222 2259 1294 Ipsa:
2284 1238 2523 1294 namque
2552 1223 2753 1277 virium
2790 1221 2884 1275 illa
2920 1216 3257 1289 inﬁrmitate,
3286 1229 3450 1282 quam

1864 1328 2056 1370 errore
2084 1321 2498 1379 contraxerant,
2522 1314 2576 1368 in
2599 1315 2762 1368 robur
2782 1310 3071 1383 spirituale
3098 1313 3451 1375 commutata,

1866 1403 2038 1461 Deum
2050 1414 2446 1475 exspectarunt,
2460 1406 2818 1477 corporisque
2832 1401 3195 1471 voluptatibus
3210 1415 3271 1455 su
3282 1395 3461 1470 perio-

171 1511 268 1553 res
292 1498 367 1549 ita
383 1493 605 1552 Christo
627 1497 929 1569 opitulante
947 1505 1366 1563 evaserunt,ut:
1388 1515 1408 1550 ι
1428 1495 1713 1551 Fortitudo
1729 1508 1847 1549 mea
1864 1506 1918 1552 et
1938 1497 2057 1553 laus
2074 1514 2192 1555 mea
2212 1499 2549 1563 Dominus“,
2574 1517 2590 1548 I
2615 1513 2739 1553 cum
2762 1495 2963 1552 Davide
2984 1495 3166 1550 dicere
3186 1494 3417 1548 valeant.

236 1597 391 1658 η’-κ’.
441 1590 526 1645 Σὺ
559 1589 650 1657 δὲ,
689 1591 959 1659 Ἰσραὴλ,
994 1589 1135 1656 παῖς
1151 1606 1273 1659 μου
1306 1588 1531 1652 Ἰακὼϐ,
1567 1588 1664 1642 καὶ
1687 1585 1760 1641 ὃν

1930 1590 2093 1662 555
2127 1589 2290 1647 Vens.
2328 1591 2479 1647 8-20.
2522 1591 2601 1645 Tu
2636 1598 2811 1645 autem
2863 1589 3031 1645 Israel
3080 1602 3211 1656 puer
3264 1602 3408 1640 meus
3432 1625 3452 1654 ,

170 1680 555 1751 ἐξελεξάμην
600 1682 840 1752 σπέρμα
875 1683 1162 1751 -Ἀϐραὰμ,
1216 1680 1290 1734 ὃν
1335 1679 1648 1751 ἠγάπησα,
1687 1675 1761 1736 οὗ

173 1775 596 1843 ἀντελαϐόμην
647 1775 751 1830 ἀπ’
803 1775 1003 1844 ἄκρων
1052 1774 1164 1842 τῆς
1208 1773 1343 1845 γῆς.
1400 1772 1497 1828 καὶ
1529 1774 1595 1827 ἐκ
1645 1769 1765 1825 τῶν

175 1862 458 1918 σκοπιῶν
484 1861 672 1931 αὐτῆς
701 1862 973 1919 iudicati
1014 1879 1107 1930 σε,
1136 1863 1235 1919 καί
1267 1859 1409 1918 εἶπά
1443 1877 1575 1917 σοι·
1618 1859 1767 1925 Παῖς

168 1970 299 2023 μου
325 1948 401 2018 εἳ,
432 1970 487 2007 κ.
516 1970 565 2008 τ.
598 1954 648 2008 λ.

260 2040 551 2112 Ἀνωτέρω
585 2042 687 2113 μὲν
728 2039 809 2107 τῷ
849 2041 1060 2098 Ἰακὼϐ
1108 2043 1138 2097 ὁ
1181 2042 1317 2106 Θεδς
1350 2038 1642 2114 ἐμέμφετο
1671 2043 1766 2097 καὶ

174 2131 259 2200 τῷ
295 2132 565 2202 Ἰσραὴλ,
592 2133 864 2203 λέγουσιν,
882 2135 1247 2207 Ἀπεκρύϐηὴ
1273 2134 1390 2200 ὁδός
1411 2152 1513 2206 μου
1543 2135 1651 2190 ἀπὸ
1671 2135 1765 2189 τοῦ

174 2223 352 2279 Θεοῦ·
387 2224 483 2278 νῦν
509 2225 566 2279 δὲ
605 2228 664 2279 ὲν
704 2226 912 2298 ζπαίνῳ
952 2226 1136 2280 παῖδα
1178 2228 1335 2281 καλεῖ
1374 2227 1484 2282 τὸν
1524 2226 1766 2296 Ἰσραὴλ

178 2317 278 2371 καὶ
324 2315 433 2370 τὸν
478 2315 693 2372 Ἰακὼϐ
733 2316 1191 2388 ἐκλελεγμένον,
1239 2318 1427 2389 σαφῶς
1470 2317 1567 2373 τοῦ
1602 2319 1766 2388 λόγου

176 2406 273 2461 δύο
303 2408 568 2477 τμήματα
597 2407 692 2461 τοῦ
737 2410 801 2461 ἐκ
844 2409 1150 2480 περιτομῆς
1196 2410 1571 2481 παριστῶντος
1611 2410 1765 2477 λαοῦ,

177 2498 241 2551 τὸ
284 2497 389 2568 μὲν
434 2497 690 2564 ἐκπεσὸν,
729 2498 818 2553 διὰ
844 2499 947 2572 τὴν
985 2499 1272 2554 ἀπιστίαν·
1308 2500 1457 2559 τὸδὲ
1482 2500 1654 2554 σωθὲν
1679 2500 1768 2555 δια

180 2588 427 2652 πίστεως
460 2588 773 2643 ἀποστόλων
804 2606 859 2642 τε
913 2589 1009 2644 atat
1036 2589 1145 2644 τῶν
1175 2591 1274 2645 σὺν
1299 2590 1482 2654 αὐτοῖς
1511 2588 1770 2661 ἐκλογῆς

179 2678 528 2750 ἠξιωμένων,
544 2679 687 2735 κατά
701 2680 791 2735 τὸν
807 2680 949 2735 θεῖον
964 2680 1286 2737 Ἀπόοτολον
1302 2682 1544 2749 λέγοντα·
1571 2702 1590 2734 ι
1613 2681 1771 2737 Οὕτω

178 2775 279 2827 καί
317 2774 374 2825 ὲν
402 2772 481 2843 τῷ
513 2771 610 2826 νῦν
650 2773 832 2845 καιρῷ
859 2773 1068 2845 λεῖμμα
1112 2773 1236 2828 κατ’
1265 2772 1498 2845 ἐκλογὴν
1545 2773 1770 2845 χάριτος

180 2865 404 2933 γέγονε.
434 2883 453 2917 ι
484 2864 595 2918 Καὶ
615 2865 676 2919 τὸ
698 2865 1032 2933 Εὐαγγέλιον
1059 2865 1115 2919 δέ
1136 2882 1270 2935 φησι
1292 2881 1308 2896 ο
1339 2882 1359 2917 ι
1387 2864 1624 2928 Τούτους
1642 2865 1770 2929 τοὺς

183 2926 400 3007 δώδεκα
429 2951 712 3021 ἐξελέξατο
740 2954 770 3007 ό
809 2926 1035 3025 νίιιγσοῦς.
1075 2973 1095 3005 ι
1123 2926 1343 3008 Ιίολλῶν
1370 2953 1428 3007 δὲ
1458 2926 1627 3009 ὄντων
1650 2926 1771 3024 κληζ
1796 2926 1839 2981 C

183 3046 296 3100 τῶν
328 3047 423 3099 καὶ
453 3046 519 3100 ἐκ
538 3046 632 3116 τού
662 3046 930 3119 προτέρου
948 3045 1107 3110 λαοῦ,
1132 3046 1305 3115 ὀλίγοι
1330 3042 1470 3119 ἦσαν
1528 3049 1579 3101 οἱ
1605 3047 1777 3102 ἐκλο-

184 3138 345 3194 attat.
380 3138 525 3210 Πρὸς
552 3138 646 3204 οὓς
678 3142 707 3194 ό
734 3139 893 3209 λόγος
928 3139 1027 3204 τὰς
1055 3139 1428 3211 προκειμένας
1443 3138 1777 3209 ἐπαγγελίας

188 3232 456 3297 ποιεῖται,
491 3230 628 3301 μετά
667 3232 769 3302 τὴν
807 3230 1249 3303 προδηλωθεῖσαν
1291 3231 1401 3286 τῶν
1444 3230 1615 3284 ἐθνῶν
1648 3229 1779 3299 κλῆ-

191 3341 275 3377 σιν
309 3324 370 3376 ὲν
404 3322 484 3395 τῷ
508 3339 523 3355 ο
555 3322 651 3388 Τίς
695 3323 891 3396 ἐξῆρεν
942 3324 1052 3379 ἀπὸ
1090 3323 1366 3379 ἀνατολῶν
1409 3321 1775 3393 δικαιοσύνην,

189 3415 258 3483 ἦν
288 3412 401 3484 ἔφη
443 3411 635 3467 δώσειν
674 3414 916 3470 ἐναντίον
945 3414 1147 3482 έθνῶν;
1181 3415 1293 3470 Καὶ
1326 3415 1524 3470 πάλιν·
1568 3414 1779 3469 Ἵδοσαν

190 3502 327 3575 ἔθνη
358 3504 451 3558 καὶ
483 3504 853 3576 εφοϐήθησαν,
880 3506 932 3559 oi
960 3504 1138 3560 λοιπολ⁸
1165 3505 1222 3559 δὲ
1254 3504 1524 3573 ἐξέδωκαν
1542 3521 1559 3549 ν·
1579 3505 1664 3560 Σὺ
1686 3505 1777 3573 δὲ,

202 3594 482 3665 Ἰσραὴλ,
508 3595 695 3651 ὄοῦλέ
725 3614 866 3667 μου.
891 3597 1125 3652 Δοῦλον
1144 3597 1205 3652 δὲ
1226 3598 1442 3653 ποῶτον
1471 3599 1778 3669 ὠνόμασεν,

195 3682 321 3742 εἶτα
367 3688 680 3743 ἐκλεκτόν.
728 3690 814 3753 Ὠς
845 3691 903 3742 ὲν
955 3689 1150 3760 ἀρχαῖς
1196 3689 1316 3761 μὲν,
1362 3690 1513 3762 φόϐῳ
1540 3690 1784 3754 δουλείας

197 3778 305 3832 ὑπὸ
339 3778 432 3831 τὸν
458 3778 622 3850 νόμον
667 3779 1178 3851 παιδαγωγηθέντα,
1219 3776 1340 3835 εἶτα
1379 3780 1468 3835 διὰ
1496 3781 1784 3852 προκοπῆς

197 3868 527 3940 ἐκλεγέντα
549 3871 639 3925 διὰ
669 3871 768 3943 τῆς
794 3872 1071 3945 κλήσεως,
1088 3874 1274 3943 τάγμα
1303 3872 1361 3926 δὲ
1383 3873 1537 3944 παρά
1562 3873 1786 3937 τούτους

198 3964 413 4036 ἕτερον,
443 3963 510 4017 τὸ
553 3962 792 4034 σπέρμα
841 3964 1138 4036 λεγόμενον
1166 3965 1433 4037 Ἀϐραὰμ,
1476 3968 1538 4020 τὸ
1582 3965 1787 4037 πλῆθος

199 4056 313 4109 τῶν
354 4054 627 4109 Ἰουδαίων
671 4055 891 4125 δηλοῦν,
939 4056 1076 4127 πρὸς
1116 4055 1209 4122 οὒς
1254 4057 1443 4127 ἔλεγεν
1485 4059 1514 4111 ὁ
1563 4058 1784 4129 Σωτήρο

208 4166 228 4198 ι
248 4142 386 4200 υἷδα
400 4146 483 4199 ὅτι
500 4145 723 4218 σπέρμα
744 4146 998 4219 Ἁϐραάμ
1014 4150 1159 4214 ὲστε,
1173 4168 1192 4201 ι
1219 4150 1439 4220 ἐτέρους
1456 4149 1615 4214 ὄντας
1636 4147 1791 4220 παρὰ

1863 1679 2030 1737 Iacob
2054 1699 2203 1747 quem
2222 1681 2568 1753 elegi,'semen
2597 1682 2893 1745 Abraham,
2920 1697 3070 1752 quem
3096 1679 3282 1742 dilexi,
3301 1693 3455 1744 quem

1866 1775 2132 1844 assumpsi
2195 1774 2262 1828 ab
2308 1775 2561 1830 extremis
2611 1783 2801 1837 ιρι-ηε,
2859 1784 2909 1827 et
2969 1789 3001 1826 a
3056 1769 3455 1826 summitatibus

1865 1865 1981 1935 ejus
2011 1867 2190 1921 uocaui
2221 1876 2290 1933 te,
2324 1878 2373 1921 et
2403 1864 2519 1921 dixi
2553 1865 2689 1921 tibi:
2717 1864 2860 1920 Puer
2890 1880 3031 1919 meus
3063 1880 3138 1929 es,
3179 1870 3284 1918 etc.

1942 2045 2108 2119 5.56
2147 2046 2413 2119 Superius
2468 2047 2687 2118 quidem
2742 2044 3006 2101 Iacobum
3056 2053 3108 2099 et
3165 2041 3457 2105 Israelem,

1867 2140 1959 2210 qui
1995 2141 2136 2196 viam
2185 2141 2290 2196 sibi
2322 2143 2387 2197 ad
2422 2141 2714 2197 Dominum
2752 2137 3007 2209 impediri
3043 2133 3459 2207 quaerebantur,

1869 2228 2013 2286 Deus
2059 2231 2430 2301 reprehendit.
2491 2230 2649 2286 Nunc
2699 2238 2882 2286 autem
2936 2236 3233 2297 utrumque
3284 2222 3462 2280 laudis

1868 2336 2001 2392 ergo
2030 2320 2182 2375 electi
2211 2320 2316 2391 ﬁlii
2351 2322 2574 2377 nomine
2625 2320 2917 2392 dignatur;
2968 2318 3112 2373 unde
3165 2313 3460 2371 circumci-

1869 2427 1991 2468 sum
2019 2412 2280 2482 populum
2306 2413 2362 2466 in
2405 2411 2516 2467 duo
2562 2409 3103 2466 manifeste-videtur
3133 2406 3311 2461 oratio
3342 2404 3461 2458 dis-

1869 2502 2127 2559 tribuisse
2159 2519 2173 2556 :
2210 2501 2442 2557 alterum
2487 2502 2729 2573 quidem,
2762 2500 2854 2570 qui
2883 2507 3112 2571 propter
3171 2493 3469 2550 increduli-

1869 2601 2036 2650 tatem
2060 2593 2299 2658 excidit;
2329 2593 2561 2648 alterum
2590 2600 2796 2657 autem,
2826 2589 2919 2659 qui
2954 2602 3051 2657 per
3084 2583 3465 2655 apostolorum

1870 2695 1926 2743 et
1974 2686 2252 2740 sociorum
2309 2682 2496 2738 ﬁdem»
2522 2682 2776 2737 electione
2828 2680 3031 2751 dignus
3078 2686 3166 2732 est
3219 2674 3466 2737 habitus,

1871 2777 2015 2852 sicut
2060 2776 2135 2830 ait
2164 2773 2458 2845 Apostolus
2484 2784 2503 2823 ι
2524 2790 2548 2819 ι
2583 2771 2675 2827 Sic
2714 2779 2768 2826 et
2800 2771 2854 2825 in
2901 2771 3005 2825 hoc
3037 2777 3286 2837 tempore
3339 2763 3472 2821 relia

1872 2869 2014 2940 quia:
2038 2883 2136 2940 per
2164 2867 2488 2923 electionem
2514 2865 2704 2937 gratia:
2737 2864 2894 2920 facta;
2926 2871 3057 2918 sunt
3088 2862 3157 2916 ’⁷.
3198 2879 3217 2913 ι
3259 2857 3472 2918 Deinde

1876 2959 2230 3030 Evangelium
2288 2977 2302 3015 :
2363 2976 2382 3011 ι
2437 2956 2550 3013 Ηοε
2595 2956 2881 3012 duodecim
2928 2954 3093 3025 elegit
3137 2951 3297 3007 Jesns
3331 2950 3395 3004 ³⁸.
3443 2968 3461 2999 ι

1875 3050 2140 3117 Quanwis
2191 3058 2374 3106 autem
2429 3050 2498 3104 de.
2549 3050 2734 3120 priore
2791 3047 2993 3119 populo
3049 3046 3227 3101 vocati
3282 3051 3474 3099 essent

1877 3141 2160 3212 permulti,
2205 3141 2371 3211 pauci
2420 3148 2604 3196 tamen
2658 3138 2880 3195 fuerunt
2913 3137 3104 3200 electi;
3151 3136 3219 3191 ad
3266 3150 3472 3203 eosque

1877 3235 2278 3305 promissiones
2345 3233 2532 3289 retulit
2589 3235 2809 3297 oratio,
2874 3238 3166 3302 postquam
3222 3229 3476 3300 gentium

1878 3328 2168 3384 vocatione
2218 3326 2490 3399 explicata
2520 3368 2536 3395 ,
2587 3326 2844 3397 quisnam
2903 3324 2973 3380 a-b
3023 3333 3149 3379 ortu
3199 3321 3474 3393 justitiam

1878 3420 2201 3485 excitasset,
2223 3420 2478 3490 quaesivit
2496 3432 2664 3489 quam
2681 3432 2741 3472 se
2767 3416 2822 3470 in
2846 3421 3203 3485 conspectum
3228 3409 3471 3483 gentium

1881 3510 2193 3579 positurum
2220 3509 2532 3563 aliirmavit.
2574 3507 2637 3561 Et
2657 3521 2872 3570 rursus,
2895 3521 3019 3561 cum
3043 3502 3261 3558 novisse
3284 3507 3478 3572 gentes

1882 3614 1937 3660 ct
1966 3603 2220 3659 timuisse
2245 3601 2405 3657 dixit.
2436 3599 2640 3654 Verum
2670 3600 2871 3669 qum-in
2898 3597 3155 3652 manibus
3183 3595 3470 3654 habemus.

1884 3697 1958 3751 ita
1989 3693 2187 3763 reliqui
2225 3692 2703 3761 interpretantur:
2736 3688 2813 3742 Tu
2865 3696 3041 3742 autem
3093 3684 3286 3746 Israel,
3335 3700 3485 3738 serve

1884 3786 1977 3840 mi.
2032 3781 2183 3839 Servi
2230 3795 2430 3836 nomen
2487 3779 2656 3849 igitur
2716 3778 2868 3849 prius
2901 3775 3225 3845 usurpavit;
3279 3772 3482 3827 deinde

1884 3879 2095 3935 electi:
2135 3884 2400 3945 tauquam
2448 3889 2572 3930 eum
2624 3872 2783 3927 initio
2833 3869 3123 3926 servitutis
3179 3873 3328 3921 metu
3379 3865 3491 3920 sub

1886 3973 2005 4044 lege
2028 3971 2343 4032 educatum,
2372 3983 2470 4039 per
2517 3964 2957 4037 progressionem
2992 3961 3191 4018 deinde
3218 3975 3289 4015 ex
3319 3972 3490 4013 voca-

1888 4067 2040 4121 tione
2087 4062 2350 4125 electum;
2399 4059 2505 4115 Sed
2553 4067 2763 4114 certum
2821 4064 3006 4108 tamen
3058 4059 3285 4124 propter
3333 4050 3493 4103 hunc

1891 4169 2182 4212 numerum
2199 4152 2488 4218 innuerct;
2512 4146 2660 4220 quod
2683 4161 2858 4201 semen
2880 4142 3109 4199 Abrahae
3126 4139 3484 4212 appellatum,

203 4236 274 4291 τὰ
303 4238 473 4291 τέκνα
498 4236 594 4290 τοῦ
636 4238 909 4310 Ἀϐραὰμ,
944 4240 1073 4311 περὶ
1101 4232 1177 4294 ὧν
1219 4240 1434 4310 ελεγενο
1477 4261 1495 4293 ι
1534 4241 1598 4297 Et
1621 4240 1782 4295 τέκνα

1891 4247 2208 4303 indicarunt
2231 4240 2639 4299 multitudinem
2673 4236 3051 4307 signiﬁcaret;
3082 4248 3224 4303 quos
3250 4229 3497 4285 Abrahae

205 4332 304 4386 τοῦ
348 4331 598 4402 Ἀϐραὰμ
622 4327 744 4405 ἦτε,
772 4333 843 4386 τὰ
867 4333 1007 4404 ἔργα
1038 4333 1133 4386 τοῦ
1168 4334 1422 4407 Ἀϐραὰμ
1464 4337 1720 4390 ἐποιεῖτε.
1758 4354 1782 4389 s

1889 4355 2075 4398 semen
2132 4350 2265 4392 esse-
2311 4333 2431 4404 ipse
2483 4332 2650 4386 etiam
2700 4325 2994 4383 confessus
3046 4331 3132 4379 est
3173 4320 3426 4376 Salvator
3470 4334 3490 4372 :

220 4424 472 4492 Ἀϐραὰμ
522 4424 622 4494 μὲν
672 4419 765 4477 οὖν
822 4424 1131 4494 ἀγαπητὸς
1182 4422 1261 4497 ἦν
1294 4425 1402 4481 τοῦ
1458 4427 1629 4483 Θεοῦ.
1679 4428 1793 4499 Οὐχ

209 4515 414 4586 ὁμοίως
447 4514 504 4569 δὲ
534 4514 601 4569 τὸ
651 4515 893 4587 σπέρμα
940 4518 1264 4589 ⁴Ιγγατιῆσθαί
1315 4536 1468 4589 φησι.
1504 4518 1654 4590 Πλὴν
1700 4521 1798 4574 καὶ

210 4607 435 4670 τούτους
456 4608 638 4663 ὲκάλει
672 4608 761 4663 διὰ
777 4609 885 4662 τῶν
908 4609 1236 4681 ἐκλεκτῶν,
1264 4610 1595 4682 Πορεύεσθε,
1619 4611 1800 4678 λέξας,

212 4699 353 4768 πρὸς
383 4698 452 4751 τὰ
481 4697 730 4767 πρόϐατα
766 4699 837 4753 τὰ
873 4700 1191 4755 ἀπολωλότα
1221 4700 1374 4755 οῐκου
1416 4701 1656 4773 Ἰσραήλ.
1692 4702 1803 4756 Καὶ

212 4789 412 4859 ἐπειδὴ
473 4788 861 4860 διεσπαρμένοι
930 4786 1074 4860 ἦσαν
1143 4792 1222 4856 είς
1283 4795 1464 4846 πᾶσαν
1520 4792 1620 4864 τὴν
1668 4793 1809 4862 γῆν,

216 4880 545 4947 ἐπήνεγκεν*
581 4877 663 4937 Οὖ
696 4884 1113 4952 ἁντελαϐόμην
1158 4882 1259 4937 ἀπ’
1301 4884 1487 4951 ἄκρου
1519 4872 1631 4953 τῆς
1664 4883 1805 4953 γῆς,

217 4970 320 5024 καὶ
352 4970 423 5023 ἐκ
459 4968 576 5024 τῶν
603 4972 877 5026 σκοπιῶν
900 4972 1114 5041 αὐτῆς,
1146 4973 1179 5044 ἢ
1206 4972 1325 5027 τῶν
1354 4974 1639 5045 ἀγκώνων
1666 4975 1821 5030 κατὰ.

219 5056 544 5138 Σύμμαχον,
578 5068 845 5124 ἐκάλεσὰ
885 5083 981 5123 σε.
1007 5070 1217 5134 Αύτοίις
1239 5070 1348 5140 γὰρ
1387 5070 1639 5141 πρώτους
1661 5071 1803 5126 ἐκά-

217 5160 429 5223 λεσεν,
446 5160 521 5224 ὡς
537 5163 565 5214 ὁ
580 5161 792 5225 Παῦλος
805 5163 988 5224 abaci;
1017 5161 1257 5231 ἔφασκεν
1274 5180 1287 5195 ο
1312 5181 1330 5213 ι
1359 5163 1518 5231 Ὑμῖν
1532 5161 1640 5215 ἔδει
1656 5162 1812 5234 πρώ-

220 5267 341 5314 τοις
367 5252 459 5305 τὺν
498 5252 655 5320 λόγον
686 5255 1053 5325 κηρυχθῆναι.
1098 5256 1252 5308 Ἐπεὶ
1280 5255 1333 5307 δὲ
1363 5256 1802 5326 ἀποστρέφεσθε,

222 5340 571 5411 πορευόμεθα
593 5344 647 5405 ἐς
668 5344 739 5396 τὰ
755 5342 904 5408 ἔθνη.
938 5363 954 5395 ι
984 5344 1104 5396 Τῶν
1122 5339 1213 5397 οὖν
1228 5342 1291 5409 ἐξ
1305 5344 1483 5397 αὐτῶν
1502 5362 1570 5399 πε
1582 5362 1803 5400 πιστευ-

222 5434 402 5485 κύτων
434 5433 830 5503 ἀντειλῆφθαι
865 5451 1050 5505 φησιν.

226 5522 325 5577 sed
375 5526 632 5592 quoniam
684 5502 940 5581 eumdem
990 5528 1224 5582 aversati
1269 5537 1492 5592 essent,
1525 5526 1592 5581 ad
1656 5535 1846 5598 gentes
1904 5502 1963 5580 se
2016 5536 2137 5576 csse
2196 5513 2473 5586 profectos
2524 5507 2734 5601 scribit.
2775 5503 2878 5569 QUi
2920 5502 3087 5574 ῘΒῘιιιτ
3136 5514 3201 5553 οι

1892 4444 2017 4485 cum
2050 4427 2141 4481 alii
2162 4434 2344 4480 tamen
2376 4423 2446 4479 ab
2474 4423 2547 4477 iis
2577 4428 2785 4486 essent,
2830 4416 2899 4471 de
2932 4416 3135 4487 quibus
3165 4411 3308 4468 idem
3339 4410 3499 4465 dice-

1894 4522 1989 4577 bat
2017 4540 2031 4575 :
2068 4541 2089 4572 ι
2127 4518 2186 4574 Si
2213 4517 2307 4572 lilii
2339 4515 2575 4571 Abrahae
2621 4511 3040 4578 essetis,-opera
3071 4503 3308 4560 Abrahae
3343 4500 3502 4556 face-

1900 4609 2035 4664 retis
2063 4608 2128 4662 ”.
2167 4625 2185 4659 ι
2224 4603 2357 4659 Erat
2409 4602 2578 4673 igitur
2632 4600 2739 4654 Deo
2785 4596 2946 4669 457
2977 4594 3200 4648 dilectus
3250 4589 3504 4646 ΑῡνοΙιαμ

1906 4719 2021 4757 mus
2053 4699 2183 4756 :cui
2218 4699 2342 4753 licet
2375 4711 2486 4750 non
2510 4693 2701 4750 eodem
2734 4690 2899 4746 modo
2929 4704 3104 4743 semen
3125 4685 3247 4755 ejus
3262 4684 3499 4737 charum

1907 4795 2077 4850 fuisse
2128 4800 2378 4855 testetur,
2412 4802 2509 4858 per
2554 4785 2749 4840 electos
2782 4791 2966 4837 tamen
3017 4787 3072 4834 et
3104 4778 3283 4848 ipsum
3329 4774 3497 4828 etiam

1904 4886 2087 4942 vocari
2126 4882 2322 4946 voluit,
2376 4894 2517 4949 quos
2552 4877 2620 4931 ad
2670 4892 2801 4931 oves
2845 4875 3046 4928 domus
3098 4867 3341 4932 lsraelis,
3374 4879 3506 4932 qua}
3572 4924 3575 4927 _

1906 4977 2208 5048 perierant,
2241 4969 2518 5043 proﬁcisci
2549 4968 2718 5036 jussit
2748 4968 2817 5020 ³ο.
2852 4964 3057 5019 Deinde
3085 4955 3494 5048 quoniam-dis-

1908 5045 2079 5142 persa:
2104 5076 2265 5122 erant
2299 5078 2395 5133 per
2423 5061 2609 5115 orbem
2647 5059 2968 5113 uni-versum
2995 5097 3010 5122 ,
3044 5052 3246 5123 adjecit
3284 5067 3297 5103 :
3329 5045 3499 5142 Quem

1910 5135 2174 5225 assumpsi
2203 5156 2267 5208 ab
2302 5152 2552 5207 extremis
2589 5158 2772 5211 teme,
2800 5156 2848 5201 et
2883 5162 2915 5199 a
2944 5141 3341 5198 summitatibus
3373 5135 3493 5206 ejus

1913 5251 2028 5322 (aut
2076 5244 2380 5301 secundum
2412 5238 2822 5313 Symmachum,
2855 5234 3114 5287 montium
3146 5228 3479 5322 verticibus),

1909 5315 2089 5396 uocari
2116 5347 2185 5389 te.
2227 5333 2333 5387 Eos
2363 5330 2509 5384 enim
2542 5327 2750 5398 primos
2778 5324 3005 5386 uocauit,
3051 5319 3221 5374 Paulo
3254 5326 3390 5371 teste
3417 5315 3484 5373 ³ί.
3582 5368 3585 5371 ,

1926 5434 2017 5504 qui
2045 5438 2352 5487 sermonem
2384 5422 2494 5476 illis
2524 5421 2758 5491 primum
2784 5413 3096 5482 oportuisse
3127 5405 3501 5479 promulgari;

3254 5509 3501 5566 Ipsorum

228 5633 262 5670 ιι
278 5629 462 5670 .tmero
489 5617 863 5682 crediderunt,
892 5618 1112 5675 eosdem
1146 5629 1443 5687 assumptos
1468 5634 1579 5672 esse
1604 5618 1896 5689 signiﬁcat.
2223 5686 2226 5691 _
2273 5666 2279 5671 .
2528 5670 2533 5677 ,

302 5729 351 5762 ²¹
386 5733 550 5787 Amos
592 5749 681 5787 vut
706 5776 718 5793 .
754 5734 838 5788 Η.
918 5735 964 5764 ’³
993 5732 1150 5788 Joau.
1184 5748 1256 5796 vt,
1286 5733 1375 5788 5L
1454 5733 1499 5765 "
1532 5730 1691 5785 Prov.
1729 5748 1782 5789 ιι..

1948 5731 1988 5761 επ
2018 5726 2161 5781 Ρμιι.
2197 5734 2362 5781 cxvn,
2408 5717 2489 5770 ιι.
2562 5712 2611 5756 ν
2653 5714 2902 5777 Romam,
3065 5706 3109 5738 "
3137 5702 3327 5757 Matth.
3363 5714 3419 5761 x,
3448 5697 3501 5748 ἔ).

232 5802 277 5832 ³³⁵
312 5796 468 5855 Ιυειιι.
502 5820 616 5870 rm,
644 5805 730 5859 7‘39.

814 5805 858 5834 ⁸⁸³
891 5802 1080 5858 Matth.
1119 5820 1172 5869 κ,
1207 5806 1264 5871 ii,
1291 5806 1345 5858 6.
1391 5804 1429 5835 ³¹
1456 5805 1578 5857 Act.
1617 5816 1737 5867 Mli,
1778 5802 1853 5855 i6.
