4010 6302
507 313 670 376 2339

1841 323 2160 385 PROCOPI
2171 329 2188 387 l
2220 324 2470 386 ‘GAZJEI

3621 321 3783 386 εδει)

508 438 688 496 ribus,
726 447 958 504 quarum
986 433 1091 489 hoc
1129 433 1250 490 loco
1283 432 1550 488 meminit.
1587 433 1660 489 De
1687 449 1827 504 aqua
1883 435 1990 488 ista
2022 440 2078 488 et

2207 434 2346 488 ιόνον
2378 431 2574 505 πλήθει
2604 432 2994 504 συνεστηκότα.
3027 431 3245 488 Τούτων
3301 433 3413 506 γὰρ
3468 433 3780 506 μέμνηται-

512 525 763 582 tlhristus
792 527 908 596 ipse
935 527 1082 581 hunc
1127 525 1183 579 iu
1243 524 1466 582 modum
1511 526 1869 596 loquebatur:
1925 544 1944 577 ι
1978 525 2086 592 Qui

513 619 712 673 biberit
733 633 932 690 aquam
955 634 1022 674 ex
1083 618 1249 683 me“,
1292 638 1310 670 ι
1356 627 1664 689 οεειθτοιιιιε
1718 619 1997 690 deinceps.
2025 617 2089 674 Et

515 723 738 764 rursus:
773 728 792 761 ι
828 709 930 776 Qui
955 725 1152 780 aquam
1180 711 1401 777 biberit,
1429 696 1600 782 quam.
1643 727 1744 782 ego
1791 711 1952 778 dabo,
1988 711 2091 764 llu-

517 799 662 852 mina
682 798 754 854 de
781 809 972 856 ventre
1009 799 1131 871 ejus
1162 800 1334 857 liuent
1361 817 1516 872 aquae
1551 804 1785 858 viventis
1807 804 1874 858 '°.
1908 821 1928 855 ι
1976 802 2090 858 Hoc

516 898 696 942 autem
728 889 946 946 dicebat
965 891 1033 946 de
1071 891 1292 962 spiritu,
1350 908 1513 962 quem
1573 895 1857 962 accepturi
1911 901 2089 954 erant,

517 979 610 1046 qui
643 977 698 1032 iu
735 978 914 1049 ipsum
941 980 1262 1046 credebant,
1306 981 1466 1050 cujus
1492 981 1758 1036 beneﬁcio
1809 981 2011 1052 vigere,
2035 989 2090 1036 et

519 1064 574 1118 lu
626 1065 797 1120 altqu
855 1069 1014 1140 erigi,
1073 1083 1464 1138 nunquamque
1523 1079 1860 1140 putrescere,
1903 1070 2092 1126 odoris

519 1155 758 1229 denique
783 1163 1110 1236 suavitatem
1157 1167 1409 1218 emittere
1457 1163 1747 1220 credentes
1791 1177 2094 1218 consueve-

521 1258 667 1307 runt.
701 1249 833 1306 Olea
881 1252 1076 1324 igitur,
1107 1259 1163 1308 et
1193 1253 1394 1324 palma,
1436 1263 1492 1309 et
1535 1253 1662 1310 vitis
1697 1255 1753 1308 in
1805 1253 2093 1326 Scriptura

523 1342 736 1400 fructus
787 1343 1054 1402 Ecclesia;
1102 1345 1382 1402 denotant.
1421 1345 1524 1402 Hic
1569 1357 1752 1402 autem
1812 1362 1935 1416 qua:
1991 1362 2094 1402 no-

2189 527 2326 595 Περὶ
2352 525 2546 580 τούτου
2579 528 2674 580 καὶ
2701 528 2730 580 ὁ
2776 526 2967 597 Σωτὴρ
2993 525 3090 579 τοῦ
3115 524 3335 592 ὓδατος
3362 526 3552 594 ἔλεγεν
3571 544 3586 558 ·
3618 543 3640 578 r
3673 528 3786 590 ⁸ος

2189 619 2234 674 δ’
2265 617 2332 672 ἂν
2361 619 2462 692 πίῃ
2513 621 2578 674 ἐκ
2625 617 2720 674 τοῦ
2769 617 2907 690 ἐμοῦ
2953 617 3168 682 ὕδατος,
3202 637 3222 671 ι
3259 619 3355 672 καὶ
3377 619 3447 672 τά
3477 619 3626 687 ἑξῆς.
3659 619 3787 672 Καὶ

2191 710 2375 764 πάλιν
2418 730 2436 762 ι
2457 711 2517 764 '0
2561 709 2730 764 πίνων
2759 711 2824 764 ἐκ
2855 709 2948 764 τοῦ
2979 709 3190 773 ὕδατος,
3235 703 3296 765 οὗ
3335 708 3450 778 ἐγὼ
3479 709 3637 763 δώσω
3671 710 3786 763 αὕ-

2190 799 2290 870 τῷ,
2327 801 2560 871 ποταμοὶ
2591 801 2656 853 ἐκ
2683 800 2784 870 τῆς
2811 799 3017 863 κοιλίας
3053 799 3218 854 αὐτοῦ
3257 800 3540 869 ῥεύσουσιν
3581 799 3789 863 ὕδατος

2193 891 2416 956 ζῶντος.
2475 911 2496 944 ι
2558 891 2730 945 Τοῦτο
2773 891 2832 945 δέ
2881 891 3038 962 ἔλεγε
3095 893 3222 964 περὶ
3280 891 3374 946 τοῦ
3431 891 3786 963 Πνεύματος,

2177 984 2331 1054 ’ὅπερ
2372 983 2606 1055 ἧμελλον
2655 984 2958 1054 λαμϐάνειν
2992 983 3044 1037 oi
3079 982 3425 1048 πιστεύοντες
3459 986 3541 1048 είς
3583 983 3788 1045 αὐτὸν,

2193 1077 2255 1129 τὸ
2287 1075 2513 1139 εὐθαλὲς
2539 1092 2599 1130 τε
2634 1076 2728 1129 καὶ
2776 1075 2997 1146 ὑψηλὸν,
3043 1075 3284 1148 άσηπτόν
3310 1091 3396 1130 ,τε
3429 1077 3526 1130 καὶ
3571 1074 3790 1137 εὐῶδες

2193 1170 2307 1232 τοῖς
2332 1168 2722 1222 πεπιστευκόσι
2751 1167 3136 1239 χαριζομένου.
3173 1167 3359 1221 Ἔλαία
3403 1166 3504 1238 μέν
3529 1163 3648 1230 οὖν,
3681 1165 3794 1219 καὶ

2197 1261 2393 1330 φοῖνιξ,
2430 1263 2526 1316 καὶ
2549 1261 2794 1333 ἄμπελος
2823 1264 2882 1316 ἐν
2908 1264 2974 1334 τῇ
3009 1261 3198 1331 Γραφῇ
3235 1260 3363 1324 τοὺς
3393 1259 3644 1333 καρποὺς
3677 1257 3794 1328 τῆς

2209 1355 2534 1426 Ἐκκλησίας
2563 1354 2912 1424 σημαίνουσι.
2945 1352 3026 1406 Τὰ
3054 1353 3111 1407 δέ
3137 1352 3232 1407 νῦν
3265 1351 3546 1422 λεχθέντα.
3597 1351 3660 1406 τὸ
3689 1351 3791 1404 εὖ·

521 1435 805 1490 minautur
837 1435 1088 1502 arbores,
1147 1452 1364 1504 eorum,
1419 1438 1515 1508 qui
1569 1439 1624 1493 in
1680 1452 1743 1494 ea
1803 1438 2096 1510 proficiunt

2207 1445 2383 1510 Βαλὲς,
2414 1447 2508 1500 καὶ
2531 1445 2862 1516 διῃρημένον
2889 1459 2939 1512 ι,
2963 1445 3160 1516 νεαρόν
3180 1462 3240 1499 τε
3283 1444 3378 1500 καὶ
3406 1445 3644 1516 ἀκμαῖον
3665 1442 3794 1497 τῶν

524 1526 852 1592 ubertatem,
923 1529 1312 1596 altitudinem,
1363 1531 1662 1586 novitatem
1729 1531 2094 1602 etovigorem

2207 1539 2258 1592 ὲν
2306 1539 2444 1610 αὐτῇ
2485 1538 2962 1610 προσκοπτόντων,
3013 1537 3152 1608 ὅπερ
3192 1537 3252 1592 ἐν
3297 1535 3495 1606 ἐρήμῳ
3521 1535 3789 1605 γενέσθαι

523 1617 942 1688 demonstrant;
979 1621 1123 1691 quod
1151 1621 1206 1675 in
1233 1621 1438 1676 deserto
1495 1621 1616 1677 fieri
1646 1622 1864 1678 videtur
1917 1622 2096 1678 admi-

2207 1629 2526 1702 παράδοξον.
2564 1629 2656 1682 Διό
2686 1645 2842 1700 φησι,
2873 1627 3009 1697 Χεὶρ
3037 1629 3261 1697 Κυρίου
3296 1629 3548 1695 ἐποίησε
3567 1628 3790 1688 ταῦτα,

524 1709 718 1764 rabilc.
750 1711 931 1782 Atque
963 1711 1088 1768 inde
1117 1726 1219 1777 est,
1255 1713 1402 1783 quod
1460 1729 1677 1766 manum
1724 1709 1944 1767 Domini
1990 1714 2096 1768 ista

2207 1721 2339 1776 ὥστε
2363 1721 2492 1786 τοὺς
2524 1720 2618 1774 ἐπὶ
2651 1721 2755 1791 γῆς
2795 1719 3215 1792 ἐρῤιζωμένους,
3247 1719 3306 1772 ἐν
3333 1717 3414 1790 τῷ
3453 1717 3635 1788 θνητῷ
3685 1721 3795 1772 καὶ

522 1801 757 1870 effecisse
786 1801 1010 1870 subjicit
1037 1823 1052 1860 :
1091 1820 1286 1875 nempe
1317 1812 1376 1860 ut
1400 1804 1491 1875 qui
1528 1805 1583 1860 in
1603 1812 1750 1861 terra
1775 1805 2011 1868 radices.
2043 1805 2096 1862 id

2207 1800 2528 1884 ἀνθρωπίνῳ
2556 1787 2986 1882 pasiphaen
3005 1787 3337 1880 ’ἀνατρέχειν
3364 1787 3635 1880 οὐράνιον,
3678 1806 3795 1876 τῆς

523 1903 628 1957 est,
665 1897 926 1951 caducam
951 1907 1006 1953 et
1028 1897 1324 1952 humanam
1349 1899 1516 1953 vitam
1549 1908 1795 1970 agerent,
1828 1899 1883 1953 in
1927 1898 2098 1954 ctele-

526 1988 632 2042 stia
665 1989 906 2058 fastigia,
939 2003 1036 2058 spe
1061 1989 1214 2060 regni
1245 1989 1574 2044 immortalis
1613 1990 1810 2055 evecti,
1835 1989 2100 2046 ascende-

525 2087 669 2134 reut.
711 2079 862 2136 Adeo
917 2079 1022 2134 fuit
1081 2082 1194 2146 illa,
1259 2095 1424 2153 quam
1488 2081 1544 2136 in
1605 2081 1864 2150 gentibus
1928 2081 2101 2137 edidit

527 2171 813 2234 Dominus,
874 2171 1238 2227 admiratione
1305 2171 1468 2242 digna
1529 2171 1840 2227 conversio.
1893 2170 2102 2226 Deinde

529 2277 684 2333 aqua
705 2262 962 2316 ductuum
981 2265 1222 2329 nomine,
1245 2263 1509 2319 Ecclesia:
1528 2263 1784 2320 doctores
1816 2263 2097 2330 iudicavit,

527 2353 620 2423 qui
663 2353 918 2408 haustum
951 2354 1134 2410 animo
1179 2353 1246 2410 de
1279 2352 1562 2422 Scriptura
1609 2355 1880 2410 divinitus
1929 2353 2104 2424 inspi-

528 2456 647 2502 rata
683 2446 776 2502 Dei
841 2445 1068 2502 verbum
1108 2447 1164 2503 in
1218 2447 1359 2502 alios
1405 2446 1829 2511 transfundunt,
1867 2455 1928 2501 ut
1979 2447 2104 2502 vitae

527 2537 750 2606 quidem
783 2537 1036 2594 instituto
1081 2538 1269 2596 odoris
1325 2539 1660 2604 bonitatem;
1696 2539 2102 2595 mundanorum

529 2637 708 2686 autem
739 2629 1082 2702 voluptatum
1141 2630 1291 2704 fuga,
1329 2631 1800 2702 incorruptionem
1849 2631 2103 2701 adipisci,

534 2724 692 2780 ﬁrmo
712 2723 952 2794 denique
981 2733 1035 2780 et
1059 2723 1242 2780 stabili
1289 2724 1346 2780 in
1387 2725 1552 2780 rebus
1603 2725 1864 2780 omnibus
1913 2723 2106 2781 habitu

531 2823 870 2886 comparato,
916 2817 1134 2872 radices
1186 2831 1374 2888 agerc,
1423 2823 1479 2872 et
1532 2826 1820 2873 ventorum
1867 2815 2106 2886 impetus

530 2908 771 2976 perferre
823 2909 1058 2964 valeant.
1087 2907 1391 2964 Confirmat
1417 2909 1564 2964 enim
1597 2909 1774 2978 justos
1805 2907 2104 2975 Dominus;

531 3017 768 3072 cumque
799 3003 958 3058 decet
994 3005 1223 3059 istormn
1256 3000 1534 3058 auctorem
1565 3011 1621 3058 et
1647 3017 1872 3058 causam
1900 3017 2106 3076 cogno-

531 3110 705 3162 scere,
735 3111 844 3150 non
877 3107 1071 3166 sponte
1091 3105 1146 3150 et
1163 3092 1392 3151 fortuito
1421 3093 1672 3150 accidere
1699 3101 1917 3166 putare.

603 3183 738 3240 Sunt
773 3201 904 3240 vero
947 3186 1042 3257 qui
1084 3192 1196 3240 tota
1257 3184 1361 3240 ista
1396 3185 1690 3242 verborum
1744 3185 1890 3242 serie
1932 3183 2104 3242 Deum

536 3274 732 3331 Israelt'
765 3276 1069 3332 secundum
1103 3276 1544 3347 progressiduem
1577 3287 1772 3348 putent
1799 3279 1858 3334 in
1901 3291 2110 3333 memo-

533 3373 680 3448 riam
706 3383 966 3424 revocare
998 3384 1109 3440 quo
1172 3370 1291 3424 loco
1341 3385 1556 3439 semper
1591 3369 1736 3440 apud
1776 3385 1837 3426 se
1883 3369 2107 3428 habitus

535 3463 836 3530 sit-,quem
871 3458 992 3514 orbi
1026 3461 1307 3522 universo,
1349 3459 1516 3514 veluti
1579 3473 1869 3515 accensam
1913 3461 2108 3515 diuina:

534 3549 852 3622 (agnitionis
883 3547 1080 3616 facem,
1106 3549 1408 3619 praelucere
1441 3549 1700 3604 voluerit.
1744 3549 2107 3606 Abraltamum

534 3643 732 3698 deinde
775 3643 843 3699 ab
887 3641 1047 3716 46],
1079 3643 1342 3698 extremis
1394 3649 1554 3697 terrae
1585 3641 1786 3699 finibus
1823 3643 2107 3712 evocavit;

532 3734 770 3806 Egypto
809 3733 1068 3804 denique,
1109 3733 1286 3788 altero
1315 3739 1475 3788 terrae
1518 3741 1777 3798 extremo,
1819 3733 2107 3804 eripuerit,

529 3825 768 3893 ﬁliorum
797 3826 920 3881 loco
952 3823 1226 3878 habuerit.
1269 3822 1496 3880 Conﬁde
1521 3823 1707 3894 igitur,
1761 3823 1960 3895 inquit,
2012 3825 2107 3896 qui

535 3928 615 3973 tot
644 3915 986 3972 admirabilia
1010 3925 1270 3986 expertus
1288 3915 1402 3982 sis;
1425 3929 1604 3984 neque
1623 3931 1788 3981 erres,
1812 3925 2108 3986 quantum-

535 4011 617 4064 vis
650 4019 701 4063 tc
723 4010 933 4064 circum
977 4018 1168 4078 gentes
1216 4007 1504 4076 permulta:
1529 4007 1794 4062 ambiant.
1827 4007 1940 4078 Ego
1959 4011 2105 4064 enim

536 4112 824 4176 postquam
855 4103 922 4157 de
969 4103 1081 4157 tuis
1111 4100 1363 4155 hostibus
1410 4100 1738 4171 supplicium
1794 4116 2106 4172 sumpsero,

533 4195 886 4271 quantumvis
917 4195 1178 4264 prodeant
1214 4193 1330 4258 alii,
1364 4193 1418 4246 in
1459 4193 1702 4248 nihilum
1731 4202 1915 4249 tamen
1948 4211 2111 4266 repu-

430 4343 435 4348 ,
532 4290 818 4342 labuntur.
853 4284 958 4340 Sed
1006 4283 1192 4338 forsan
1255 4281 1376 4336 ideo
1432 4283 1642 4349 metuis,
1697 4284 1842 4354 quod
1889 4294 2108 4342 tuorum

535 4381 898 4453 paucitatem;
941 4390 1129 4430 eorum
1161 4381 1374 4440 contra,
1395 4375 1486 4446 qui
1526 4385 1575 4432 te
1601 4376 1871 4443 ambiunt,
1918 4378 2110 4449 ingen-

2204 1901 2476 1972 βασιλείας
2502 1899 2610 1955 τῶν
2639 1899 2888 1970 ούρανῶν
2914 1899 3015 1962 τὰς
3055 1899 3262 1952 ἑαυτῶν
3296 1896 3648 1967 ἀναρτῶντας
3689 1893 3793 1948 E1-

2201 1994 2380 2057 πίδας.
2415 1991 2572 2046 Οὕτω
2601 1989 2919 2064 θαυμαστὴν
2941 1991 2970 2044 ὁ
2991 1990 3125 2050 Θεὸς
3151 1991 3208 2043 ἐν
3237 1988 3448 2069 ἔθνεσιν
3476 1987 3652 2040 ἐποιει
3687 2001 3796 2055 με·

2201 2087 2453 2156 τασολήν.
2501 2082 2912 2155 Ὑδραγωγοὺς
2956 2081 3014 2136 δὲ
3046 2083 3172 2145 τοὺς
3203 2081 3302 2152 τῆς
3345 2077 3674 2150 Ἐκκλησίας
3701 2077 3795 2130 δι-

2200 2181 2507 2244 δασκάλους
2560 2179 2842 2242 ἐκάλεσεν,
2892 2175 2941 2230 οἳ
2986 2174 3236 2247 καθάπερ
3264 2175 3329 2228 ἐκ
3367 2171 3561 2245 πηγῶν
3589 2185 3650 2223 τε
3686 2168 3796 2222 καὶ

2201 2273 2488 2345 ποταμῶν,
2517 2271 2609 2326 τδν
2631 2271 2728 2342 τῆς
2760 2267 3120 2324 θεοπνεύστου
3147 2267 3368 2340 Γραφῆς
3397 2265 3478 2327 είς
3509 2262 3644 2317 νοῦν
3673 2263 3794 2314 εισ-

2201 2365 2554 2436 οικησάμενοι
2609 2363 2801 2431 λόγον,
2850 2361 2946 2416 καὶ
2997 2362 3076 2425 είς
3127 2359 3347 2430 ἐτέρους
3389 2355 3553 2410 αὐτὸν
3605 2370 3797 2424 παραρ-

2203 2455 2537 2526 πέμπουσιν,
2599 2451 2676 2516 ὼς
2729 2453 2798 2506 ἂν
2847 2451 3021 2522 ἔχοιεν
3065 2447 3152 2503 διὰ
3211 2449 3310 2517 μέν
3360 2444 3663 2508 πολιτείας,
3725 2439 3796 2494 τέ

2205 2547 2438 2617 εὔοσμον
2466 2562 2480 2577 ·
2509 2544 2598 2599 διά
2636 2543 2694 2598 δὲ
2723 2544 2824 2614 τῆς
2864 2541 3077 2612 ἀποχῆς
3103 2539 3213 2594 τῶν
3241 2536 3524 2609 κοσμικῶν
3557 2534 3794 2608 ἡδονῶν,

2203 2641 2265 2696 τὸ
2287 2641 2363 2712 μὴ
2388 2636 2708 2710 φθείρεσθαι
2732 2654 2747 2669 ο
2773 2635 2862 2690 διὰ
2891 2635 2949 2688 δέ
2971 2635 3074 2705 τῆς
3103 2631 3405 2695 εὐσταθοῦς
3435 2631 3532 2685 καὶ
3561 2627 3795 2700 βεϐαίας

2205 2735 2266 2788 ἐν
2305 2730 2512 2787 ἅπασιν
2553 2729 2742 2796 ἐξεως,
2776 2729 2838 2782 τὺ
2887 2725 3243 2800 ἐρριζῶσθαι,
3292 2724 3390 2778 καὶ
3442 2723 3636 2792 φέρειν
3677 2721 3797 2773 τῶν

2207 2821 2536 2892 πνευμάτων
2570 2820 2668 2882 τὰς
2717 2816 3045 2890 προσϐολάς.
3091 2812 3480 2884 Ὑποστηρίζει
3521 2812 3636 2880 γὰρ
3661 2810 3798 2872 τοὺς

2207 2913 2451 2976 δικαίους
2478 2911 2508 2965 ὁ
2534 2911 2757 2981 Κύριος.
2809 2908 2918 2963 Καὶ
2961 2906 3044 2960 δεῖ
3071 2905 3264 2960 τοῦτον
3305 2904 3476 2959 αἴτιον
3509 2900 3794 2974 ἡγεῖσθαι,

2209 3007 2306 3062 καί
2341 3004 2418 3078 μὴ
2443 3002 2618 3059 ταῦτα
2648 3001 2890 3074 νομίζειν
2919 3000 3220 3071 αὐτόματα.

2277 3189 2435 3252 Τινὲς
2469 3187 2526 3242 δέ
2554 3186 2682 3258 περὶ
2711 3184 2812 3256 τῆς
2835 3183 3014 3253 πάσης
3046 3181 3260 3252 ἔφασαν
3291 3179 3522 3250 ρήοεως,
3551 3175 3627 3240 ὡς
3659 3175 3799 3228 61m-

2212 3283 2512 3356 μιμνήσκει
2566 3281 2700 3342 Θεδς
2746 3277 2840 3332 τὸν
2883 3275 3024 3330 κατὰ
3053 3271 3336 3347 προκοπὴν
3372 3269 3626 3338 Ἰσραὴλ
3671 3268 3797 3321 οταν

2210 3376 2300 3432 ἀεὶ
2323 3373 2459 3446 πρὸς
2483 3371 2647 3427 αὐτὸν
2669 3369 2768 3442 τὴν
2802 3369 2988 3440 σχέσιν
3015 3365 3310 3437 ἐκτήσατο,
3335 3362 3526 3416 τοῦτον
3575 3359 3800 3427 ἀνάψας

2207 3468 2289 3542 τῷ
2361 3466 2527 3521 παντὶ
2583 3464 2777 3534 κόσμῳ
2858 3460 3110 3529 καθάπερ
3180 3457 3313 3527 δᾷδα
3379 3454 3756 3524 eeo-Troiam;
3777 3469 3794 3486 ο

2224 3562 2282 3616 Ἀ
2293 3559 2485 3629 apud”
2535 3557 2635 3630 μὲν
2662 3553 2901 3616 καλέσας
2929 3551 3024 3608 ἀπ’
3055 3551 3245 3622 ἄκρου,
3267 3549 3366 3620 τῆς
3405 3547 3511 3618 γῆς
3538 3587 3556 3613 ,
3605 3543 3669 3611 ἐξ
3698 3545 3799 3597 Αί-

2209 3652 2420 3724 γύπτου
2447 3650 2506 3703 δὲ
2531 3647 2754 3710 τούτους
2795 3644 2984 3716 ἐτέρου
3037 3641 3351 3711 ἐξελόμενος
3389 3637 3578 3705 ἄκρου
3608 3635 3706 3687 καὶ
3737 3635 3797 3686 ἐν

2209 3741 2362 3798 πᾶσι
2391 3749 2420 3791 γ
2449 3738 2826 3810 λογισάμενος.
2853 3733 3138 3790 Τοσούτων
3159 3728 3252 3787 οὖν
3275 3728 3516 3799 γεγονὼς
3539 3728 3601 3780 ἐν
3623 3726 3795 3794 πείρα

2211 3831 2530 3904 θαυμάτων,
2559 3829 2750 3901 θάρρει
2771 3842 2786 3857 ⁸
2821 3825 2926 3880 κᾶν
2975 3824 3147 3878 πολλά
3170 3839 3232 3876 σε
3263 3822 3391 3892 ἐθνη
3439 3817 3790 3891 περικυκλοί,

2214 3925 2290 3998 μὴ
2319 3922 2548 3980 πλανῶ.
2593 3919 2734 3990 Ἐγὼ
2781 3918 2890 3990 γὰρ
2938 3917 2968 3971 ὁ
2996 3915 3124 3979 τοὺς
3157 3915 3281 3978 σοὺς
3335 3911 3567 3984 ἐχθροὺς
3599 3907 3787 3979 μετελ.

2212 4016 2341 4082 θὼν,
2385 4014 2490 4068 κᾶν
2535 4013 2713 4082 ἕτεροι
2759 4010 2998 4078 φανεῖεν,
3055 4007 3136 4070 είς
3161 4005 3314 4060 ούδέν
3351 4002 3784 4072 λογισθὴσονται.

2224 4106 2364 4162 Ἀλλ’
2409 4105 2540 4167 ἴσως
2584 4098 2836 4168 δειλιᾷς,
2865 4098 2965 4168 τὴν
2997 4097 3097 4168 σὴν
3127 4095 3415 4166 ὀλιγότητα
3448 4092 3664 4164 βλέπων
3694 4090 3792 4145 καὶ

2211 4199 2320 4256 τῶν
2343 4193 2690 4252 κυκλούντων
2717 4191 2778 4244 τὸ
2824 4188 3051 4258 πλῆθος.
3090 4185 3250 4240 Ἀλλά
3278 4185 3378 4256 τὴν
3420 4182 3559 4254 ἐμὴν
3593 4181 3790 4236 σκόπει

2207 4289 2526 4358 βοήθειαν,
2557 4285 2624 4340 δι’
2653 4278 2722 4354 ἧς
2744 4281 3085 4350 κατακόψετε
3111 4277 3234 4340 τοὺς
3282 4275 3406 4329 καθ’
3440 4273 3598 4342 ὑμῶν
3619 4275 3794 4343 ἐπαρ-

2213 4379 2424 4444 θέντας,
2451 4376 2528 4442 ὠς
2575 4375 2740 4442 ὄρεσι
2767 4371 2861 4426 καὶ
2881 4367 3137 4436 βουνοῖς
3167 4362 3585 4428 άπεικάζεσθαι.
3612 4359 3793 4429 ’Ὅπερ

535 4448 643 4527 tem
692 4466 1096 4524 multitudinem
1140 4453 1393 4522 intueris.
1438 4464 1639 4521 Verum
1693 4467 1760 4520 ad
1799 4448 2105 4526 meumre-

2214 4470 2308 4523 ἐπὶ
2329 4467 2435 4520 τῶν
2483 4469 2601 4537 ρπε¹
2634 4461 2884 4534 χιλιάδων
2925 4459 3034 4513 τῶν
3078 4455 3377 4526 Ἀσσυρίων
3419 4452 3656 4520 ἐγένετο,
3691 4465 3792 4520 μη-

535 4561 688 4630 spice
744 4557 1040 4622 auxilium,-
1081 4571 1190 4626 quo
1241 4555 1488 4626 adjutus,
1542 4555 1889 4626 insurgentes
1945 4559 2000 4614 in
2054 4572 2108 4620 te

536 4658 726 4712 hostes
750 4649 1018 4706 montibus
1039 4647 1177 4718 ipsis
1222 4657 1278 4703 et
1313 4646 1537 4702 collibus
1579 4655 1929 4716 comparatos
1984 4667 2112 4709 con.

533 4743 760 4801 feceris.
805 4739 960 4796 Sicut
1008 4739 1062 4794 in
1118 4735 1404 4794 CLXXXV
1459 4734 1812 4806 Assyriorum
1864 4739 2112 4799 millibus

2216 4559 2276 4612 δὲ
2327 4555 2736 4626 πολεμήσαντος
2772 4549 3008 4622 Ἰσραήλ.
3058 4547 3140 4602 Τὰ
3167 4547 3224 4600 δὲ
3260 4545 3388 4608 τοὺς
3434 4542 3663 4614 ἐχθροὺς
3695 4541 3791 4594 a6-

2215 4649 2325 4704 τῶν
2377 4644 2800 4716 καταληψόμενα
2854 4640 3002 4711 πάθη
3063 4637 3215 4708 δηλοῖ
3275 4636 3338 4690 τό
3359 4651 3376 4666 θ
3403 4633 3792 4702 Ζητήσουσιν

2215 4741 2394 4811 ὕδωρ,
2445 4739 2538 4794 καὶ
2560 4739 2673 4806 οὐχ
2707 4733 3058 4803 εὑρήσουσι.
3092 4731 3174 4784 Τά
3217 4729 3275 4783 δέ
3300 4728 3428 4799 περὶ
3463 4725 3586 4780 τῶν
3611 4737 3794 4778 ποτα-

532 4835 730 4911 patuit,
753 4820 856 4906 qui
871 4840 924 4888 te
939 4847 1008 4888 ne
1029 4831 1316 4886 adoriente
1343 4825 1586 4896 quidem,
1613 4840 1734 4880 mea
1759 4829 1920 4886 unius
1941 4845 2105 4900 opera

2211 4833 2344 4906 μῶν
2374 4831 2468 4887 καὶ
2505 4829 2600 4897 ἐπὶ
2641 4827 2742 4897 τῆς
2769 4825 3013 4894 ἱστορίας
3041 4821 3324 4892 γεγονέναι
3348 4818 3536 4888 φασὶν,
3697 4811 3791 4911 καὶ

535 4927 940 4987 ceciderunt".
973 4923 1227 4980 Ostendit
1279 4933 1444 4990 porro
1477 4933 1600 4988 quae
1662 4919 1862 4976 damna
1923 4923 2116 4984 hostes

535 5029 686 5097 ipsos
719 5019 962 5076 invasuri
993 5017 1105 5073 sint
1125 5032 1142 5083 ;
1166 5029 1290 5068 cum
1313 5013 1627 5082 ᾳιιωςὶιιινοε
1647 5012 1866 5084 quidem
1895 5033 2112 5086 aquam,

2214 4899 2420 4996 πέτρας
2449 4921 2792 4994 ἁκροτόμους
2827 4916 3130 4988 ἐκραγῆναι
3160 4915 3298 4984 πρὸς
3333 4911 3501 4964 ὕδατα
3523 4925 3540 4942 ·
3570 4905 3669 4996 καί
3695 4899 3792 4996 at}:

2215 5015 2300 5080 θις
2324 4990 2642 5084 ’ποταμοὺς
2673 5009 2941 5070 ἐκλιπεῖν,
2977 5007 3054 5070 ὡς
3094 5003 3185 5058 τὸν
3225 5001 3498 5072 Ἰορδάνην
3527 4995 3622 5050 τοῦ
3657 4990 3787 5048 λαοῦ

447 5084 452 5106 ἱ
535 5084 629 5174 sed
659 5131 762 5170 non
792 5120 1090 5181 reperturas
1129 5103 1401 5175 adiunxit.
1425 5103 1494 5156 At
1529 5103 1675 5174 quod
1709 5103 1776 5161 de
1801 5084 2105 5173 ﬂuminibus

2212 5105 2601 5166 διαϐαίνοντος.
2636 5101 2702 5154 Ὃ
2725 5099 2825 5153 καὶ
2850 5100 2884 5169 ἡ
2909 5096 3152 5152 θάλασσα
3180 5091 3453 5153 παθοῦσα,
3473 5087 3612 5181 προς
3635 5084 3790 5181 avai-

535 5207 696 5271 dixit,
728 5205 800 5259 ita
840 5201 1047 5256 factum
1078 5211 1221 5263 esse,
1251 5195 1426 5260 aiunt,
1464 5195 1712 5252 historia:
1761 5197 1869 5253 illa;
1903 5208 2112 5258 testan-

536 5308 650 5358 tur.
678 5313 800 5370 quae
831 5293 900 5350 de
941 5289 1239 5362 praeruptis
1259 5287 1434 5360 petris
1463 5303 1635 5358 aquas
1662 5303 1956 5346 emanasse
1984 5307 2114 5347 nar-

540 5401 688 5447 rant:
723 5401 782 5446 ut
815 5397 868 5444 et
895 5385 1088 5454 ﬂuvios
1115 5380 1420 5447 defecisse;
1447 5393 1570 5436 cum
1607 5395 1638 5436 a
1671 5382 1876 5452 populo
1919 5380 2112 5440 Jorda-

611 5574 656 5605 "
685 5574 844 5629 .loan.
864 5587 938 5635 tv,
979 5570 1068 5628 l3.
1143 5571 1187 5606 ⁸⁸
1215 5570 1374 5628 Joan.
1399 5587 1493 5634 vtt,
1518 5570 1607 5626 58.
1685 5572 1728 5606 "
1757 5571 1864 5628 lsa.
1895 5585 2103 5635 xxxv",
2124 5569 2212 5624 56.

2215 5217 2364 5276 ρεσιν
2397 5195 2553 5260 αὖθις
2581 5197 2688 5250 τῶν
2714 5191 3030 5263 Αἰγυπτίων
3079 5183 3295 5260 ἐχέετο⁹
3327 5183 3378 5238 οἶ
3407 5183 3504 5237 καὶ
3528 5177 3788 5276 ἐξεϐράσέ

2225 5271 2400 5360 σοντο,
2457 5293 2558 5346 οὐκ
2620 5291 2700 5352 εἰς
2763 5287 2930 5358 ἄμφω
3003 5285 3103 5353 τῆς
3157 5279 3430 5347 θαλάσσης
3487 5271 3555 5326 τὰ
3613 5271 3784 5340 μέρη.

2223 5390 2338 5443 ἀλλ’
2383 5385 2512 5440 ἔνθα
2565 5379 2634 5456 ἦν
2677 5379 2930 5454 ἰσραήλο
2958 5377 3034 5440 ὡς
3083 5373 3151 5428 ἂν
3195 5370 3432 5444 ὁρῶντες
3475 5363 3786 5434 θαρῤήσωσι

1847 5680 2076 5738 VARUS
2115 5675 2516 5735 LECTIONES.

611 5775 637 5803 ι
670 5780 758 5832 γρ,
779 5757 1092 5830 διηρμένον,
1168 5766 1196 5806 ἵ
1223 5774 1309 5824 ππ.
1331 5755 1388 5808 ἐν
1413 5753 1592 5810 παισί.
