3946 6306
188 273 382 392 gilii!
622 384 648 392 ἓ
1381 297 1813 361 COMMENTAI

1947 305 2025 365 IN
2056 307 2342 372 ISAIAM.
3362 327 3507 392 2362

182 388 496 458 λέγοντες
520 407 536 423 ο
577 384 746 458 οὗτός
814 411 917 466 μου
973 397 1107 463 Θεὸς
1163 401 1192 453 6
1256 403 1520 475 πρότερον
1569 407 1800 461 ἁπιστού

1930 425 2032 467 nes
2060 413 2177 483 ipse
2232 417 2503 487 trajectus
2548 427 2653 476 est.
2718 422 2865 477 idem
2918 437 3179 494 prmterea
3238 436 3293 484 et
3353 446 3505 485 mare

196 497 432 590 μὶνος.
569 587 577 590 Α
708 581 722 590 ⁸
1288 587 1298 590 Α
1377 588 1389 590 ⁸
1874 572 1881 580 ⁸
1931 516 2154 572 passum
2181 522 2477 575 esse,cutu
2515 527 2734 566 rursum
2771 513 2839 567 ad
2895 513 3159 572 delendos
3212 517 3505 590 κεκινιίοε

190 576 475 676 effusum
498 581 723 676 est,_qui
760 597 866 639 non
891 592 1124 657 utroque
1166 587 1335 643 maris
1376 588 1582 652 littore.
1615 591 1708 647 sed
1737 607 1802 650 ea
1841 576 2052 653 tantum
2087 608 2261 669 parte,
2315 603 2370 658 in
2419 619 2527 674 qua
2575 614 2692 660 tum
2767 609 3134 664 versabantur
3220 576 3503 676 Israelita,

194 665 832 771 gbullierunt“;q‘uo
873 689 987 730 rem
1043 679 1397 748 contemplati
1463 682 1827 749 conﬁderent,
1867 665 2103 759 eumque
2128 665 2255 762 jam:
2305 665 2475 749 Deum
2529 711 2689 751 suum
2759 711 2906 762 esse,
2985 699 3074 752 cui
3127 665 3287 752 ﬁdem
3351 665 3507 771 prius

193 757 602 831 denegarant,
645 766 1053 832 proﬁterentur.

280 849 518 907 καν-κθο.
562 850 803 923 Ἕγγίζει
849 857 889 925 ἠ
919 858 1114 926 κρίσις
1134 860 1321 928 ὑμῶν,
1342 861 1506 931 λέγει
1532 864 1748 932 Κύριος
1788 868 1813 920 ό

1988 866 2151 939 m
2170 868 2336 925 Vens.
2357 869 2549 926 21-29.
2566 871 2960 941 Appropinquat
2971 873 3234 941 judicium
3254 886 3502 940 vestrum,

203 941 407 1034 Θεσς.
448 942 743 1012 "Hyrtaci-
779 948 839 999 at
869 947 1096 1011 ,βουλαὶ
1148 950 1334 1019 ὑμῶν,
1379 953 1543 1024 λέγει
1583 959 1616 1010 ό
1636 957 1813 1021 βασι-

1919 956 2047 1011 dicit
2080 958 2340 1014 Dominus
2395 960 2555 1016 Dens.
2587 963 3087 1034 Appropinquarunt
3129 966 3355 1019 consilia
3420 983 3506 1021 vc-

199 1030 389 1098 λεὺς
440 1034 657 1090 Ἰακώϐ.
700 1036 1144 1106 Ἐγγισάτωσαν
1167 1043 1264 1096 καὶ
1292 1044 1813 1114 ἀναγγειλάτωσαν

1919 1058 2056 1112 stra,
2078 1050 2209 1104 dicit
2250 1067 2341 1106 rex
2368 1050 2555 1106 Jacob.
2594 1030 3042 1122 Appropinquant,
3077 1062 3127 1106 et
3184 1057 3502 1109 annuntieut

204 1122 389 1190 ὑμῖν
421 1121 461 1178 ἆ
493 1125 885 1214 συμϐήσεται,
931 1128 971 1198 ἢ
1020 1132 1093 1185 τὰ
1135 1136 1428 1204 πρλτερον
1470 1138 1605 1191 τίνα
1632 1135 1713 1209 ἦν
1739 1141 1813 1194 εἷς

1922 1140 2067 1195 nobis
2082 1156 2200 1210 quae
2222 1151 2438 1196 ventura
2464 1152 2610 1206 sunt,
2635 1152 2728 1197 aut
2751 1121 2933 1213 priora
2960 1161 3077 1214 quae
3103 1155 3276 1209 erant,
3320 1148 3501 1212 dicite.

210 1226 419 1279 πατε,
451 1213 550 1268 καὶ
590 1215 1004 1287 ἐπιστήσομεν
1039 1220 1150 1274 τὸν
1166 1221 1338 1288 γοῦν,
1366 1224 1465 1278 καὶ
1508 1226 1813 1298 τνωσώμε-

1928 1241 1977 1285 et
2011 1244 2234 1285 mentem
2265 1232 2612 1297 advertetnus,
2647 1245 2700 1288 et
2741 1213 3106 1304 cognoscemus
3131 1252 3249 1306 quae
3290 1236 3502 1304 ultima,

211 1309 333 1368 θα,
378 1305 439 1358 τί
464 1305 536 1360 τὰ
568 1307 820 1377 ἔσχατα,
846 1312 944 1366 καὶ
974 1313 1049 1367 τὰ
1078 1314 1467 1384 ἐπερχόμενα,
1499 1336 1552 1372 κ.
1582 1335 1632 1372 τ.
1663 1320 1713 1373 λ.

1926 1335 1977 1377 et
2006 1339 2124 1393 qum
2150 1334 2392 1387 ventura,
2416 1332 2523 1378 etc.

307 1399 503 1454 Εἰπὼν
532 1401 634 1471 τῆς
687 1404 817 1474 πρὶν
844 1407 1054 1476 ἐρήμου
1080 1408 1181 1480 τὴν
1221 1412 1315 1463 ἐπὶ
1345 1410 1406 1464 τὸ
1446 1415 1693 1483 κρεῖττον
1723 1431 1813 1484 με·

1998 1411 2127 1464 Post
2145 1412 2456 1467 absolutum
2479 1410 2549 1465 de
2569 1411 2791 1479 regione
2814 1424 3120 1465 sermonem
3146 1425 3268 1479 quae
3287 1412 3503 1466 deserta

209 1489 502 1563 ταϐολὴν,
552 1492 636 1559 ἐφ’
680 1494 865 1566 ἕτερον
919 1499 1234 1566 μεταϐαίνει
1279 1500 1487 1570 τάγμα,
1527 1502 1556 1556 δ
1602 1506 1669 1575 τῇ
1709 1504 1813 1557 τῶν

1927 1499 2057 1554 olim
2085 1500 2197 1569 jam
2230 1500 2425 1554 melior
2469 1492 2759 1565 evaserat;
2793 1498 2859 1553 ad
2903 1501 3072 1553 alium
3109 1514 3297 1554 eorum
3357 1517 3504 1558 nunc

214 1579 482 1634 εἰδώλων
510 1584 865 1653 ὲγκατέμεινε
910 1586 1108 1658 πλάνῃ.
1146 1588 1222 1660 μὴ
1254 1592 1552 1661 ὲπιστῆσαν
1579 1592 1663 1646 ὅτι
1685 1583 1813 1664 Δχεὶρ

1925 1590 2125 1644 transit
2153 1589 2421 1654 ordinem,
2451 1588 2543 1657 qui
2573 1588 2843 1642 idolorum
2870 1604 3056 1644 errore
3083 1589 3321 1643 nondum
3354 1593 3501 1660 posi-

214 1670 452 1742 Κυρεου
484 1673 739 1744 ἐποίησεν
776 1674 969 1731 ταῦτα.
1028 1678 1193 1731 Οὐδὲν
1229 1676 1324 1734 οὖν
1372 1681 1500 1750 ὑμῖν
1553 1682 1586 1754 ἢ
1645 1685 1813 1737 κατά-

1922 1686 1996 1741 ιο,
2042 1678 2145 1732 ista
2206 1693 2370 1732 manu
2413 1677 2622 1733 Domini
2678 1678 2821 1732 facta
2857 1694 2978 1733 esse
3032 1680 3341 1749 ignorabat.
3382 1680 3501 1736 Una

215 1778 426 1830 κρισις
473 1758 745 1827 λείπεται,
779 1764 879 1834 τῆς
927 1767 1198 1833 τοσαύτης
1244 1771 1673 1844 ἀναισθητήσασι
1719 1775 1816 1844 χά-

220 1869 410 1921 ριτος.
458 1853 548 1907 Διὸ
596 1854 872 1922 ἐπιλέγειο
909 1856 1203 1927 Ἤγγισαν
1246 1864 1306 1915 αἱ
1352 1850 1576 1926 ﬁatﬁat
1628 1850 1811 1933 ὑμῶν’.

232 1941 398 1995 ’Δνθ’
445 1943 510 1998 οὗ
541 1944 853 2014 Σύμμαχοςο
898 1947 1224 2018 Ἐγγισατε,
1256 1953 1411 2022 φησὶ,
1471 1954 1544 2008 τὰ
1594 1955 1816 2023 ισχυρὰ

216 2029 429 2098 ὑμῶν.
469 2032 615 2098 Ὅδὲ
663 2036 955 2092 Θεοδοτίων
977 2053 994 2071 ·
1049 2040 1126 2094 Τὰ
1170 2042 1598 2112 κραταιώματα.
1645 2044 1704 2099 Ὀ
1757 2046 1815 2102 δὲ

233 2122 488 2187 Ἀκύλας
524 2141 541 2159 ο
606 2126 956 2195 Ὀστεώσεις
994 2140 1041 2167 ιο
1093 2133 1238 2185 τοῦτ’
1287 2133 1424 2199 ἔστι,
1469 2138 1598 2198 τοὺς
1652 2135 1811 2200 θεοὺς

221 2214 397 2284 ὑμῶν
453 2217 534 2280 εἰς
578 2217 654 2275 .τδ
739 2219 903 2290 μέσον
969 2223 1228 2292 ἀγάγετε.
1300 2224 1488 2291 Οὕτως
1549 2228 1817 2309 ἑρμήνευ-

224 2321 459 2361 σαν.....
1642 2318 1645 2321 ’

820 2403 1069 2460 ΚΕΦΑΛ.
1110 2406 1242 2460 MB'.

292 2486 443 2542 «ι’-ϐ’.
490 2490 703 2545 Ἰακὼϐ
729 2495 763 2545 ὁ
803 2493 944 2560 παῖς
965 2513 1109 2563 μου,
1160 2498 1566 2567 ἀντιλήψομαι
1603 2499 1813 2555 αὐτοῦ.

240 2578 502 2645 ’Ἰσραὴλ
541 2582 879 2650 ὁέκλεκτός
904 2603 1046 2654 μου,
1106 2588 1511 2654 προσεδέξατο
1557 2592 1744 2644 αὐτὸν
1776 2592 1814 2658 ἠ

229 2671 413 2740 ψυχή
440 2690 582 2742 μου.
609 2675 843 2729 Ἔδωκα
904 2677 970 2731 τὸ
1033 2679 1270 2748 πνεῦμά
1294 2697 1413 2748 μου
1466 2681 1559 2733 ἐπ’
1607 2682 1840 2746 αὑτὸν,,

230 2761 444 2827 κρίσιν
470 2761 594 2827 τοῖς
630 2762 873 2818 ἔθνεσιν
922 2766 1175 2830 ἐξοίσει*
1208 2769 1281 2821 οὐ
1327 2768 1696 2836 κεκράξεται,
1743 2772 1815 2824 οὐ

230 2849 309 2905 δὲ
337 2850 573 2921 ἀνήσει,
604 2853 749 2909 οὐδὲ
774 2856 1221 2924 ἀκουσθήσεται
1263 2857 1382 2923 ἔξω
1433 2861 1471 2928 ἠ
1513 2861 1684 2929 φωνὴ
1711 2862 1818 2914 αὐ-

230 2941 373 3007 τοῦ,
409 2959 463 2997 κ.
488 2960 539 2998 τ.
581 2944 631 2999 λ.
1554 2966 1555 2969 η

510 3074 526 3089 .
604 3036 1053 3106 προεπήγγελται
1130 3036 1337 3104 λέγων·
1415 3037 1615 3107 Ἀρχὴν
1673 3037 1811 3090 Σιὼν

231 3121 416 3176 δώσω.
451 3123 562 3193 Καὶ
587 3123 718 3177 ποία
742 3142 825 3188 τις
863 3123 1025 3195 αὕτη,
1060 3126 1246 3201 σαφῶς
1273 3127 1622 3194 ἐπενήνοχεν.
1650 3126 1812 3193 Λέγε-

232 3230 332 3266 ται
356 3212 464 3285 γὰρ
486 3215 577 3268 ἐπὶ
605 3214 702 3285 τὴν
742 3215 1069 3286 Ἐκκλησίαν
1088 3217 1170 3279 εἷς
1189 3215 1362 3285 ἀρχὴν
1390 3215 1658 3283 δεδόσθαι,
1677 3216 1812 3270 καθὸ

233 3304 463 3373 γέγονεν
491 3304 797 3375 ἄνθρωπος,
851 3306 910 3358 τὸ
943 3307 1081 3358 κατὰ
1111 3304 1329 3357 πάντων
1377 3306 1577 3374 κράτος
1606 3306 1808 3376 λαχών.

235 3394 333 3449 Διὸ
383 3395 475 3449 καὶ
521 3395 721 3449 Ἰακὼό
772 3395 956 3461 αὐτὸν,
996 3394 1070 3458 ὡς
1099 3394 1161 3459 ἐξ
1204 3394 1434 3465 αἵματος
1481 3396 1729 3464 Ἰσραὴλ
1750 3398 1811 3450 τὸ

236 3485 383 3540 κατὰ
410 3485 586 3555 σάρκα
633 3487 899 3554 γεγονότα
933 3485 1104 3539 καλεῖ.
1152 3485 1584 3554 Ἀντιλήψομαι
1607 3487 1686 3551 δὲ,
1708 3504 1810 3558 φηο

238 3579 349 3641 σὶν,
377 3576 586 3632 αὐτοῦ.
646 3576 1038 3647 Συνειργάζετο
1089 3577 1198 3647 γὰρ
1238 3578 1267 3630 6
1318 3577 1505 3648 Πατὴρ
1529 3578 1700 3648 αὐτῷ,
1734 3578 1809 3641 ὡς

237 3669 329 3722 διὰ
359 3668 635 3738 δυνάμεως
672 3667 810 3730 ἰδίας
834 3667 1245 3738 μεγαλουργῶν.
1267 3668 1422 3721 Ἐστι
1451 3667 1507 3720 δὲ
1536 3669 1631 3721 καὶ
1658 3670 1809 3723 ἀπό-

236 3759 468 3821 λεκτος,
496 3757 577 3809 ὅτι
601 3756 696 3810 καὶ
725 3757 923 3827 ὡραῖος
972 3756 1157 3811 κάλλει
1187 3757 1336 3828 παρὰ
1368 3758 1491 3820 τοὺς
1530 3759 1677 3822 υἱοὺς
1702 3758 1810 3811 τῶν

239 3845 560 3916 ἀνθρώπων.
595 3847 705 3899 Καὶ
757 3846 1143 3915 παρὰδεκτος,
1172 3847 1248 3911 ὡς
1280 3848 1655 3918 ὴγαπημένος.
1703 3849 1809 3901 Εὐι-

239 3935 431 4003 δόκησε
454 3934 562 4006 γὰρ
581 3937 613 3988 6
643 3934 831 4006 Πατὴρ
888 3936 946 3988 ὲν
980 3935 1129 4005 αὑτῷ
1174 3935 1345 4004 λέγων
1365 3953 1379 3968 ·
1410 3954 1428 3988 t
1469 3930 1637 4001 Οὗτός
1660 3938 1808 3993 ἐστιν
1848 3932 1849 3937 “

239 4030 271 4080 6
294 4025 412 4089 Υἱός
443 4044 544 4096 μου
571 4029 599 4081 6
632 4027 937 4097 ἀγαπητὸς,
994 4029 1053 4082 ἐν
1081 4021 1124 4096 ᾧ
1166 4029 1454 4100 εὐδόκησα.
1489 4050 1508 4080 ι
1550 4030 1811 4100 Χριεοεὶς

243 4117 324 4183 δὲ,
363 4120 500 4172 κατὰ
552 4119 614 4172 τὸ
672 4118 1030 4188 ἀνθρώπινον,
1077 4119 1476 4189 μετεσχηκέναι
1506 4119 1602 4173 τοῦ
1652 4121 1808 4189 ἁγίου

246 4211 556 4279 Πνεύματυς
585 4210 828 4279 λέγεται,
863 4213 1042 4264 καίτοι
1069 4210 1132 4263 τὸ
1168 4211 1412 4280 Πνεῦμα
1449 4210 1675 4278 διδοὺς,
1713 4212 1811 4267 καὶ

1916 1768 2081 1838 igitur
2112 1768 2286 1833 vobis,
2323 1768 2518 1838 inquit,
2553 1777 2799 1836 superest
2850 1766 3253 1833 condemnatio,
3279 1771 3373 1839 qui
3433 1771 3501 1825 ad

1917 1863 2122 1913 tantam
2146 1854 2375 1923 gratiam
2415 1855 2837 1922 obstupescatis.
2861 1855 3039 1924 Atque
3065 1857 3191 1910 hinc
3222 1868 3324 1923 est,
3354 1859 3501 1928 quod

1916 1945 2406 2014 appropinquarunt
2431 1945 2657 2000 consilia
2689 1955 2860 2003 castra
2887 1947 3204 2017 subjungit;
3240 1964 3338 2018 pro
3377 1950 3501 2019 qui-

1916 2038 2017 2091 bus
2047 2039 2464 2106 appropiuquate
2496 2038 2660 2106 fortia
2679 2047 2852 2091 vestra
2884 2036 3279 2108 Symmachus;
3309 2039 3497 2108 ﬁrma-

1921 2139 2097 2182 menta
2111 2128 2412 2184 Theodotio
2433 2146 2448 2196 ;
2472 2129 2778 2196 futcimeuta
2798 2130 3045 2200 Aquilas,
3065 2131 3492 2184 transtulerunt:

1920 2222 2078 2290 quasi
2109 2220 2244 2276 Deos
2277 2222 2333 2275 in
2359 2222 2595 2278 medium
2632 2222 2878 2292 proferre
2923 2221 3174 2292 jubeant.
3201 2220 3294 2277 Sic
3328 2223 3498 2277 inter-

1915 2312 2110 2381 pretati
2138 2319 2288 2367 sunt.
2331 2353 2346 2368 .
2392 2352 2406 2366 .
2450 2351 2468 2368 .
2509 2349 2524 2365 .
2567 2349 2585 2365 .

2514 2397 2668 2454 CAP.
2708 2399 2874 2454 XLII.

1988 2490 2145 2561 E63
2184 2489 2349 2545 Vsus.
2385 2490 2503 2545 1-9.
2555 2489 2724 2543 Jacob
2779 2505 2912 2558 puer
2963 2506 3108 2543 meus
3136 2530 3152 2554 ,
3215 2491 3497 2557 suscipiam

1915 2597 2067 2645 eum;
2097 2580 2271 2635 Israel
2295 2581 2488 2635 electus
2521 2597 2689 2642 meus,
2716 2582 2946 2649 suscepit
2982 2596 3102 2632 eum
3148 2581 3328 2637 anima
3358 2595 3495 2635 mea.

1920 2670 2053 2724 Dedi
2095 2673 2339 2739 spiritum
2367 2688 2537 2725 meum
2577 2685 2733 2738 super
2770 2668 3203 2724 cum.Judicium
3254 2668 3495 2739 gentibus

1916 2761 2120 2815 educet.
2140 2760 2263 2816 Non
2286 2763 2557 2829 clamabit,
2594 2778 2757 2833 neque
2793 2763 3041 2830 dimittet,
3064 2778 3224 2832 neque
3252 2763 3499 2816 audietur

1918 2852 2051 2921 foris
2081 2868 2181 2907 vos:
2211 2854 2347 2923 ejus,
2377 2862 2488 2909 etc.

1987 3032 2153 3103 464
2198 3071 2215 3086 .
2259 3072 2274 3087 .
2320 3073 2334 3087 .
2379 3073 2393 3086 .
2448 3032 2839 3087 Prmnuntiavit
2885 3031 3076 3086 dicens
3126 3050 3140 3086 :
3202 3030 3497 3101 Imperium

1916 3125 2069 3179 Sioni
2105 3126 2268 3179 dabo.
2313 3123 2514 3179 Deinde
2573 3123 2851 3193 quodnam
2913 3123 3047 3177 illud
3093 3129 3262 3186 esset,
3309 3129 3496 3190 aperte

1914 3217 2116 3271 intulit.
2146 3215 2354 3271 Dicitur
2378 3217 2521 3270 enim
2562 3214 2629 3268 ad
2672 3213 2933 3270 Ecclesiae
2983 3214 3273 3283 imperium
3296 3213 3495 3276 datus,

1913 3319 2181 3377 quatenus
2211 3308 2376 3361 homo
2417 3306 2593 3361 factus
2625 3320 2894 3361 summam
2923 3305 2976 3359 iu
3016 3321 3208 3360 omnes
3253 3315 3497 3375 potesta-

1913 3408 2019 3451 tem
2039 3398 2294 3452 obtinuit.
2329 3398 2512 3468 Itaque
2544 3405 2596 3452 et
2637 3396 2803 3452 Iacob
2855 3398 3056 3466 ipsum,
3092 3404 3347 3467 tanquam
3401 3399 3494 3467 qui

1915 3489 1984 3545 de
2016 3491 2284 3558 sanguine
2309 3488 2486 3542 Israel
2514 3490 2817 3544 secundum
2858 3503 3081 3543 carnem
3112 3498 3272 3544 natus
3326 3499 3496 3554 esset,

1912 3580 2226 3648 appellavit.
2278 3577 2481 3632 Deinde
2533 3578 2818 3645 suscipiam
2873 3592 2993 3631 eum
3041 3577 3261 3644 adjecit.
3323 3574 3497 3630 Simul

1911 3673 2055 3727 enim
2088 3686 2212 3725 cum
2242 3686 2306 3724 eo
2334 3669 2497 3725 Pater
2541 3673 2905 3738 operabatur;
2963 3677 3221 3737 tanquam
3276 3669 3497 3736 propria

1911 3765 2116 3817 virtute
2142 3771 2195 3817 et
2223 3762 2465 3831 potentia
2520 3777 2609 3817 res
2644 3775 2872 3830 magnas
2923 3767 3165 3827 pararet.
3208 3760 3302 3813 Est
3365 3774 3497 3812 vero

1911 3855 2076 3909 etiam
2097 3854 2316 3918 electus,
2380 3861 2640 3921 tanquam
2698 3851 2790 3919 qui
2844 3848 3032 3902 formas
3082 3845 3497 3917 pulchritudine

1911 3946 2171 4000 mortales
2203 3959 2399 3999 omnes
2422 3949 2815 4011 exsuperaret;
2852 3947 2907 3993 et
2941 3949 3205 4007 acceptus,
3235 3946 3495 4006 tanquam

1910 4039 2004 4108 qui
2045 4038 2378 4105 diligeretur.
2416 4035 2626 4088 Placuit
2660 4032 2807 4087 enim
2855 4030 3027 4095 Patri,
3070 4034 3161 4100 qui
3193 4031 3262 4085 de
3313 4044 3378 4084 eo
3438 4029 3493 4083 in

1910 4130 2058 4184 hunc
2085 4127 2304 4182 modum
2330 4127 2546 4181 locutus
2581 4139 2705 4179 esse
2728 4124 2962 4192 legitur:
3009 4139 3025 4172 ι
3070 4120 3170 4174 llic
3194 4128 3279 4175 est
3320 4117 3494 4175 Filius

1914 4234 2068 4274 meus
2096 4218 2351 4283 dilectus,
2388 4217 2441 4269 in
2472 4230 2585 4285 quo
2628 4209 3334 4283 c0tnplaetti"-”.»Unctns
3391 4223 3491 4261 au-

246 4302 479 4371 ἀγιὰζων
509 4303 606 4373 τὴν
629 4302 824 4355 κτίσιν.
888 4300 1249 4356 Βαπτισθέντι
1279 4305 1388 4374 γὰρ
1434 4304 1497 4356 τὸ
1539 4304 1802 4373 Πνεῦμα,

1918 4317 2042 4374 tem,
2075 4307 2375 4364 secundum
2408 4304 2825 4366 humanitatem,
2859 4300 3099 4370 Spiritus
3121 4297 3295 4354 sancti
3326 4297 3490 4351 etiam

246 4395 425 4465 φησὶν,
461 4394 843 4464 ὲπεφοίτησεν.
884 4392 1140 4464 Ἐχρίσθη
1174 4392 1229 4445 δὲ
1243 4396 1446 4462 κρίσιν
1465 4392 1668 4459 ἐξοίσαι
1694 4398 1807 4458 τοῖς

1903 4401 2179 4471 particeps
2203 4414 2326 4455 esse
2363 4397 2606 4462 dicitur;
2650 4408 2962 4464 quanquam
3002 4399 3058 4446 et
3106 4389 3349 4457 spiritum
3379 4386 3493 4441 lar-

245 4485 465 4545 ἔθνεσιν,
495 4485 525 4539 ὃ
550 4487 666 4538 ἐστι
692 4485 1114 4556 δικαιοκρισίαν.
1139 4485 1471 4539 Δεδικαίωκε
1523 4486 1633 4558 γὰρ
1669 4487 1808 4541 αὐτὰ

1918 4492 2026 4561 piri,
2059 4506 2183 4547 cum
2212 4498 2394 4546 creata
2425 4488 2765 4552 sanctiﬁcat,
2790 4485 3029 4539 dicatur.
3065 4482 3121 4536 lu
3152 4495 3278 4534 eum
3322 4479 3490 4563 enim,

247 4576 569 4646 κατακρίνας
631 4576 712 4630 σὺν
766 4577 1237 4647 πλεονεκτήσαντα
1285 4578 1554 4642 Σατανᾶν,
1586 4577 1761 4645 λέγων
1790 4592 1805 4608 ⁸

252 4688 271 4719 ο
309 4667 415 4722 Νῦν
440 4668 617 4739 κρίσις
645 4668 763 4721 ἐστὶ
795 4667 890 4721 τοῦ
937 4668 1145 4737 κόσμου
1187 4666 1400 4723 τούτου.
1432 4667 1550 4723 Νῦν
1572 4670 1600 4723 6
1627 4667 1813 4739 ἄρχων

246 4758 339 4814 τοῦ
386 4759 593 4829 κόσμου
639 4759 828 4812 τούτου
881 4759 1282 4830 ἐκϐληθήσεται
1328 4761 1454 4827 ἔξω.
1498 4760 1670 4830 Κάγὼ
1715 4762 1812 4815 ἐὰν

249 4849 437 4918 ὑψωθῶ
458 4853 522 4904 ὲκ
535 4852 659 4921 γῆς,
688 4850 895 4915 πάντας
918 4850 1132 4905 ἑλκύσω
1155 4853 1290 4923 πρὸς
1312 4852 1574 4923 ἐμαυτόν.
1606 4872 1625 4903 ι
1649 4852 1808 4919 Εἶτα,

251 4941 536 5013 ἐπειδήπερ
582 4940 820 5011 ἡσύχως,
849 4944 943 4996 καὶ
973 4942 1164 5011 πράως
1192 4943 1284 4996 τὸν
1312 4944 1656 5015 ἀνθρώπινον
1685 4945 1809 4998 διώ-

248 5033 392 5087 δευσε
422 5032 557 5102 βίον,
590 5034 649 5087 ἐν
677 5034 864 5103 ὑφέσει
893 5034 1086 5105 πολλῇ,
1138 5034 1271 5105 μηδὲ
1315 5039 1429 5100 τοῖς
1463 5035 1810 5108 θραπευομέ-

250 5141 352 5188 νοις
370 5126 638 5196 φανεροῦν
668 5128 979 5197 ἐπιτρέπων
1012 5127 1197 5193 αὐτὸν,
1220 5130 1340 5182 οὐκ
1357 5128 1593 5196 ἀνήσει,
1626 5129 1812 5199 φησὶν,

252 5214 380 5271 οὐδὲ
403 5216 843 5282 ἀκουσθήσεται
878 5218 994 5282 ἔξω
1029 5218 1068 5284 ἡ
1115 5219 1285 5288 φωνὴ
1318 5219 1523 5274 αὐτοῦ.
1561 5220 1814 5290 Οὐδαμοῦ

251 5308 351 5377 γὰρ
370 5307 474 5371 ἔξω
496 5310 594 5379 τῆς
630 5308 889 5374 Ἰουδαίας
913 5311 1006 5364 καὶ
1035 5310 1322 5377 Γαλιλαίας
1342 5309 1813 5385 διέτριψεν.’ῐιλθε

269 5478 572 5538 "-"Matth.
606 5500 686 5548 ttt,
720 5486 826 5554 i7;
866 5487 999 5552 xvu‘,
1025 5488 1078 5543 5.
1155 5487 1375 5545 "Joan.
1408 5505 1508 5555 ιιι,
1544 5489 1631 5554 5|,
1659 5488 1748 5544 52.

1905 4556 2031 4638 cum
2071 4583 2395 4654 tingeretur.
2425 4583 2521 4644 ait,
2569 4579 2805 4648 Spiritus
2858 4578 3086 4646 illapsus
3127 4581 3235 4631 est.
3280 4556 3492 4627 chtus

1918 4680 2001 4727 est
2026 4687 2151 4727 vero
2183 4680 2243 4727 ut
2271 4672 2428 4741 justo
2453 4671 2659 4740 judicio
2695 4677 2885 4739 gentes
2916 4668 2972 4720 in
2997 4667 3301 4721 libertatem
3335 4677 3491 4717 asse-

1918 4770 2099 4816 reret:
2133 4761 2279 4830 quod
2314 4760 2474 4813 abeo
2501 4760 2703 4812 factum
2729 4768 2833 4822 est,
2873 4770 2998 4810 cum
3033 4752 3491 4809 contumeliosum

1916 4863 1971 4908 et
1997 4852 2401 4907 fraudulentum
2432 4849 2690 4904 Satanam
2707 4847 3105 4903 condemnavit
3137 4845 3221 4899 his
3256 4833 3434 4896 verbis
3474 4857 3487 4894 :

1921 4965 1940 4999 ι
1968 4944 2126 5000 Nunc
2162 4942 2434 5015 judicium
2463 4949 2547 4998 est
2590 4941 2754 5010 hujus
2783 4938 2991 4994 mundi.
3030 4936 3188 4992 Nunc
3237 4936 3491 5005 princeps

1916 5036 2080 5106 hujus
2127 5036 2316 5091 mundi
2365 5033 2614 5103 ejicietur
2666 5031 2836 5087 foras.
2872 5031 2934 5084 Et
2963 5044 3085 5098 ego,
3110 5029 3156 5084 si
3217 5026 3491 5082 exaltatus

1917 5127 2072 5181 fuero
2106 5142 2135 5180 a
2170 5135 2335 5189 terra,
2366 5140 2559 5180 omnes
2598 5122 2808 5178 traham
2855 5121 2922 5176 ad
2970 5136 3056 5175 me
3083 5119 3149 5172 ⁸³.
3192 5137 3211 5170 ι
3262 5114 3485 5186 Deinde,

1916 5218 2175 5290 quoniam
2206 5217 2419 5287 placide
2469 5225 2522 5272 et
2574 5223 2857 5270 mansuete
2880 5214 3048 5266 vitam
3071 5213 3229 5266 istam
3286 5209 3488 5276 exegit,

1917 5325 2114 5381 magna
2164 5309 2429 5366 modestia
2462 5323 2530 5364 ne
2579 5307 2646 5364 iis
2707 5305 2924 5377 quidem
2964 5317 3104 5374 quos
3174 5309 3484 5366 sanaverat,

1509 5598 1742 5657 γΑιιιιλΕ
1785 5597 2187 5656 LECTIONES.

322 5676 341 5705 ³
360 5685 443 5737 rp.
479 5669 815 5741 ετερεώεεις.
