4010 6302
263 301 387 366 εει
399 301 436 364 5

1442 296 1978 359 COMMENTARII
2015 297 2098 358 IN
2140 298 2444 363 ISAIAM.‘

3393 306 3534 368 2366

267 425 382 464 νου
412 425 496 472 τις
525 405 676 476 παρὰ
705 407 797 460 τὸν
819 405 1112 462 Μωσαῖκδν
1133 407 1340 478 ἔτερος,
1374 407 1514 476 πλὴν
1534 407 1636 476 τῆς
1675 405 1864 476 καινῆς

1970 409 2137 474 tione,
2173 411 2452 468 Ecclesiae
2478 411 2652 481 ipsas,
2677 425 2798 482 quae
2827 429 2858 467 ιι
2891 413 3000 469 iide
3028 413 3241 479 alienis,
3269 423 3532 484 tanquam

271 497 576 567 διαθήκης,
611 495 742 566 περὶ
773 488 840 566 ἦς
883 487 1150 568 Ἱερεμίας
1198 496 1364 567 φησί·
1407 513 1425 548 ι
1463 495 1574 550 Καὶ
1601 495 1860 566 διαθήσο-

278 602 395 655 μαι
427 585 611 648 αὐτοῖς
643 583 909 655 διαθήκην
958 583 1173 655 καινὴν,
1201 585 1264 637 οὐ
1289 583 1432 638 κατὰ
1467 585 1570 656 τὴν
1594 583 1872 656 διαθήκην

273 677 354 746 ἦν
381 674 640 744 διεθέμην
668 673 780 736 τοῖς
837 673 1108 744 πατράσιν
1155 673 1359 727 αὐτῶν.
1397 691 1417 726 ι
1453 675 1598 743 Ἔφη
1619 673 1677 728 δὲ
1706 673 1800 727 καὶ
1831 674 1860 726 ὁ

275 765 482 834 παρὼν
515 765 818 836 προφήτης·
855 781 874 815 ι
919 765 1012 817 Ἐκ
1035 764 1142 834 γὰρ
1164 763 1304 817 Σιὼν
1331 764 1673 830 ἐξελεύσεται
1697 765 1862 834 νόμος

275 856 382 910 καὶ
406 855 563 923 λόγος
607 853 812 925 Κυρίου
855 853 916 919 ἐξ
974 853 1351 924 Ἰερουσαλήμ.
1393 873 1412 907 ι
1453 849 1670 924 Ἐπειδὴ
1709 853 1764 906 δὲ
1793 854 1860 924 τῇ

277 945 633 1018 προκειμένῃ
662 947 818 1017 ῥήσει
847 945 1058 1016 ἁθρόως
1085 944 1350 998 ἐπέϐαλεν
1403 943 1594 1011 είπὼν,
1655 941 1867 1000 Ἰακὼϐ

277 1045 316 1096 ὁ
333 1041 482 1108 παῖς
491 1059 630 1110 μου,
659 1041 734 1110 μὴ
755 1039 994 1110 διορίσας
1014 1041 1075 1093 τὸ
1093 1039 1384 1110 πρόσωπον
1404 1055 1418 1068 ο
1441 1037 1536 1090 νῦν
1557 1038 1860 1108 ἐπήγαγεν,

283 1130 493 1195 οὕτως
503 1129 666 1198 λέγει
683 1129 901 1196 Κύριος
927 1131 960 1182 ό
978 1127 1140 1198 Θεὸς,
1163 1127 1222 1192 ἐξ
1241 1127 1405 1181 αὑτοῦ
1418 1126 1592 1196 δηλῶν
1608 1123 1862 1196 είρῆσθαι

277 1221 356 1274 τὰ
413 1220 812 1290 τεθεσπισμένα
871 1220 1002 1290 περὶ
1055 1219 1316 1289 Χριστοῦ.
1365 1217 1472 1272 Τοῦ
1509 1217 1564 1270 δὲ
1613 1217 1863 1284 λέγοντος

281 1315 526 1384 ἀοράτου
551 1312 930 1382 τυγχάνοντος,
971 1311 1067 1382 τὴν
1097 1311 1284 1364 οὐσίαν
1315 1307 1501 1372 αὑτοῦ,
1526 1308 1618 1361 καὶ
1645 1305 1743 1377 τὴν
1773 1305 1866 1360 δύ-

280 1422 459 1472 ναμιν
487 1406 551 1456 ἐκ
582 1403 846 1474 μεγέθους
869 1403 1165 1473 παρίστησι
1224 1401 1565 1471 κτισμάτων,
1602 1399 1742 1452 κατὰ
1765 1397 1861 1469 τὴν

279 1491 501 1546 Παύλου
525 1494 731 1571 φωνήν.
767 1493 883 1546 Τὸν
933 1493 1194 1561 οὐρανὸν
1236 1491 1304 1545 δὲ
1337 1491 1643 1560 πεπῆχθαί
1673 1507 1859 1560 φησιν.

291 1583 394 1650 Ἐξ
420 1583 608 1647 ὓδατος
640 1583 749 1654 γὰρ
775 1583 1026 1652 συνέστη,
1055 1584 1195 1636 κατὰ
1221 1582 1318 1652 τὴν
1347 1581 1588 1645 Μωσέως
1620 1579 1856 1650 γραφὴν,

277 1679 389 1732 οὐκ
421 1678 486 1730 ἑκ
516 1677 706 1749 πυρὸς,
735 1676 878 1729 κατὰ
918 1677 1044 1738 τοὺς
1101 1674 1206 1741 ἔξω
1241 1673 1457 1744 σοφοῦςο
1510 1674 1621 1745 Τὴν
1649 1675 1704 1728 δὲ
1741 1673 1861 1742 γῆν

275 1766 702 1834 ἐστερεῶσθαι,
731 1766 818 1819 διὰ
862 1765 922 1818 τὺ
977 1765 1148 1836 μέσην
1197 1763 1362 1818 οὖσαν
1411 1763 1668 1834 ἀκίνητον
1696 1759 1854 1828 εἶναι,
1890 1747 1933 1805 Β

278 1861 408 1912 ἀντὶ
427 1857 484 1911 δὲ
502 1857 618 1923 τοῦ,
636 1856 734 1910 καί
753 1857 908 1910 τὰὲν
924 1853 1078 1924 αὐτῇ
1096 1871 1110 1884 ·
1145 1854 1243 1908 καί
1279 1857 1352 1908 τὰ
1371 1855 1742 1922 πορευόμενα
1764 1853 1856 1906 ἐπ’

279 1947 476 2016 αὐτῆς
505 1951 533 2002 ὁ
593 1949 889 2018 Σύμμαχος
933 1947 1170 2016 εἴρηκεν.
1201 1945 1336 2000 Τίνα
1375 1945 1432 1998 δὲ
1493 1943 1664 1998 ταῦτα
1710 1944 1857 2011 λέγει

278 2042 316 2094 ό
337 2039 547 2104 διδοὺς
573 2037 772 2106 πνοὴν
803 2035 884 2102 τῷ
918 2034 1046 2101 λαῷ
1086 2034 1166 2100 τῷ
1202 2035 1294 2089 ἐπ’
1320 2033 1508 2102 αὐτῆς
1533 2051 1552 2099 ;
1585 2035 1724 2088 ilict
1747 2033 1858 2104 γὰρ

279 2129 596 2201 ἀνθρώποις
625 2129 717 2182 διὰ
755 2129 844 2181 τοῦ
885 2126 1310 2198 πρωτοπλάστου
1339 2129 1420 2190 είς
1449 2125 1628 2197 ψυχὴν
1661 2125 1854 2196 ἐνεφύ-

282 2239 422 2294 σησε
449 2222 650 2287 ζῶσαν,
688 2219 784 2274 τοῦ
811 2219 867 2273 δὲ
883 2220 1220 2288 πνεύματος
1249 2219 1311 2272 οὐ
1361 2221 1497 2272 πᾶσι
1531 2219 1852 2288 μετέδωκεν,

280 2312 423 2367 ἀλλὰ
475 2312 588 2374 τοῖς
641 2309 901 2363 πατοῦσι
939 2307 1054 2375 τὴν
1095 2307 1232 2377 γῆν,
1263 2307 1566 2378 κρείττοσιν
1606 2304 1727 2362 οὖσι
1759 2307 1852 2361 τοῦ

281 2402 522 2472 γεώδους
553 2401 920 2472 φρονήματος.
983 2397 1168 2471 Binet;
1191 2397 1237 2452 δ’
1293 2397 1358 2452 ἂν
1407 2397 1503 2452 καὶ
1551 2401 1659 2452 πᾶν
1699 2398 1856 2467 γένος

279 2493 577 2568 δηλοῦσθαι
631 2493 787 2558 ζώων
834 2491 1054 2560 λογικόν
1084 2507 1144 2544 τε
1175 2491 1270 2546 καὶ
1307 2491 1522 2560 ἄλογον.
1553 2489 1774 2545 Πολλῶν
1799 2491 1858 2544 δὲ

278 2585 747 2656 ψευδοπροφητῶν
794 2583 1100 2652 γεγονότων
1154 2583 1210 2636 ὲν
1283 2581 1524 2654 Ἰσραὴλ,
1576 2581 1858 2635 συνέϐαινε

282 2675 474 2728 λοιπον
505 2676 599 2727 καὶ
631 2673 757 2736 τοὺς
789 2671 1007 2742 ἀληθεῖς
1059 2670 1408 2724 ἀπιστεῖσθαι
1445 2672 1750 2738 προφήτας,
1783 2669 1859 2732 ὡς

282 2769 387 2824 καὶ
430 2765 592 2820 αὐτὸν
662 2761 1032 2832 animum;
1091 2760 1268 2814 καίτοι
1337 2759 1860 2830 θαυματουργοῦντα

281 2839 540 2928 Χριστόν.
589 2853 908 2910 Ἐκϐάλλειν
937 2853 1046 2922 γὰρ
1098 2851 1259 2906 αὐτὸν
1281 2851 1522 2920 ἔφασκον
1551 2855 1608 2906 ὲν
1632 2851 1856 2917 Βεελζε-

282 2949 494 3006 ϐοῦλτὰ
515 2948 786 3020 δαιμόνια,
809 2944 992 3014 ἔλεγόν
1013 2961 1072 2998 τε
1093 2959 1106 2974 ·
1136 2963 1156 2996 ι
1184 2945 1243 2998 Εἰ
1268 2941 1334 3016 ἦν
1356 2939 1508 3007 οὗτος
1536 2945 1676 3016 παρὰ
1702 2942 1858 3008 Θεοῦ,

281 3045 388 3100 οὐκ
447 3041 568 3094 ἔλυε
617 3039 679 3092 τὸ
713 3037 1012 3092 Σάϐϐατον.
1042 3053 1059 3086 ι
1099 3033 1298 3106 Διόπερ
1337 3035 1575 3104 ἔφασκεν
1620 3036 1802 3099 αὐτοῖς
1830 3037 1860 3088 δ

283 3139 480 3209 Σωτήρ
503 3153 518 3167 ·
548 3155 570 3189 ι
619 3135 676 3190 '0
706 3135 945 3202 κλέπτης
1001 3133 1101 3186 οὐκ
1129 3093 1389 3202 ἔρχεται,
1418 3135 1466 3186 εί
1509 3131 1584 3203 μὴ
1619 3133 1705 3186 ἵνα
1741 3093 1862 3186 κλέ-
1889 3093 1936 3154 C

279 3228 386 3300 ψῃ,
424 3227 516 3280 καὶ
539 3225 708 3294 θύσῃ,
744 3223 838 3276 καὶ
858 3221 1117 3294 ἀπολέσῃ.
1184 3222 1324 3288 Ἐγὼ
1350 3217 1514 3292 ἦλθον
1579 3222 1666 3276 ἵνα
1699 3221 1846 3294 ζωὴν

280 3319 505 3390 εχωσιν.
537 3335 557 3369 ι
602 3314 712 3368 Καὶ
777 3312 976 3368 πάλινο
1016 3330 1036 3364 ι
1083 3311 1222 3382 Ἐγὼ
1251 3308 1414 3384 ἦλθον
1453 3313 1511 3367 ὲν
1539 3312 1615 3385 τῷ
1637 3314 1860 3386 ὀνόματι

278 3409 378 3464 τοῦ
409 3407 652 3478 Πατέρος
681 3423 809 3476 μου.
851 3423 870 3458 ι

1966 499 2126 562 mari,
2155 499 2398 569 undique
2441 499 2787 562 obsidentur,
2818 500 3206 570 intelligimus;
3246 499 3407 571 legem
3433 514 3536 552 au-

1965 598 2095 652 tem,
2119 590 2280 645 aliam
2310 591 2380 646 ab
2405 606 2492 654 ea,
2524 606 2647 660 qua:
2681 589 2784 645 fuit
2811 607 2910 660 per
2940 590 3126 645 Mosen
3151 591 3490 659 proittulgata
3515 608 3530 646 :

1963 679 2016 734 id
2047 687 2152 746 est,
2189 688 2578 736 testamentum
2616 680 2752 736 illud
2785 693 2999 746 recens,
3033 681 3102 736 de
3143 695 3252 750 quo
3294 679 3350 734 in
3391 680 3535 736 hunc

1963 769 2184 824 modum
2224 771 2466 839 loquitur
2495 769 2760 826 Jeremias
2789 789 2804 826 ι
2841 789 2860 821 ι
2900 770 2963 824 Et
2989 771 3233 826 testabor
3258 769 3337 824 eis
3369 777 3536 828 testa-

1963 869 2206 916 mentum
2234 877 2466 929 novum;
2499 877 2605 917 non
2635 862 2935 917 secundum
2961 863 3116 927 illud,
3141 860 3288 930 quod
3315 860 3535 916 condidi

1963 953 2210 1023 patribus
2239 968 2428 1009 eorum
2461 955 2526 1010 ⁸³.
2568 972 2587 1006 ι
2625 952 2713 1009 Ait
2745 968 2875 1010 vero
2919 963 2980 1008 et
3031 961 3222 1011 noster
3271 953 3362 1006 bic
3410 967 3538 1022 pro-

1964 1043 2170 1112 pheta:
2211 1062 2230 1094 ι
2261 1041 2337 1098 De
2377 1043 2508 1097 Sion
2542 1043 2715 1098 exibit
2743 1043 2852 1109 lex,
2887 1051 2944 1096 et
2971 1043 3192 1096 verbum
3231 1039 3443 1095 Domini
3467 1039 3537 1096 de

1961 1132 2262 1189 Jerusalem
2289 1135 2355 1190 “.
2388 1154 2410 1187 γι
2448 1133 2738 1196 Caeterum,
2765 1135 2895 1204 quia
2923 1133 3218 1203 propositae
3241 1131 3533 1186 verborum

1963 1223 2148 1282 seriei,
2181 1223 2332 1276 nulla
2370 1237 2615 1291 personas
2651 1223 2928 1292 loquentis
2977 1220 3122 1275 facta
3155 1221 3534 1286 distinctione,

1961 1311 2129 1366 Iacob
2173 1312 2318 1382 ﬁlius
2353 1329 2498 1367 meus
2537 1312 2830 1368 confertim
2869 1311 3222 1382 adiunxerat,
3259 1326 3426 1374 nunc,
3459 1312 3534 1364 ita

1964 1403 2253 1460 Dominum
2296 1405 2466 1460 Deum
2504 1405 2732 1468 dixisse,
2773 1415 3030 1474 tanquam
3082 1403 3153 1458 ab
3187 1401 3376 1458 eodem
3415 1418 3534 1472 pro-

1961 1497 2126 1552 deant
2155 1511 2276 1566 quae
2317 1497 2387 1550 de
2423 1497 2648 1552 Christo
2687 1495 2874 1551 futura
2919 1503 3236 1560 narrantur,
3267 1493 3532 1548 ostendit.

1961 1589 2187 1652 Deinde,
2215 1589 2345 1658 quia
2389 1591 2442 1642 in
2489 1589 2772 1644 oculorum
2820 1601 3046 1644 sensum
3090 1601 3200 1640 non
3240 1586 3407 1651 cadit,
3439 1585 3536 1654 qui

1959 1679 2224 1749 loquitur,
2273 1677 2520 1748 ejusdem
2581 1678 2878 1733 essentiam
2945 1686 3002 1731 et
3071 1675 3216 1730 vires
3263 1690 3292 1728 a
3349 1687 3532 1728 rerum

1964 1779 2274 1826 creatarum
2331 1769 2738 1840 magnitudine,
2791 1768 2869 1821 uti
2915 1774 2972 1822 et
3023 1765 3262 1830 Paulus,
3309 1765 3538 1820 demon-

1965 1871 2102 1918 strat
2135 1860 2200 1916 “.
2237 1859 2383 1914 Dixit
2430 1860 2596 1928 igitur
2645 1859 2833 1913 calum
2889 1858 3058 1926 ﬁxum
3103 1872 3254 1919 esse;
3289 1865 3346 1909 ut
3394 1869 3536 1924 aqua

1963 1962 2238 2017 constare,
2261 1953 2560 2008 secundum
2589 1951 2754 2006 Mosae
2783 1950 3110 2005 sententiam
3137 1949 3181 1981 ⁸⁸
3205 1966 3222 2015 ;
3254 1963 3360 2002 non
3387 1947 3532 2017 igne,

1965 2047 2106 2106 sicut
2151 2043 2394 2114 profana)
2457 2043 2740 2113 sapientiai
2791 2043 3070 2112 magistris
3121 2041 3334 2111 placet,
3383 2039 3535 2110 judi-

1965 2148 2134 2193 caret.
2184 2135 2332 2190 Dixit
2377 2143 2432 2189 ct
2479 2135 2688 2203 ﬁrmari
2728 2143 2929 2188 terram
2975 2131 3118 2197 ideo,
3156 2139 3350 2200 putant
3389 2145 3536 2184 non-

1965 2229 2124 2293 nulli,
2147 2224 2296 2296 quod
2324 2227 2378 2278 in
2411 2225 2530 2294 ipso
2561 2223 2748 2278 mundi
2781 2223 2964 2277 medio
2991 2222 3190 2276 librata
3220 2214 3538 2290 permaneat

1967 2315 2489 2374 im~mobilis.\'erum
2505 2330 2617 2385 quo
2641 2316 2783 2378 loco,
2798 2323 2846 2368 et
2880 2329 2997 2384 quae
3021 2314 3074 2368 in
3095 2314 3232 2382 ipsa,
3251 2311 3532 2378 habemus,

1967 2411 2036 2466 Et
2059 2423 2175 2480 qua:
2193 2411 2252 2464 in
2273 2411 2393 2478 ipsa
2413 2407 2714 2473 ambulant,
2739 2407 3134 2477 interpretatur
3153 2403 3534 2475 Symmachus.

1965 2505 2033 2558 At
2064 2515 2314 2572 quaenam
2350 2508 2498 2563 sunt,
2533 2514 2656 2567 quae
2692 2497 2870 2552 verbis
2909 2497 3052 2559 istis,
3099 2495 3205 2560 Qui
3244 2493 3390 2546 dedit
3429 2493 3536 2562 ﬂa-

1966 2604 2079 2646 tum
2115 2589 2330 2661 popuio,
2365 2587 2468 2654 Qui
2497 2588 2550 2642 in
2581 2604 2644 2641 ea
2676 2594 2778 2650 est,
2809 2585 3102 2656 intelligit?
3133 2584 3358 2640 Cuncus
3387 2585 3536 2638 enim

1964 2679 2282 2736 hominibus
2312 2691 2410 2746 per
2450 2674 2850 2744 protoplustum
2889 2672 2943 2726 in
2986 2673 3224 2724 animam
3265 2671 3537 2725 viventem

1966 2769 2257 2842 inSpiravit
2301 2766 2545 2839 quidem,
2577 2779 2686 2820 nun
2719 2774 2902 2820 autem
2939 2778 3130 2818 omnes
3161 2763 3380 2830 spiritus
3414 2777 3540 2831 par-

1966 2865 2159 2932 ticipes
2190 2860 2410 2926 effecit;
2453 2860 2546 2913 sed
2586 2873 2685 2912 eos
2721 2862 2957 2920 tantum,
2985 2853 3079 2924 qui
3117 2851 3350 2908 terrenis
3391 2854 3540 2920 cogi-

1967 2955 2265 3011 tationibus
2315 2951 2630 3022 superiores
2679 2949 2894 3009 effecti,
2951 2957 3150 3000 terram
3199 2943 3538 2999 conculcant.

1968 3047 2132 3101 Dicas
2165 3059 2295 3099 vero
2333 3042 2518 3098 omnia
2559 3041 2724 3096 etiam
2769 3037 3130 3091 animantium
3166 3049 3388 3104 genera,
3424 3033 3542 3088 sire

1969 3138 2182 3194 ratione
2227 3135 2493 3205 polleant,
2522 3132 2642 3187 sive
2671 3130 2859 3186 eadem
2903 3129 3293 3190 destituantur,
3331 3122 3542 3195 signiﬁ-

1966 3229 2104 3284 cari.
2149 3225 2442 3288 Caeterum,
2477 3222 2606 3292 quia
2655 3220 2808 3274 falsis
2858 3218 3212 3275 abundabant
3260 3213 3541 3286 prophetis

1969 3318 2246 3377 Israelita,
2294 3315 2497 3370 factum
2545 3320 2631 3368 est
2677 3311 2918 3371 tandem.
2964 3317 3024 3363 ut
3067 3308 3212 3364 veris
3254 3307 3388 3362 fides
3432 3319 3540 3360 non

1967 3409 2320 3466 adhiberetur
2353 3421 2368 3460 :
2403 3405 2510 3458 imo
2547 3417 2615 3458 ne
2647 3401 2866 3456 Christo
2909 3398 3151 3470 quidem,
3191 3394 3542 3467 quantumvis

283 3501 546 3556 miracula
581 3505 844 3569 patraret.
888 3495 1026 3552 Eum
1059 3496 1204 3552 enim
1239 3506 1294 3552 et
1326 3507 1540 3568 sumpta
1571 3513 1602 3553 a
1631 3499 1920 3556 Beelzebul
1953 3508 2224 3572 potestate
2255 3497 2524 3554 daemonia
2557 3495 2779 3563 ejicere,
2807 3501 2884 3558 et,
2944 3493 2991 3549 si
3053 3508 3121 3547 ex
3191 3491 3301 3546 Deo
3367 3499 3538 3556 esset,

283 3590 590 3647 Sabbatum
633 3604 914 3660 nunquam
955 3589 1266 3645 soluturum
1327 3590 1502 3647 fuisse
1552 3591 1806 3646 dicebant
1839 3594 1901 3649 “.
1962 3595 2105 3648 Hinc
2152 3591 2245 3646 illa
2295 3588 2644 3643 Salvatoris:
2683 3604 2701 3637 ι
2745 3583 2858 3638 Fur
2920 3599 3034 3638 non
3078 3584 3251 3650 venit,
3325 3581 3432 3637 nisi
3481 3587 3542 3632 ut

282 3683 518 3748 foretur,
544 3692 769 3748 mactet,
793 3677 956 3753 467
989 3687 1044 3736 et
1069 3681 1288 3750 perdat;
1319 3696 1420 3752 ego
1452 3691 1634 3738 autem
1664 3686 1846 3752 venio,
1887 3693 1947 3740 ut
1999 3683 2165 3739 vitam
2221 3680 2460 3736 habeant
2489 3679 2554 3732 '7.
2594 3697 2614 3730 ι
2657 3677 2726 3732 Et
2755 3695 2770 3732 :
2801 3677 2952 3746 tEgo
2995 3677 3121 3732 veni
3207 3675 3272 3728 in.
3319 3673 3544 3728 nomine

282 3773 468 3830 Patris
495 3775 600 3829 mei
627 3773 692 3827 ⁸⁸.
723 3792 742 3826 ι

361 3865 521 3920 Ὅθεν
559 3864 710 3935 αὐτῷ
734 3866 768 3934 ἡ
791 3862 1100 3934 προφητεία
1134 3865 1514 3936 μαρτυροῦντα
1529 3867 1619 3921 τὸν
1642 3869 1860 3940 Πατέρα

281 3959 450 4024 ποιεῖ,
484 3955 558 4020 ὡς
606 3955 830 4024 κληθεὶς
858 3949 1042 4024 ἦλθεν,
1073 3953 1187 4007 ἀλλ’
1215 3955 1318 4008 οὐκ
1355 3957 1676 4026 αὐτόμολος,
1717 3960 1864 4013 κατὰ

279 4048 411 4110 τοὺς
431 4046 536 4099 ἀπο
564 4045 792 4115 καρδίας
854 4043 1172 4110 λαλοῦντας,
1231 4045 1347 4098 ἀλλ’
1381 4047 1451 4098 ἐν
1475 4045 1859 4116 δικαιοσύνῃ,

283 4137 408 4194 κατ’
449 4135 605 4202 ἀξίαν
653 4136 756 4206 τὴν
807 4134 1002 4202 κλῆσιν
1052 4131 1250 4188 λαϐὼν.
1296 4135 1406 4188 Καὶ⁸
1449 4135 1556 4189 τῶν
1582 4137 1864 4204 δυνάμεων

284 4229 400 4285 δντι
427 4227 618 4297 Κυρίῳ
675 4227 957 4294 συνεργεῖν
1008 4223 1430 4292 ἐπαγγέλλεται,
1459 4225 1550 4280 διὰ
1583 4226 1653 4280 τὰ
1684 4230 1862 4298 μέτρα

281 4320 383 4390 τῆς
404 4318 842 4393 ἀνθρωπότητος,
899 4315 956 4368 ὃν
983 4315 1079 4368 uati.
1103 4315 1236 4368 Θεὸν
1267 4315 1504 4380 δεικνὺς,
1531 4319 1626 4369 καὶ
1653 4316 1767 4387 φῶς
1795 4321 1862 4372 ὲκ

284 4411 583 4481 φωτος.είς
613 4407 740 4478 φῶς
765 4407 927 4460 αὐτὸν
977 4405 1169 4460 ἐθνῶν
1208 4405 1400 4476 ὥσπερ
1447 4424 1496 4460 τι
1520 4407 1691 4478 δῶρον
1715 4409 1862 4462 δεδό-

286 4480 412 4556 σθαι
434 4501 614 4570 φησὶν,
655 4501 736 4562 είς
774 4497 1074 4563 Amarian
1099 4497 1305 4568 Καινὴν
1329 4497 1430 4566 τῆς
1470 4482 1742 4570 προτέραξ
1763 4496 1859 4569 τὴν
1895 4480 1936 4536 D

288 4591 448 4648 σκιὰν
497 4586 814 4660 θεοπρεπῶς
857 4586 1299 4655 καταργήσαντα.
1346 4587 1475 4646 Καὶ,
1505 4587 1735 4656 ἐπείπερ
1765 4585 1862 4641 αὖ-

282 4682 376 4746 τδς
401 4676 470 4753 ἦν
497 4682 532 4752 ή
552 4679 834 4746 Διαϐήκη,
861 4678 1088 4748 μεσίτης
1141 4676 1216 4730 ὢν
1246 4677 1379 4731 Θεοῦ
1415 4678 1510 4730 καὶ
1534 4673 1860 4748 άνθρώπων,

284 4771 406 4826 οὐδὲ
439 4771 678 4843 γραφὴν,
727 4771 850 4823 οὐδὲ
897 4768 1122 4838 βιϐλίον,
1155 4769 1357 4840 ὁμοίως
1403 4767 1629 4832 ἐξέδωκε
1653 4771 1863 4823 Μωσεῖο

286 4861 346 4918 ἑν
376 4863 524 4933 αὐτῷ
585 4863 642 4916 δὲ
694 4863 789 4914 καὶ
830 4861 939 4913 τῶν
991 4858 1158 4912 πάλαι
1198 4858 1446 4928 τυφλῶν
1477 4859 1576 4922 τὰς
1605 4858 1784 4929 ψυχὰς
1813 4863 1868 4914 οἱ

287 4955 575 5024 ὀφθαλμοί
643 4951 1047 5020 διανοῖγον-ται
1108 4951 1245 5022 πρὸς
1297 4951 1498 5018 γνῶσιν
1557 4951 1729 5014 Θεοῦ,
1802 4949 1861 5015 ἐξ

286 5045 511 5114 ἀγνοίας
537 5045 633 5116 τῆς
662 5045 790 5115 περὶ
809 5042 1004 5096 εἴδωλά
1021 5059 1080 5094 τε
1109 5042 1203 5095 καὶ
1227 5041 1510 5110 δαίμονας,
1531 5035 1608 5105 οἷς
1639 5041 1699 5094 τὸ
1722 5041 1862 5095 θεῖον

289 5139 453 5202 σέϐας
499 5139 643 5209 ᾇπερ
673 5138 805 5208 ἐμόν
836 5139 886 5191 ιι.
941 5136 1000 5190 ⁸0
1033 5137 1088 5191 δὲ
1141 5136 1302 5198 αὐτὸς
1337 5137 1433 5190 καὶ
1471 5139 1580 5199 τοῖς
1614 5137 1671 5189 έν
1710 5135 1862 5207 ᾅδου,

286 5231 728 5301 καθειργμένοις
751 5230 822 5286 ἐν
857 5229 1002 5294 οἴκῳ
1040 5226 1325 5298 φυλακῆς
1354 5227 1586 5300 ἐκήρυξε
1614 5229 1861 5298 πνεύμα-

287 5338 394 5386 σιν,
422 5325 486 5374 ὲκ
508 5320 749 5391 δεσμῶν
795 5319 1040 5390 ἀνάγκης
1088 5321 1296 5382 πάντας
1353 5320 1523 5383 ἀνείς.
1571 5318 1738 5388 Ὁμοῦ
1778 5320 1856 5388 δὲ,

2037 3863 2174 3919 Hinc
2193 3875 2414 3918 rursum
2442 3857 2624 3913 Patris
2655 3858 3032 3914 testimonium
3061 3857 3324 3928 propheta
3352 3867 3545 3920 neSter

1964 3958 2212 4022 adhibet,
2244 3967 2482 4022 eumque
2516 3965 2626 4006 non
2677 3957 2895 4020 sponte,
2947 3958 3007 4004 ut
3057 3949 3418 4019 transfugam,
3449 3957 3544 4004 aut

1964 4063 2154 4107 eorum
2204 4046 2466 4116 aliquem,
2504 4041 2599 4112 qui
2650 4042 2720 4096 de
2778 4057 2881 4096 suo
2927 4049 3139 4096 tantum
3198 4040 3418 4110 ingenio
3463 4041 3544 4099 Im

1965 4146 2232 4212 quuntur,
2269 4135 2364 4192 sed
2401 4135 2504 4190 rite
2538 4141 2790 4188 vocatum
2831 4133 2886 4186 in
2920 4132 3128 4196 iustitia
3163 4130 3448 4194 accedere,
3487 4138 3544 4184 et

1967 4245 2091 4286 cum
2120 4227 2463 4282 exercituum
2497 4225 2749 4287 Domino,
2781 4239 2882 4294 pro
2916 4221 3280 4278 humanitatis
3309 4221 3540 4285 ratione.

1967 4319 2253 4389 coopetari
2300 4317 2611 4380 continuat,
2657 4315 2942 4386 Deumque
2976 4329 3124 4379 esse,
3157 4322 3212 4369 et
3253 4314 3436 4368 lumen
3477 4315 3545 4368 de

1967 4413 2196 4476 lumine,
2222 4418 2278 4466 et
2301 4411 2469 4464 lucem
2494 4411 2748 4480 gentium,
2771 4416 3031 4478 tanquam
3063 4405 3267 4462 donum
3295 4404 3542 4474 aliquod,

1971 4504 2026 4559 in
2079 4513 2443 4558 testamentum
2492 4517 2720 4564 novum,
2759 4501 2962 4556 veteris
3012 4499 3202 4554 umbra
3251 4497 3542 4563 divinitus,

1960 4604 2020 4652 ut
2065 4609 2168 4665 par
2209 4603 2348 4656 erat,
2401 4593 2668 4662 dissipata
2707 4592 2772 4644 ⁸⁸.
2827 4590 3096 4656 Quoniam
3150 4588 3348 4644 deinde
3398 4587 3543 4643 idem

1961 4687 2076 4756 ipse
2123 4693 2500 4751 testamentum
2547 4691 2664 4736 erat
2710 4681 2993 4752 (tanquam
3044 4678 3224 4736 factus
3271 4677 3542 4734 mediator

1963 4777 2054 4832 Dei
2089 4786 2142 4832 et
2176 4775 2478 4838 hominum)
2513 4786 2688 4843 neque
2723 4773 3078 4839 scripturam,
3110 4785 3286 4838 neque
3317 4769 3538 4832 librum,

1963 4869 2130 4923 veluti
2177 4866 2378 4930 Moses,
2429 4866 2647 4921 edidit:
2681 4863 2776 4920 sed
2824 4864 2877 4918 in
2931 4867 3053 4933 ipso
3102 4879 3294 4918 eorum
3345 4865 3534 4929 etiam,

1969 4961 2062 5030 qui
2109 4958 2381 5028 quondam
2441 4957 2748 5012 animorutn
2797 4956 3034 5011 cwcitate
3083 4955 3426 5017 laborabant,
3469 4957 3537 5008 ad

1971 5052 2063 5106 Dei
2100 5050 2434 5120 agnitionem
2472 5051 2614 5102 oculi
2659 5051 2988 5117 aperiuntur,
3015 5046 3068 5102 id
3117 5054 3203 5101 est
3241 5046 3310 5100 ab
3351 5045 3536 5110 idolis,

1969 5138 2170 5209 quibus
2229 5137 2476 5190 divinum
2532 5137 2738 5190 cultura
2795 5135 3131 5198 tribuebant,
3187 5142 3538 5193 revocantur.

1969 5229 2115 5286 Idem
2149 5242 2276 5282 vero
2306 5235 2358 5282 et
2389 5226 2456 5282 iis
2479 5226 2644 5280 etiam
2676 5226 2983 5292 Spit-ilibus,
3009 5225 3102 5296 qui
3133 5225 3274 5294 apud
3306 5223 3538 5289 inferos,

1970 5324 2026 5377 in
2055 5322 2278 5376 carceris
2304 5318 2460 5374 domo
2487 5317 2759 5382 constricti
2791 5319 3120 5374 tenebantur
3151 5317 3217 5384 ⁷⁸,
3243 5317 3310 5372 de
3335 5331 3394 5370 se
3420 5314 3540 5384 ipso

357 5437 404 5466 "
435 5433 640 5489 Jerem.
681 5449 829 5492 uxr.
857 5433 946 5495 5i,
975 5433 1064 5484 5'2.
1141 5432 1186 5465 ⁸³
1223 5431 1330 5486 lsa.
1354 5432 1490 5493 “.5.
1568 5433 1614 5464 °“
1653 5431 1880 5494 Rom.'t,
1923 5431 2014 5486 ‘20.
2092 5431 2136 5463 "
2167 5429 2302 5484 Gen.
2339 5443 2377 5491 ι,
2409 5430 2463 5484 6.
2543 5428 2586 5462 ⁸⁸
2614 5427 2744 5482 Luc.
2779 5441 2852 5492 ιι,
2892 5426 2976 5494 Η,
3014 5427 3108 5495 15;
3145 5426 3299 5482 Juan.
3337 5441 3412 5491 ιιι,
3447 5424 3540 5483 lii.

286 5509 332 5541 ⁸⁷
358 5505 518 5561 Joan.
559 5521 615 5570 ι,
647 5503 732 5568 l0,
771 5503 827 5558 ll
931 5503 975 5536 ⁸⁸
1007 5499 1166 5558 Joan.
1203 5519 1254 5568 γ,
1287 5502 1374 5558 45.
1453 5502 1546 5557 "l
1581 5499 1740 5558 Joan.
1774 5517 1836 5566 tt,

1998 5502 2042 5533 7°
2073 5501 2091 5555 l
2121 5501 2266 5557 Petr.
2298 5515 2382 5566 tu,
2418 5501 2483 5558 19

1547 5609 1781 5666 VARUE
1811 5609 2215 5667 LECTIONES.

358 5689 386 5729 ι’
430 5705 514 5756 γρ.
557 5685 844 5752 ἀπένεμεν.
