3946 6306
166 308 340 372 2365i

1269 296 1800 364 COMMENTARII
1845 295 1921 355 IN
1966 292 2244 355 ISAlAM.

3308 282 3451 346 2370

174 418 369 471 λεύων
396 417 562 471 πᾶσιν
604 415 914 487 ἀνθρώποις
942 415 1135 485 ὕμνον
1159 413 1348 482 ᾄδειν,
1386 411 1419 483 ἢ
1464 408 1605 465 κατὰ
1653 408 1778 469 τοὺς

1894 404 2001 470 lit;
2038 405 2130 474 qui
2170 402 2445 474 hymnum,
2481 401 2564 456 vel
2605 401 2870 455 canticum
2913 400 3009 470 (ιιι
3033 400 3215 455 οωιοτί
3264 409 3451 458 trans-

180 507 447 573 λοιποὺς,
474 502 656 578 ᾄσμασ
696 505 885 575 ἐπειδὴ
911 506 949 573 ἠ
981 503 1131 573 ἀρχὴ
1157 503 1321 557 αὐτοῦ
1367 502 1461 555 καὶ
1516 496 1779 567 καθολικὴ

182 597 426 664 ἐξουσία
459 597 585 651 καθ’
615 597 743 667 ὅλης
801 596 1105 663 ἐδοξάσθη
1135 597 1233 665 τῆς
1261 595 1384 664 γῆς.
1418 591 1779 661 Πεπλήρωται

175 690 316 762 γὰρ
342 688 450 742 τῶν
483 688 592 742 ἀπὸ
642 689 741 758 τῆς
781 687 1022 759 Χριστοῦ
1063 686 1434 758 προσηγορίας
1471 681 1780 754 λεγομένων

179 781 565 853 Χριστιανῶν.
607 781 696 833 Ἐν
744 779 964 851 καθαρᾷ
998 779 1056 833 δὲ
1089 779 1293 848 θεωρία
1322 777 1432 830 τῶν
1480 774 1780 845 μελλόντων

179 876 217 927 ὁ
251 874 544 945 προφήτης
576 870 848 934 ἑστιαθεὶς
869 870 970 942 τὴν
1001 870 1200 941 ψυχὴν,
1240 868 1616 938 συνεορτάςειν
1633 863 1781 935 αὑτῷ

182 965 299 1018 καὶ
328 963 456 1025 τοὺς
481 961 674 1024 ἄλλους
709 960 1036 1030 παρακαλεῖ,
1074 959 1183 1012 τῶν
1226 956 1446 1025 ἀγαθῶν
1478 955 1782 1023 ὑμνοῦντας

182 1055 257 1107 ’τὸ
291 1055 487 1107 αἴτιον.
519 1050 971 1121 Παρηκολούθουν
998 1050 1111 1121 γάρ
1159 1049 1208 1101 οἱ
1261 1042 1535 1119 προφῆται
1578 1047 1689 1107 τοῖς
1723 1044 1782 1109 ἐξ

185 1144 418 1198 ἑαυτῶν
457 1141 794 1211 λεγομένοις,
821 1140 896 1204 ὡς
917 1139 1050 1193 ποτὲ
1090 1139 1188 1209 μὲν
1210 1136 1619 1209 παραιτεῖσθαι,
1649 1136 1782 1188 ποτὲ

184 1237 255 1289 δὲ
295 1234 508 1306 χαίρειν
555 1233 648 1297 ἐπὶ
676 1235 789 1295 τοῖς
822 1230 974 1301 παρὰ
1024 1230 1160 1284 Θεοῦ
1199 1229 1533 1299 λεγομένοις.
1571 1229 1637 1280 ’Ὀ
1687 1225 1783 1279 καὶ⁵

187 1327 306 1381 νῦν
339 1327 538 1396 πάσχει
570 1324 663 1378 τοῦ
692 1323 947 1392 Σωτῆρος
977 1322 1077 1392 τὴν
1112 1321 1419 1393 παρουσίαν
1445 1320 1607 1391 ὁρῶν,
1639 1319 1784 1373 διδά-

196 1435 358 1475 axoni
387 1418 503 1489 ἅμα
526 1417 602 1481 ὡς
622 1417 650 1469 6
682 1417 1058 1491 φανησόμενος
1088 1413 1294 1484 Κύριος
1321 1410 1382 1465 οὐ
1417 1411 1538 1465 τότε
1569 1410 1785 1482 πρῶτον

188 1509 396 1578 ἄρξει,
437 1506 654 1579 κρατῶν
700 1507 759 1560 δὲ
800 1506 1037 1570 πάντων,
1087 1504 1163 1569 ὡς
1206 1504 1362 1567 Θεὸς,
1402 1500 1497 1556 καὶ
1531 1504 1642 1564 τοῖς
1685 1499 1783 1554 ἐπὶ

195 1599 326 1671 rﬁc
378 1600 642 1669 ὑπάρχων
682 1596 924 1661 τοιοῦτος
953 1594 1424 1665 φανερωθήσεται,
1471 1608 1786 1662 προκαταρ-

196 1690 415 1759 χόντων
443 1686 610 1741 αὐτοῦ
657 1687 756 1756 τῆς
794 1684 1049 1755 γνώσεως
1082 1685 1192 1739 τῶν
1238 1683 1622 1754 ἐργαζομένων
1654 1684 1786 1735 ἁπο-

202 1779 419 1833 στόλων
442 1779 543 1850 τὴν
566 1779 888 1841 θάλατταν,
915 1777 982 1848 ἢν
1006 1776 1197 1830 ἔπλεον
1226 1774 1550 1837 ἁλιεύοντες.
1572 1773 1789 1850 Καινὸς

198 1872 263 1926 δὲ
309 1848 507 1941 ὕμνοςή
542 1873 610 1942 τῇ
660 1870 771 1923 τῶν
818 1868 1160 1940 πραγμάτων
1211 1869 1412 1939 πρέπει
1460 1848 1786 1935 καινότητι.

202 1964 281 2022 Εἴ
309 1981 394 2028 τις
422 1963 531 2035 γάρ
561 1966 619 2018 ὲν
650 1961 891 2034 Χριστῷ,
926 1958 1105 2028 καινὴ
1134 1958 1332 2022 κτίσις,
1370 1958 1465 2012 καὶ
1494 1959 1561 2011 τὰ
1586 1960 1792 2028 ἀρχαῖα

200 2052 522 2126 παρῆλθενο
548 2052 735 2121 γέγονε
761 2050 819 2104 δὲ
847 2050 1026 2104 πάντα
1046 2047 1240 2103 καινά.
1273 2049 1657 2118 ιινευματικῆς
1682 2047 1791 2118 γὰρ

201 2144 483 2208 δουλείας,
513 2144 573 2198 οὐ
611 2141 906 2219 σαρκικῆςη
930 2141 1074 2195 κατὰ
1112 2140 1203 2194 τὸν
1250 2138 1484 2210 Ἰσραὴλ,
1520 2138 1788 2210 λελυτρῶ-

209 2236 397 2307 μεθα*
433 2236 530 2290 καὶ
560 2237 682 2289 ἀντὶ
718 2235 1019 2298 πλινθείας,
1053 2232 1161 2285 τῶν
1201 2234 1267 2285 ὲκ
1302 2230 1659 2301 φιλοσαρκίας
1688 2230 1793 2298 ἔξω

204 2328 525 2398 γεγόναμεν
587 2324 880 2397 μολυσμῶν
904 2364 920 2389 ,
971 2325 1233 2395 φυγόντες
1282 2324 1383 2376 οὐκ
1428 2322 1792 2393 ὲργοδιωκτὰς

206 2419 586 2487 Αἰγυπτίους,
620 2418 741 2472 οὐδὲ
789 2417 1053 2487 τύραννον
1086 2416 1392 2487 ἄνθρωπον,
1423 2417 1547 2480 τοὺς
1580 2416 1638 2470 δὲ
1668 2434 1795 2470 συν-

207 2509 493 2573 ωθοῦντας
554 2511 636 2573 είς
686 2509 963 2580 ἁμαρτίαν
1017 2508 1167 2578 ἡμᾶς
1215 2506 1498 2576 δαίμονας,
1551 2508 1644 2561 καὶ
1701 2508 1793 2561 τὸν

208 2600 432 2665 τούτοις
475 2602 816 2671 ἐφεστηκότα
852 2599 1118 2665 διάϐολον,
1168 2597 1244 2661 ὼς
1285 2597 1538 2668 διαϐῆναι
1580 2598 1679 2670 τὴν
1730 2600 1796 2653 ἐκ

209 2691 317 2746 τοῦ
379 2691 493 2761 βίου
547 2690 778 2762 τύρϐην,
809 2690 885 2753 ὡς
917 2674 1241 2754 miluum",
1289 2690 1384 2742 καὶ
1430 2692 1622 2758 φαγεῖν
1676 2691 1798 2744 όιντῒ⁹

217 2785 422 2854 μάννα,
449 2782 538 2837 τὸν
569 2782 731 2854 ἄρτον
758 2784 848 2835 τὸν
869 2781 930 2846 ἐξ
956 2779 1187 2851 οὐρανοῦ
1213 2781 1306 2834 καὶ
1334 2777 1482 2849 ζωὴν
1508 2779 1586 2851 τῷ
1607 2780 1798 2851 κόσμῳ

215 2874 537 2945 παρέχοντα
560 2890 575 2904 ·
606 2874 702 2928 καὶ
729 2875 842 2937 τοῖς
865 2875 928 2926 ὲκ
950 2871 1185 2942 Χριστοῦ
1215 2872 1315 2942 τῆς
1339 2871 1559 2939 πέτρας
1583 2870 1800 2942 ἐνετρύ-

217 2982 409 3036 φησαν
439 2974 464 3003 ο
495 2964 595 3035 μὲν
624 2965 852 3035 νάμασι,
886 2963 1140 3033 τυχόντες
1183 2979 1243 3015 τε
1276 2961 1370 3015 τοῦ
1408 2962 1553 3015 θείου
1600 2961 1799 3032 βαπτί-

1880 495 2154 562 tulerunt)
2192 492 2453 546 mortales
2499 504 2691 544 omnes
2728 505 2915 543 canere
2966 489 3286 559 praecipiat;
3323 506 3450 546 cum

1878 585 2212 653 principatus
2245 582 2390 651 ejus,
2420 595 2752 648 summaque
2783 581 2836 632 in
2866 595 3062 635 omnes
3093 591 3336 650 potestas
3358 595 3454 651 per

1881 678 2069 730 orbem
2098 675 2416 730 universum
2448 670 2801 742 gloriﬁcatur.
2822 670 2894 724 lis
2922 670 3069 724 enim
3106 680 3257 726 totus
3282 673 3455 727 refero

1882 771 1971 818 tus
1999 770 2103 827 est,
2134 763 2225 831 qui
2258 760 2327 815 de
2351 759 2557 815 Christi
2589 758 2811 811 nomine
2838 757 3141 813 Christiani
3170 760 3454 828 appellan-

1882 863 1991 909 tur.
2028 852 2318 920 Postquam
2344 859 2526 905 autem
2573 863 2708 918 pura
2742 863 2925 902 rerum
2975 847 3284 902 futurarum
3325 864 3457 903 con-

1883 943 2233 1013 templatione
2287 942 2530 994 animum
2567 954 2729 995 suum
2758 924 3006 992 satiavit
3056 940 3352 1009 propheta;
3386 940 3457 995 ad

1880 1034 2098 1090 easdem
2122 1033 2234 1101 jam
2266 1032 2458 1101 epulas
2481 1039 2532 1085 et
2557 1030 2697 1083 alios
2716 1028 2879 1082 etiam
2908 1028 3125 1094 invitat,
3150 1044 3457 1097 secumque

1882 1124 2152 1178 bonorum
2185 1130 2466 1175 auctorem
2502 1122 2787 1175 celebrare
2845 1120 3188 1175 adhortatur.
3245 1121 3458 1176 Intelli.

1884 1215 2085 1284 gebant
2112 1215 2258 1268 enim
2286 1213 2565 1282 propheta:
2596 1225 2717 1279 quae
2741 1225 2769 1263 a
2812 1226 2873 1265 se
2902 1211 3264 1279 dicebantur;
3297 1192 3456 1267 iude-

1884 1319 1990 1374 que
2067 1318 2163 1358 eos
2218 1302 2504 1373 deprecari
2559 1300 2875 1371 aliquando,
2938 1301 3233 1370 aliquando
3293 1301 3457 1356 etiam

1884 1398 2181 1468 postulare,
2213 1395 2384 1449 laatari
2410 1394 2650 1463 denique
2680 1408 3079 1462 nonnunquam
3111 1391 3202 1447 Dei
3230 1407 3460 1462 respon-

1885 1504 1947 1544 so
1977 1488 2166 1543 videas
2205 1504 2219 1540 :
2257 1487 2404 1557 quod
2437 1496 2491 1541 et
2520 1500 2670 1539 nunc
2704 1486 2909 1554 patitur
2942 1484 3133 1547 Isaias,
3179 1483 3274 1552 qui
3303 1499 3458 1541 com-

1885 1579 2072 1633 munis
2103 1577 2347 1632 omnium
2374 1576 2676 1630 Salvator-is
2708 1576 3003 1630 adventum
3034 1575 3276 1636 intuens,
3307 1587 3461 1627 cum-

1888 1669 2011 1723 dem
2080 1668 2266 1733 simul,
2332 1682 2457 1721 cum
2525 1667 2830 1737 apparebit,
2882 1681 2991 1720 non
3042 1672 3158 1719 tum
3225 1664 3460 1734 primum

1890 1761 2165 1829 imperium
2227 1774 2391 1815 suum
2449 1758 2907 1826 auspicaturum,
2963 1755 3082 1819 sed,
3136 1754 3229 1824 qui
3297 1753 3459 1825 471

1891 1854 2137 1906 omnium
2169 1851 2409 1920 potiatur
2439 1858 2700 1917 tanquam
2738 1847 2906 1912 Deus,
2934 1847 3001 1901 iis
3049 1848 3236 1910 etiam,
3282 1847 3375 1914 qui
3406 1845 3463 1897 in

1892 1956 2036 2001 terra
2070 1952 2387 2006 versantur,
2419 1943 2582 1996 talem
2615 1957 2675 1996 se
2701 1941 2983 2010 praalibata
3026 1939 3110 1994 sui
3142 1937 3460 2008 cognitione

1890 2054 1987 2108 per
2018 2037 2317 2107 apostolos,
2350 2034 2440 2104 qui
2477 2027 2828 2103 piscatoriam
2859 2031 3027 2085 vitam
3063 2036 3286 2099 agentes
3312 2041 3463 2080 mare

1893 2132 2196 2202 fatigabant
2225 2130 2292 2192 ",
2323 2140 2676 2192 ostensurum
2700 2124 2883 2179 docet.
2919 2122 3087 2176 Decet
3116 2136 3247 2177 vero
3275 2135 3461 2174 rerum

1894 2223 2177 2278 nouitatem
2206 2230 2257 2274 et
2282 2219 2462 2289 hymni
2491 2232 2710 2287 quoque
2737 2216 2962 2269 novitas.
2997 2212 3055 2267 Si
3085 2213 3211 2282 quis
3233 2213 3376 2265 enim
3408 2212 3464 2265 in

1893 2314 2113 2371 Christo
2144 2319 2249 2373 est,
2275 2320 2525 2366 creatura
2568 2325 2702 2362 nova
2736 2318 2851 2372 est;
2887 2305 3294 2373 antiquatisque
3316 2311 3468 2357 vete-

1896 2406 2070 2467 ribus,
2096 2421 2229 2459 nava
2255 2399 2333 2457 illi
2369 2400 2555 2457 omnia
2586 2399 2844 2452 abierunt
2873 2397 2941 2451 ⁷⁸.
2976 2395 3262 2465 Spirituali
3294 2394 3477 2464 siqni-’

1897 2499 2044 2562 dem,
2085 2511 2195 2551 non
2220 2494 2427 2550 carnali
2454 2491 2741 2550 servitute,
2780 2496 2838 2541 ut
2863 2488 3033 2543 Israel
3068 2486 3336 2554 redempti
3374 2500 3467 2540 su-

1898 2605 2021 2644 mus
2051 2606 2066 2654 ;
2102 2573 2279 2656 neque
2321 2586 2548 2638 laterum
2586 2581 2959 2643 confectione,
3004 2577 3098 2633 scd
3127 2578 3312 2631 carnis
3343 2576 3468 2629 ille-

1898 2681 2076 2736 cebris
2099 2675 2640 2747 inquinamentisque
2665 2672 2905 2738 liberati,
2931 2685 3035 2724 non
3062 2669 3221 2723 modo
3244 2684 3467 2738 operum

1898 2781 2182 2830 exactores
2204 2768 2509 2840 Egyptios,
2532 2774 2934 2838 tyrannumque
2958 2763 3159 2833 ipsum,
3178 2762 3271 2817 sed
3295 2763 3470 2816 malus

1899 2866 2195 2929 daemones,
2217 2876 2516 2930 eorumque
2534 2860 2858 2928 principem,
2884 2871 2913 2910 a
2936 2856 3138 2925 quibus
3163 2854 3228 2909 ad
3255 2855 3464 2909 scelera

1882 2956 2269 3026 rapiebamur,
2305 2951 2626 3020 effugimus;
2661 2950 2892 3017 vitaeque
2942 2947 3126 3013 istius,
3201 2956 3465 3014 tanquam

219 3073 434 3126 σματος
467 3055 559 3109 τὸν
600 3055 868 3128 Ἰορδάνην
895 3052 1174 3124 διέϐημεν,
1222 3054 1301 3116 είς
1332 3054 1434 3123 γῆν
1473 3052 1792 3118 είσελθόντες

1905 3048 2070 3103 maris
2122 3050 2501 3114 tempestatem
2558 3040 2865 3094 incolumes
2908 3037 3221 3101 evasimus;
3272 3045 3325 3091 et
3375 3049 3474 3105 pro

217 3149 328 3219 τὴν
358 3150 470 3211 τοῖς
511 3148 682 3216 ἁγίοις
717 3146 1156 3217 ἐπηγγελμένην,
1184 3145 1252 3217 ἣν
1285 3147 1335 3199 οί
1372 3146 1803 3217 μακαριζόμενοι

221 3237 629 3310 κληρονομοῦσι
683 3241 910 3309 πραεῖς·
969 3236 1054 3306 ἐφ’
1103 3231 1181 3302 οἷς
1240 3236 1346 3291 ἔδει
1401 3238 1656 3307 γενέσθαι
1711 3239 1804 3291 τὸν

222 3332 425 3401 ὕμνον
451 3331 570 3401 Θεῷ
600 3332 759 3401 παρὰ
786 3329 898 3398 τῆς
927 3329 1120 3399 ἀρχῆς
1139 3329 1347 3395 αὑτοῦ,
1370 3329 1479 3383 τῶν
1500 3330 1591 3383 ὑπ’
1616 3329 1801 3395 αὐτοῦ,

224 3421 378 3477 καθά
408 3421 542 3491 φασί
572 3439 738 3487 τινες,
765 3422 1082 3493 ἀρχομένων
1103 3421 1163 3474 οὐ
1208 3423 1349 3474 κατὰ
1377 3421 1474 3491 τὴν
1521 3421 1800 3489 Ἰουδαίαν,

226 3513 458 3568 καταίδὲ
491 3514 673 3567 πᾶσαν
706 3513 823 3581 τὴν
858 3512 994 3583 γῆν.
1043 3512 1118 3564 Οὐ
1160 3512 1269 3583 γὰρ
1297 3512 1372 3576 ὡς
1416 3512 1586 3566 πάλαι
1647 3514 1706 3565 ὲν
1736 3515 1802 3584 τῇ

239 3604 474 3675 Ἰουδαίᾳ
495 3602 733 3672 γνωστὸς
757 3605 785 3657 6
816 3602 1020 3674 Κύριος
1038 3642 1053 3668 ,
1092 3602 1186 3656 καὶ
1211 3604 1269 3655 ὲν
1303 3602 1447 3672 μόνῳ
1471 3603 1549 3671 τῷ
1592 3601 1808 3672 Ἰσραὴλ

226 3688 297 3751 τδ
325 3696 495 3765 ὄνομα
521 3695 707 3750 αὐτοῦ.
741 3696 960 3765 Πλήρης
988 3695 1043 3747 δὲ
1073 3693 1168 3747 νῦν
1202 3695 1230 3748 6
1268 3694 1496 3764 οὐρανὸς
1543 3694 1637 3748 καὶ
1669 3696 1702 3764 ή
1733 3695 1805 3766 γῆ

227 3786 335 3857 τῆς
362 3786 516 3855 δόξης
537 3784 726 3841 αὐτοῦ.
757 3785 866 3838 Καὶ
890 3783 1064 3838 ρΔαὸὶδ
1095 3782 1152 3836 δέ
1184 3800 1344 3854 φησι·
1382 3782 1805 3854 Πληρωθήσεται

228 3878 335 3947 τῆς
364 3877 520 3948 δόξης
550 3877 714 3930 αὖτοῦ
740 3878 892 3930 πᾶσα
925 3877 959 3948 ἡ
992 3875 1088 3945 γῆ.

1908 3153 2131 3203 manna,
2160 3148 2352 3204 panem
2383 3132 2451 3187 de
2475 3131 2638 3195 caelo,
2667 3129 2757 3199 qui
2796 3127 3002 3182 mundo
3036 3128 3204 3181 vitam
3244 3127 3468 3196 prabet,

1908 3232 2124 3287 edimus
2148 3231 2214 3282 ⁷⁸.
2247 3229 2364 3283 lmo
2386 3233 2449 3280 ἐι
2475 3224 2751 3286 laticibus,
2781 3222 2881 3291 qui
2930 3221 2998 3276 de
3052 3220 3362 3288 μεγαυχῆ
3388 3224 3474 3271 est

1908 3323 2150 3385 Christo,
2188 3326 2498 3383 manarunt,
2531 3316 2596 3370 ad
2623 3314 2848 3370 delicias
2879 3327 3053 3381 usque
3093 3311 3222 3381 poti,
3253 3316 3475 3363 sancto-

1910 3433 2016 3487 que
2042 3414 2372 3486 baptismate
2402 3408 2601 3471 abluti,
2630 3406 2865 3475 traiecto
2898 3402 3139 3457 Iordane
3161 3402 3214 3455 in
3242 3400 3477 3470 promis-

1911 3524 2028 3565 sam
2063 3516 2262 3562 terram
2293 3500 2720 3574 penetravimus.
2756 3511 2921 3563 quam
2951 3495 3047 3564 qui
3090 3494 3235 3549 beati
3279 3489 3479 3561 praedi-

1909 3611 2127 3663 cantur,
2156 3598 2317 3652 mites
2361 3598 2780 3662 consequuntur
2807 3590 2872 3644 τ’.
2933 3587 3177 3653 Quorum
3233 3585 3476 3646 nomine,

1908 3692 2160 3763 hymnum
2199 3686 2307 3740 Deo
2336 3684 2400 3738 ab
2426 3684 2540 3752 ejus
2571 3681 2894 3750 principatu,
2930 3678 2982 3731 id
3013 3684 3121 3738 est,
3143 3685 3203 3729 ut
3231 3673 3478 3728 nonnulli

1908 3790 2123 3854 putant,
2145 3778 2214 3833 ab
2236 3777 2356 3844 ejus
2379 3772 2635 3835 subditis,
2663 3784 2770 3823 non
2795 3769 2849 3820 in
2870 3765 3080 3829 Judaaa,
3107 3764 3199 3818 sed
3226 3763 3478 3816 universa

1910 3850 2074 3933 terra,
2110 3863 2320 3922 cantari
2353 3861 2554 3917 decuit.
2580 3858 2696 3912 Non
2737 3857 2904 3918 enim,
2932 3863 2991 3909 ut
3033 3854 3163 3909 olim
3208 3853 3260 3906 in
3293 3850 3478 3904 Juda-a

231 3945 403 4028 notos
435 3945 701 4028 Dnminus
732 3973 777 4006 "
798 4013 812 4037 ,
838 3972 920 4027 sic
945 3945 999 4026 et
1038 3984 1187 4024 nunc
1231 3970 1286 4023 in
1338 3969 1541 4024 Israele
1598 3976 1808 4024 tantum
1849 3967 2165 4023 celebratur
2197 3973 2395 4015 nomen
2428 3955 2572 4025 ejus,
2605 3953 2700 4008 sed
2736 3949 2985 4020 ejusdem
3048 3948 3211 4002 laude
3279 3945 3480 4003 ccelum

229 4071 293 4120 et
328 4071 495 4129 terra,
534 4061 735 4117 Davide
755 4070 918 4125 teste,
954 4060 1284 4125 redundant,
1325 4058 1417 4128 qui
1467 4058 1586 4128 ejus
1634 4057 1805 4128 gloria
1845 4067 2045 4112 terram
2078 4064 2292 4108 omnem
2326 4045 2585 4115 repletam
2620 4040 2686 4094 iri
2720 4038 3047 4093 vaticinatus
3066 4046 3145 4091 est
3180 4037 3248 4086 ".

309 4124 553 4218 Tlvsgvaé
581 4154 629 4206 οί
664 4153 790 4216 τοὺς
822 4152 1047 4225 ᾄδοντας
1069 4151 1159 4202 τὸν
1186 4124 1395 4204 καινόν
1416 4124 1609 4217 ὕμνον
1637 4124 1789 4202 ίστάν

1994 4144 2219 4208 Verum,
2257 4138 2480 4210 quinam
2504 4141 2653 4196 sunt,
2686 4132 2776 4200 qui
2812 4129 2976 4182 allato
3021 4143 3146 4180 novo
3183 4125 3375 4196 hymno
3416 4124 3483 4178 ad

234 4263 354 4314 τες,
389 4213 483 4300 κοῖι
516 4245 651 4317 πρὸς
686 4213 846 4316 χορὸν
883 4241 1283 4312 συγκαλοῦντες
1313 4213 1721 4311 πνευματικόν;
1751 4243 1792 4294 0

1924 4232 2208 4306 spirituale
2249 4226 2545 4297 tripudium
2590 4217 2986 4276 cohortantur?
3024 4215 3267 4286 Apostoli
3319 4213 3484 4268 nimi-

234 4302 666 4408 ‘riqu'ﬂdlarraic
686 4302 992 4400 ’πλέοντες
1022 4333 1112 4385 διὰ
1139 4332 1236 4402 τὴν
1265 4302 1466 4403 τέχνην
1501 4302 1790 4384 ἀπόστολοι

1922 4302 2066 4389 rum,
2107 4321 2199 4391 qui
2238 4316 2521 4387 navigandi
2562 4311 2754 4384 peritia
2794 4325 2941 4363 mare
2975 4312 3328 4378 superarunt.
3380 4302 3484 4368 Qui

236 4394 356 4483 κᾉιι
383 4430 465 4482 ὅτι
493 4429 590 4497 τὴν
610 4426 734 4480 καθ’
757 4427 903 4498 ἡμᾶς
926 4394 1310 4497 περιπλέοντες
1332 4394 1510 4477 addat
1523 4439 1654 4485 ταν,
1683 4422 1792 4474 ποτὶ

1922 4432 2070 4471 mare
2100 4411 2300 4469 deinde
2331 4409 2492 4463 nobis
2521 4403 2916 4460 circumfusum
2950 4400 3292 4460 oberrantes,
3322 4394 3484 4451 Chri-
3510 4432 3513 4435 -

241 4519 350 4591 μὲν
388 4488 696 4588 ἐννάσοις
734 4488 1052 4588 ἐξήρυττον,
1088 4515 1219 4567 ποτὲ
1245 4514 1300 4567 δὲ
1317 4513 1414 4582 τῆς
1455 4512 1684 4576 Ἰταλίας
1722 4529 1791 4564 κα

1894 4490 2071 4565 λειυιιι
2095 4503 2314 4575 quidem
2360 4500 2499 4575 alias
2546 4497 2601 4551 in
2668 4494 2880 4557 insulis,
2940 4492 3076 4546 alias
3129 4489 3293 4544 etiam
3346 4488 3490 4541 ultra

253 4571 856 4673 ἱῙσγττανίας.ὲπέἒιεινείῖ
881 4571 1149 4661 Ἔπλεον
1200 4605 1257 4658 δὲ
1287 4571 1518 4657 καί-τοῦ
1570 4571 1792 4675 suam

1916 4571 2148 4661 Italiam,
2184 4571 2435 4659 ultraque
2482 4583 2799 4655 Hispaniam
2832 4577 3273 4651 promulgarunt.
3321 4571 3492 4626 Navi-

241 4701 569 4768 θάλατταν,
596 4701 668 4755 ἐν
700 4699 916 4767 νήσοις
956 4701 1077 4761 ταῖς
1118 4696 1228 4751 τῶν
1273 4695 1442 4749 ἐθνῶν
1471 4665 1787 4764 Ἐκαλησίαι

1916 4695 2112 4760 garunt
2144 4698 2274 4741 vero
2307 4688 2362 4737 et
2402 4680 2526 4733 vita:
2558 4676 2718 4731 istius
2746 4673 2984 4742 pelagus,
3030 4669 3159 4726 dum
3213 4665 3492 4722 Ecclesias

241 4755 610 4864 ampurmv‘rs;
657 4755 791 4847 τοῦ-κ
817 4755 932 4862 βιέυ
983 4755 1081 4854 τὰς
1127 4789 1451 4860 προσϐολὰς,
1492 4788 1567 4852 ὡς
1601 4755 1792 4857 κῦματε

1917 4755 2186 4854 gentium,
2211 4791 2333 4848 quae
2355 4774 2481 4828 vita:
2510 4769 2675 4839 hujus
2699 4767 3012 4829 insultibus,
3040 4772 3298 4832 tanquam
3329 4755 3491 4812 undis

244 4854 546 4955 φερούσαις
575 4854 670 4938 διαὶ
721 4854 1029 4952 πνεύματα,
1071 4854 1200 4951 περὶ
1243 4873 1311 4950 ἧς
1345 4854 1509 4949 φησιν
1555 4880 1583 4932 ὁ
1625 4854 1786 4930 Αάσιδ

1922 4881 1977 4928 et
2001 4872 2201 4933 ventis,
2230 4865 2644 4939 quatiebantur,
2679 4860 2735 4913 in
2767 4857 2964 4922 insulis
3004 4854 3348 4908 docuerunt:
3381 4860 3494 4916 quo

250 4942 446 5045 ἐᾸῦτη
494 4942 541 5045 ἡ⁷
575 4973 821 5028 θάλασσα
945 4942 1159 5042 μεγάλη
1192 4942 1647 5041 καίεῦρύχωρος,
1678 4987 1696 5020 ι
1734 4986 1792 5023 κα

1925 4965 1993 5020 de
2019 4970 2073 5019 et
2112 4962 2203 5016 illa
2234 4965 2368 5015 sunt
2397 4953 2619 5008 Davidis
2648 4971 2660 5005 :
2694 4969 2712 5002 ι
2781 4948 2896 5003 lloc
2938 4960 3090 5002 mare
3140 4953 3395 5009 magnum
3437 4942 3493 4990 et

243 5030 319 5120 τὰ
337 5030 546 5129 τούτοις
579 5064 843 5135 ἑπόμενα.
876 5030 1039 5116 ³εᾶεεὶ
1052 5030 1260 5116 καῖ’τοῦ
1285 5030 1400 5131 βίοῦ
1429 5030 1496 5114 τά
1524 5030 1787 5130 πράγματ

1926 5058 2231 5131 spatiosum
2265 5053 2332 5118 ⁷⁸,
2378 5068 2396 5102 ι
2433 5055 2740 5115 caeteraque
2778 5056 2899 5113 qua
2928 5042 3252 5109 sequuntur.
3280 5030 3493 5085 Incerta

244 5157 313 5211 τὸ
340 5121 699 5227 ἀστάθμητον.
719 5156 933 5226 ἔχοντα,
966 5153 1077 5208 ἄνω
1113 5154 1263 5207 κάτω
1285 5121 1792 5222 ,συγχύσει-κινεῖτα

1928 5121 2124 5208 deinde
2173 5154 2229 5202 et
2276 5138 2652 5200 inconstantia
2704 5146 2832 5193 sunt
2878 5134 3046 5201 hujus
3102 5121 3489 5220 vitaettegotia,

245 5207 932 5321 πώξλῂξηδ-ὲιᾷπλὲᾴυσιέ
974 5207 1024 5298 οἱ
1057 5244 1134 5315 μὴ
1173 5245 1309 5316 πρὸς
1349 5207 1519 5313 Joh;
1569 5240 1792 5311 βαπτιζό

1904 5234 2239 5308 magnaque
2284 5248 2386 5288 nos
2436 5227 2762 5285 confusione
2808 5237 3026 5280 sursum
3069 5218 3325 5273 deorsum
3385 5208 3498 5276 agi-
3562 5220 3565 5223 ·
3669 5207 3673 5210 ’

1930 5305 2072 5398 tant,
2099 5305 2300 5400 quibus
2327 5339 2385 5381 se
2412 5321 2512 5379 soli
2539 5319 2838 5391 explicant,
2872 5314 2965 5385 qui
3002 5312 3112 5367 illis
3141 5305 3304 5381 472
3353 5315 3498 5356 nun-

3278 5416 3320 5446 "
3346 5408 3493 5467 Psal-

251 5359 430 5415 μενοι,
454 5341 565 5396 τῶν
600 5341 657 5396 δὲ
684 5339 894 5411 ταύτης
932 5338 1195 5409 κυμάτων
1246 5337 1697 5411 ὕπερανέχοντες,
1736 5335 1830 5405 δη-

318 5455 366 5487 "
398 5453 589 5508 Matth.
625 5468 698 5517 Iv,
724 5452 811 5506 18.
887 5451 932 5484 ⁷⁵
961 5450 1001 5504 Il
1029 5450 1156 5505 (lor.
1186 5467 1241 5515 γ,
1276 5449 1364 5503 Π.
1446 5449 1520 5517 7⁷⁸
1548 5446 1706 5503 Joan.
1737 5461 1785 5500 vt

1894 5446 2019 5508 ωδ.
2042 5439 2102 5472 ⁷⁸·
2123 5436 2281 5494 lCnr.
2319 5451 2373 5501 ι,
2398 5434 2452 5498 3,
2484 5431 2535 5486 4.

573 5523 619 5556 ⁷⁸
649 5521 794 5577 Psal.
826 5535 1049 5589 chvnt,
1097 5521 1150 5590 4,
1171 5521 1219 5576 7.
1250 5520 1296 5553 τ’
1330 5516 1478 5576 Psal.
1513 5533 1630 5583 cm,
1658 5517 1751 5571 ‘25.
2039 5522 2045 5530 '

1535 5626 1773 5687 VARUS
1810 5623 1970 5681 LEC’I
1989 5620 2235 5681 IONESJ

2685 5426 2730 5460 ⁷⁸
2764 5422 2951 5480 Matth.
2988 5434 3040 5486 v,
3078 5420 3131 5474 ι.

246 5540 410 5591 uxr,
441 5525 498 5579 2.

326 5713 348 5740 ‘
374 5711 459 5763 ῖσ.
499 5696 890 5780 ἐνετρύξημιν.
