4010 6302
205 264 363 330 2373

1349 274 1496 333 COM
1504 275 1665 336 ΜΕΝ
1670 277 1888 336 ΤΑΒΙΙ
1930 278 2011 338 IN
2050 279 2338 338 ISAIAM.

3324 279 3470 345 237i

204 391 254 444 oi
283 389 430 443 θεῖοι
468 368 723 457 γεγόνασι
758 386 1054 458 μάρτυρες.
1096 386 1154 441 '0
1183 388 1242 442 δὲ
1294 387 1475 456 ζῆλος
1519 392 1579 443 οὐ
1612 390 1775 454 πάθος

1890 407 2120 448 rursus:
2149 411 2167 445 ι
2198 392 2326 447 Mihi
2353 394 2498 448 enim
2533 405 2586 450 et
2614 394 2796 452 vivere
2824 397 3081 457 Christus
3113 407 3229 470 est,
3257 409 3312 458 et
3331 406 3470 460 muri

204 477 368 540 Θεοῦ,
401 478 493 530 ἐπὶ
531 476 587 530 δὲ
637 478 767 538 τοὺς
804 478 1199 547 ἡμαρτηκότας
1230 479 1531 548 ἐκδίκησις.
1574 481 1662 544 Ὠς
1694 482 1787 534 ἐπὶ

207 566 513 638 πολεμικοῦ
536 567 593 622 δὲ
619 566 955 636 ἀλαλαγμοῦ,
985 568 1157 623 καὶτὸ
1184 569 1481 637 ,ϐοήσεται
1519 572 1619 626 ἐπὶ
1647 573 1786 639 τοὺς

203 657 465 727 ἐχθροὺς
491 656 815 727 ἐπενήνοχεν
837 671 850 686 ο
885 656 915 709 ὃ
935 656 999 727 δὴ
1027 656 1271 711 ποιοῦσιν
1295 658 1326 729 ἢ
1363 660 1783 728 συμϐάλλοντες,

204 747 237 816 ἢ
286 746 722 817 κατορχούμενοι
768 746 877 799 τῶν
909 749 1249 818 ἡττημένων.
1292 746 1428 805 Εἶτα
1460 751 1555 823 τὴν
1586 754 1785 823 πολλὴν

202 838 298 889 ἐπὶ
320 840 439 901 τοῖς
478 838 688 891 ἔθνεσιν
709 836 1160 909 είδωλολατροῦσι
1194 843 1579 915 μακροθυμίαν
1610 845 1783 914 δηλῶν

204 930 537 1000 ἐπενήνοχεν
558 945 572 959 ·
620 931 988 998 Ἐσιώπησα,
1013 932 1101 1002 μὴ
1125 937 1223 990 καί
1247 938 1338 992 ἀεὶ
1367 941 1783 1010 σιωπήσομαις

209 1018 415 1072 Ἤθελε
452 1019 551 1088 μὲν
596 1022 708 1094 γὰρ
758 1022 851 1075 καὶ
884 1022 1052 1077 πάλαι
1111 1025 1378 1096 ῥύσασθαι
1410 1031 1632 1095 τούτους
1686 1032 1781 1088 τοῦ

204 1106 447 1161 Σατανᾶ.
471 1108 575 1160 Τὸν
600 1107 658 1162 δὲ
686 1110 1032 1181 προσήκοντα
1058 1114 1245 1185 καιρὸν
1276 1119 1588 1187 περιέμενε,
1617 1122 1781 1191 μέχρι

204 1199 291 1252 διὰ
321 1199 559 1269 Χριστοῦ
581 1199 689 1252 τῶν
711 1201 857 1270 ἡμᾶς
882 1204 1241 1274 νενικηκότων
1258 1213 1778 1279 κατεστρατεύσατο.

206 1287 381 1341 Τοῦτο
403 1287 463 1339 δὲ
488 1288 548 1339 τὺ
572 1287 905 1356 ἐσιώπησα,
933 1292 1250 1346 stulti-11106
1267 1296 1529 1364 λεγεῶνος
1551 1300 1781 1371 ἁρμόσει

204 1376 301 1430 τοῦ
352 1376 505 1448 παρὰ
560 1379 687 1441 τοὺς
724 1379 930 1447 τάφους
984 1382 1305 1439 ἀποκτεῖναι
1360 1387 1450 1441 τὸν
1496 1384 1782 1461 ἄνθρωπον

206 1464 565 1538 ἐθελήσαντος
582 1482 596 1497 ·
631 1469 725 1521 καὶ
744 1470 835 1522 ἐπὶ
867 1471 966 1539 τῆς
987 1472 1213 1527 καθόλου
1234 1478 1486 1548 κρίσεως,
1513 1481 1780 1555 ἡνίκαπερ

204 1560 504 1614 ἀποδίδωσι
546 1560 617 1614 τά
654 1561 791 1632 πρὸς
832 1563 989 1630 ἀξίαν
1036 1567 1272 1640 ἑκάστῳ.
1308 1571 1418 1641 Τὴν
1466 1575 1597 1646 περὶ
1634 1578 1781 1647 ἡμᾶς

203 1650 258 1705 ιι
315 1651 487 1720 φειδὼ
536 1655 834 1725 παρίστησι
884 1658 976 1711 106
1026 1659 1182 1725 Θεοῦ,
1242 1661 1302 1714 τὸ
1350 1664 1448 1735 τὴν
1496 1667 1772 1740 ἡμετέραν

204 1745 383 1799 alorci
449 1746 725 1816 σωτηρίαν
779 1746 1017 1805 ὠδίνειν
1071 1752 1170 1816 τὰς
1222 1755 1329 1809 τῶν
1396 1759 1769 1831 ὑποκειμένων

203 1835 572 1907 οἰκειούμενον
617 1837 827 1906 φυσεις,
859 1840 935 1904 ὡς
988 1843 1058 1896 τά
1102 1843 1302 1913 ἔκγονα
1353 1848 1638 1916 ὠδίνουσα,
1675 1855 1769 1907 καὶ

204 1925 372 1979 ταῦτα
401 1927 632 1997 μηδενὸς
662 1929 944 1993 ποιοῦντος
988 1937 1331 2007 χρηστότητα
1360 1943 1501 1993 κατὰ
1528 1942 1617 1996 τὸν
1663 1945 1771 1998 Δα-

205 2018 286 2070 ϐίδ
304 2034 318 2047 ·
352 2019 429 2072 Οὐ
462 2021 994 2090 κατοιήσωο-ῐτοίνυν
1021 2025 1088 2078 δι’
1117 2028 1340 2099 ἀγάπην
1375 2032 1766 2104 μακροθυμῶν,

204 2105 276 2170 ὡς
325 2107 514 2177 ἐκείνη
572 2108 861 2180 πάσχουσα
889 2112 1106 2167 τέκνων
1153 2114 1351 2184 ἐλπίδι,
1386 2119 1613 2189 ἠρεμεῖν
1668 2123 1768 2191 μὲν

204 2198 598 2269 παραγγέλλων
613 2204 723 2265 τοῖς
746 2201 1000 2269 πάθεσιν,
1023 2207 1268 2276 πηγαζού
1277 2226 1375 2273 σας
1394 2211 1450 2263 δὲ
1468 2211 1771 2280 ξηραίνων

206 2287 295 2351 τὰς
322 2289 542 2357 ἡδονὰς,
582 2294 837 2364 τοιαύτην
884 2296 1070 2360 αὐτοῖς
1117 2299 1440 2370 προσάγων
1482 2304 1570 2359 διὰ
1602 2323 1768 2376 μετα-

207 2380 349 2445 νὸίας
372 2382 488 2435 ἀπὸ
518 2382 625 2437 τῶν
658 2385 877 2440 ἀτόπων
898 2388 997 2458 τὴν
1024 2390 1297 2448 ἔκστασιν.
1316 2394 1438 2457 Πῶς
1463 2395 1571 2467 γὰρ
1596 2398 1664 2451 ἄν
1687 2415 1769 2462 τις

209 2473 562 2545 μετανοήσειε
615 2474 690 2545 μὴ
718 2479 1022 2545 καταγνοὺς
1046 2481 1265 2548 ἑαυτοῦ,
1296 2486 1392 2538 καὶ
1422 2472 1768 2559 τῶνπροτέ-

210 2576 311 2630 ρων
339 2565 725 2634 παυσάμενος;
770 2569 907 2621 κατά
933 2569 1021 2623 τό·
1067 2589 1085 2623 ι
1131 2572 1250 2627 ’οτ’
1284 2573 1350 2628 ἂν
1401 2578 1769 2651 ἀποστραφεὶς

208 2654 506 2722 στενάξεις,
571 2657 693 2710 τότε
741 2658 982 2732 σωθήσῃ.
1016 2680 1035 2714 ι
1087 2663 1259 2719 Τοῦτο
1302 2666 1359 2719 δὲ
1404 2670 1600 2736 πᾶσιν,
1645 2672 1769 2727 ὅσον

208 2743 289 2811 ἐφ’
315 2743 516 2815 ἑαυτῷ,
551 2745 784 2816 Χριστὸς
836 2750 1183 2822 ἐπιδημήσας
1215 2756 1508 2826 είργάσατο
1530 2775 1545 2792 ’
1573 2761 1621 2813 εἰ
1674 2762 1770 2816 καὶ

209 2834 420 2901 τυφλοί
436 2852 606 2902 τινες,
634 2835 729 2890 τοῦ
749 2838 924 2905 φωτὸς
951 2841 1239 2912 παρόντος,
1270 2844 1543 2915 διαμένειν
1570 2849 1770 2903 ἐσπού-

208 2920 369 2976 δασαν
426 2925 566 2995 πρὸς
604 2927 731 2992 τοὺς
775 2928 951 2992 θείους
999 2931 1509 3005 ὲθελοκωφήσαντες
1554 2938 1766 3008 λόγους,

1822 461 1826 465 ’
1890 484 2122 538 lucrutn.
2172 501 2191 534 ι
2273 484 2401 539 Zelo
2432 501 2562 540 vero
2591 485 2893 569 ﬂagrarunt
2921 499 2977 547 et
2996 494 3136 547 beati
3169 502 3465 565 martyres.

1891 574 2115 639 Deinde,
2141 590 2266 631 cum
2296 576 2439 631 zelus
2457 577 2565 632 Deo
2593 580 2874 645 tribuitur,
2896 597 3002 636 non
3024 585 3219 652 passio
3242 586 3424 655 aliqua
3449 623 3467 651 ,

1884 666 1980 719 sed
2012 666 2064 719 in
2099 681 2213 730 eos,
2244 668 2335 736 qui
2388 679 2635 737 peccant,
2675 671 3077 727 animadversio
3109 674 3465 733 demonstras

1888 763 1996 808 tur.
2038 754 2329 820 Praeterea,
2359 766 2615 826 tanquam
2659 759 2728 814 de
2772 759 2965 815 bellica
3012 762 3414 820 vociferatione
3449 784 3465 820 :

1888 844 1956 898 Et
1991 847 2243 901 clamabit
2266 862 2424 916 super
2450 849 2623 903 hostes
2654 867 2800 917 suos,
2839 851 3025 908 intulit
3055 870 3070 918 ;
3099 856 3269 924 quale
3298 866 3390 910 aut
3411 857 3468 912 in

1884 930 2139 986 conﬂictu
2171 935 2311 1003 ipso,
2350 943 2447 991 aut
2478 939 2604 991 dum
2637 939 2798 994 victis
2829 940 3145 1008 insultatur,
3174 958 3204 997 a
3230 946 3469 1001 victori-

1885 1018 1989 1077 bus
2029 1022 2165 1077 ellici
2200 1028 2507 1081 consuevit.
2549 1027 2779 1093 Deinde,
2815 1038 2872 1084 ut
2899 1032 3127 1087 multum
3158 1035 3215 1087 in
3251 1045 3462 1105 gentes,

1885 1128 2006 1183 quae
2046 1115 2189 1169 idola
2225 1118 2530 1184 coluerunt,
2564 1121 2732 1174 animi
2769 1122 2857 1176 sui
2895 1122 3173 1179 leuitatem
3198 1127 3463 1183 Ostende-

1884 1211 1990 1270 ret,
2015 1207 2157 1259 tacui
2175 1207 2376 1275 adjecit
2411 1227 2423 1263 :
2446 1207 2589 1263 Num
2606 1227 2811 1280 semper
2831 1215 2995 1269 etiam
3026 1216 3252 1272 tacebo?
3280 1217 3463 1274 Voluit

1883 1295 2029 1350 enim
2056 1304 2113 1350 et
2141 1297 2361 1352 eosdem
2393 1297 2610 1355 Satanae
2636 1301 2840 1357 dudum
2876 1307 3088 1374 eripere
3139 1308 3236 1362 sed
3274 1323 3341 1363 eo
3367 1324 3462 1364 us-

1884 1402 1990 1458 que
2011 1390 2273 1458 temporis
2288 1394 2750 1460 opportunitatem
2770 1397 3191 1465 exspectandam
3213 1400 3458 1464 censuit,

1884 1479 2058 1534 donec
2089 1480 2308 1534 Christo
2356 1481 2516 1546 duce,
2550 1484 2607 1536 in
2631 1499 2746 1550 eos,
2780 1499 2809 1537 a
2838 1487 3043 1555 quibus
3072 1489 3456 1555 vincebamur,

1885 1569 2026 1626 bella
2048 1579 2285 1640 gereret.
2309 1571 2380 1627 At
2401 1572 2546 1642 quod
2576 1575 2725 1629 tacui
2754 1576 2910 1640 dicit,
2933 1579 3098 1632 etiam
3131 1579 3338 1647 legioni
3369 1594 3459 1634 re.

1886 1669 1974 1716 cte
2003 1663 2293 1717 conveniat
2322 1663 2392 1727 ⁸⁸,
2424 1664 2520 1734 qui
2560 1666 2628 1721 ad
2660 1668 2909 1736 sepulcra
2939 1669 3212 1724 hominem
3242 1674 3458 1726 exstin-

1874 1767 2040 1822 guere
2071 1762 2308 1809 conatus
2334 1763 2439 1811 est.
2463 1756 2772 1812 Conveniat
2802 1762 2971 1814 etiam
3007 1771 3061 1815 et
3090 1761 3346 1817 universo
3370 1763 3453 1817 illi

1866 1842 2098 1913 judicio,
2132 1860 2243 1913 quo
2273 1854 2515 1915 tempore
2547 1863 2647 1917 pro
2695 1851 3013 1906 meritorum
3067 1854 3300 1917 ratione,
3349 1869 3451 1907 sua

1872 1934 2107 2003 singulis
2124 1942 2213 1993 est
2235 1936 2572 1992 redditurus.
2596 1938 2888 2005 Caeterum,
2905 1942 2986 1996 vel
3004 1957 3070 1997 eo
3090 1942 3250 1998 nobis
3273 1941 3449 1998 Deum

1868 2039 2103 2094 parcere
2142 2025 2489 2081 demonstrat
2514 2016 2774 2092 maxime,
2790 2032 2937 2100 quod
2963 2034 3034 2085 ita
3070 2043 3273 2091 nostra:
3300 2037 3452 2092 salu-

1872 2116 1945 2171 tis
1979 2117 2201 2171 nomine
2241 2127 2493 2187 angatur,
2528 2129 2589 2173 ut
2637 2122 2981 2176 subditorum
3011 2134 3292 2195 assumpta
3320 2144 3447 2198 per-

1872 2222 2008 2264 sona
2038 2208 2195 2261 veluti
2217 2218 2461 2263 nostram
2488 2211 2718 2265 salutem
2747 2216 3039 2280 parturiat,
3062 2217 3214 2272 nullo
3238 2228 3446 2283 tamen.

1871 2296 2074 2353 Davide
2106 2305 2261 2363 teste,
2293 2298 2440 2367 quod
2473 2308 2679 2355 rectum
2703 2310 2788 2356 est
2808 2301 3044 2359 faciente
3076 2306 3158 2370 ³⁸“,
3198 2307 3440 2362 dolorem

1877 2391 2036 2447 ferat.
2090 2388 2210 2444 Non
2238 2390 2565 2446 transferam
2612 2392 2802 2461 igitur,
2832 2394 3032 2464 inquit,
3058 2405 3283 2465 propter
3308 2398 3448 2452 dile-

1873 2482 2114 2535 ctionem
2166 2496 2326 2550 aequo
2380 2483 2561 2536 animo
2582 2483 2747 2555 474
2795 2486 3097 2555 perferens,
3132 2489 3448 2544 doloribus-

1870 2587 1978 2641 que
2004 2572 2278 2641 imperans
2306 2588 2319 2636 ;
2356 2582 2426 2650 ut
2450 2574 2566 2637 illa,
2598 2590 2720 2643 quae
2752 2576 3049 2633 liberorum
3071 2594 3168 2648 spe
3190 2581 3396 2648 patitur
3429 2599 3443 2635 :

1872 2664 1967 2718 sed
1998 2664 2364 2718 scaturientes
2382 2664 2662 2718 πείσεαὸο
2690 2667 3017 2734 voluptates,
3033 2685 3151 2723 eam
3176 2671 3284 2727 illis
3301 2687 3449 2725 aver-

1868 2754 2070 2825 siouem
2102 2751 2373 2807 scelerum
2405 2768 2502 2823 per
2562 2755 2941 2824 pteuitentiam
3005 2758 3305 2814 adducens.
3344 2763 3446 2828 Qui

1852 2822 2043 2917 ’possit
2066 2845 2213 2901 enim
2235 2845 2584 2914 resipiscere,
2614 2848 2707 2917 qui
2732 2863 2831 2903 nec
2848 2850 3065 2918 culpam
3096 2866 3252 2908 suam
3282 2867 3450 2917 agno-

1874 2939 1979 2995 scit
2021 2953 2036 2998 :
2071 2954 2172 2994 nec
2195 2939 2323 2995 vitae
2378 2939 2581 3008 prioris
2615 2938 2795 2995 studia
2847 2942 3102 2996 omittit?
3133 2944 3265 2999 lnde
3312 2946 3445 3000 illud

210 3013 431 3079 καὶτοῖς
464 3008 711 3081 είδώλόις
747 3018 1050 3090 ἐνέμειναν,
1083 3010 1224 3077 κατὰ
1245 3025 1305 3079 τό
1326 3041 1341 3056 °
1369 3043 1389 3078 ι
1411 3027 1627 3099 Ὅμοιοι
1670 3031 1769 3084 αὐ-

1876 3039 1988 3085 est:
2018 3049 2037 3082 ι
2060 3029 2195 3085 Cum
2225 3045 2479 3085 reversus
2507 3030 3009 3100 ingemueris,tune
3024 3036 3325 3091 salvaberis
3341 3036 3409 3093 “.
3425 3041 3459 3087 ι’

211 3104 315 3168 τοῖς
350 3105 593 3173 γένοιντο
620 3109 670 3161 οἱ
696 3108 969 3174 ποιοῦντες
998 3112 1158 3167 αὐτά.
1187 3132 1207 3166 ι

1879 3124 2119 3194 ldipsum
2171 3137 2300 3177 vero
2328 3121 2631 3195 omnibus,
2669 3132 2934 3191 quantum
2969 3125 3025 3178 in
3058 3141 3119 3180 se
3162 3126 3285 3190 fuit,
3315 3127 3446 3182 dum

211 3191 261 3247 in
288 3196 444 3249 terris
480 3205 691 3268 ageret.
722 3196 974 3254 Christus
1026 3203 1297 3271 praestitit.
1330 3204 1449 3261 Etsi
1489 3209 1614 3263 caeci
1651 3210 1874 3281 quidam
1905 3191 2048 3269 lueis
2077 3210 2242 3280 hujus
2279 3191 2386 3266 non
2409 3211 2706 3279 defuerint,
2739 3214 2835 3283 qui
2868 3225 3061 3284 sponte
3088 3232 3185 3273 sua
3221 3217 3276 3272 in
3306 3218 3418 3272 divi
3445 3234 3450 3242 '

210 3285 293 3340 nis
322 3286 439 3343 istis
476 3288 826 3345 sermonibus
853 3292 1112 3350 caecutiro
1143 3309 1379 3367 semper,
1398 3306 1452 3355 et
1473 3315 1573 3373 pro
1608 3303 1770 3363 idolis
1791 3306 1909 3364 suis
1937 3315 2087 3363 stare
2121 3305 2441 3371 maluerint,
2478 3303 2638 3374 juxta
2665 3306 2801 3362 illud
2835 3324 2850 3363 :
2890 3326 2909 3359 ι
2942 3306 3162 3365 Similes
3185 3309 3294 3365 illis
3320 3303 3449 3366 lacti

212 3385 353 3442 sunt,
380 3378 475 3448 qui
508 3379 755 3435 fecerunt
774 3397 837 3437 ea
866 3383 934 3441 ⁸⁷.
958 3402 978 3435 ι

273 3471 344 3524 Τὸ
379 3471 456 3539 δὲ,
486 3473 788 3540 ἐκστήσω,
815 3476 959 3541 τινὲς
986 3476 1042 3548 ἢ,
1068 3478 1161 3532 ἐπὶ
1184 3479 1278 3534 τοῦ
1319 3483 1421 3553 τῆς
1469 3484 1561 3538 ὑπ’
1586 3487 1767 3543 αὐτῶν
1841 3496 1846 3500 ’

210 3563 581 3634 κρατουμένης
611 3565 717 3636 γῆς
747 3565 853 3630 ἔξω
880 3570 1111 3638 ποιήσω,
1144 3571 1298 3639 φασὶ,
1328 3574 1422 3629 καὶ
1454 3575 1557 3646 τῆς
1608 3594 1767 3647 περι-

209 3654 509 3725 ωρισμένης
527 3655 713 3720 αὐτοῖς
734 3657 876 3711 κατᾶ
900 3659 1117 3714 πάντων
1132 3662 1327 3734 ἀρχῆς,
1345 3665 1487 3720 κατὰ
1502 3667 1589 3719 τό·
1619 3669 1766 3725 «Νῦν

208 3742 233 3793 ὀ
281 3743 457 3813 ἄρχων
507 3745 604 3799 τοῦ
652 3747 857 3818 κόσμου
901 3750 1091 3804 τούτου
1131 3753 1531 3827 ἐκϐληθήσεται
1581 3759 1707 3828 ἔξω,
1737 3779 1758 3813 ι

206 3833 365 3904 ἧγουν
416 3836 519 3891 ἐπὶ
566 3838 674 3894 τοῦ
719 3840 1018 3909 θαυμάσαι
1041 3845 1067 3884 ⁸
1104 3845 1315 3915 ποιήσω
1360 3849 1487 3913 τοὺς
1526 3850 1765 3921 ὁρῶντας

208 3924 270 3979 τὰ
310 3930 737 4002 κατωρθωμένα.
803 3933 919 4003 Ἐφ’
957 3928 1040 3998 οἷς
1091 3938 1184 3991 καὶ
1224 3936 1547 4012 Ἀμὸακοὺμ
1597 3959 1768 3997 κατα-

208 4015 594 4089 πληττόμενος,
622 4023 775 4091 ἔλεγε
793 4039 808 4054 ο
868 4043 887 4076 ι
913 4023 1107 4096 Κύριε,
1143 4028 1443 4100 είσακήκοα
1470 4033 1568 4103 τὴν
1595 4035 1768 4107 ἀκοήν

208 4123 316 4172 σου,
347 4115 441 4164 xui.
472 4108 770 4182 ἐφοϐήθην.
803 4114 999 4186 Κύριε,
1034 4117 1340 4191 κατενόησα
1365 4122 1432 4176 τὰ
1471 4123 1610 4193 ἔργα
1651 4143 1767 4194 σου,

1941 3483 2048 3542 Sed
2074 3485 2341 3542 avertendi
2374 3483 2604 3540 verbum
2627 3485 2706 3540 ita
2738 3472 3011 3558 usurpant
3040 3490 3294 3545 nonnulli
3323 3508 3337 3556 ;
3367 3499 3448 3555 ut,

1865 3585 1963 3632 aut
1980 3575 2258 3633 daemonas
2278 3585 2446 3643 terra,
2471 3590 2633 3645 quam
2656 3579 2939 3646 possident
2997 3595 3104 3635 non
3145 3583 3446 3650 ejecturum

1868 3684 1928 3725 se
1955 3668 2142 3732 modo,
2175 3669 2271 3725 sed
2300 3669 2574 3737 praeﬁnito
2597 3672 2652 3724 in
2683 3686 2877 3726 omnes
2921 3673 3154 3742 imperio
3199 3676 3448 3742 privatu-

1871 3773 2026 3825 rutn;
2056 3758 2215 3828 juxta
2268 3759 2404 3813 illud
2434 3779 2447 3813 :
2483 3778 2504 3812 ι
2540 3760 2699 3815 Nunc
2757 3761 3014 3831 princeps
3047 3766 3236 3817 mundi
3285 3766 3448 3833 hujus

1871 3845 2125 3914 ejicietur
2166 3845 2316 3902 foras
2346 3848 2394 3881 ⁸⁸
2424 3868 2490 3913 τ)
2528 3850 2840 3920 significare
2896 3860 3109 3920 putent.
3134 3856 3241 3907 Aut
3277 3865 3444 3920 certe,

1867 3947 1922 3991 ut
1941 3936 2084 4007 apud
2101 3952 2319 4002 omnes,
2341 3939 2435 4008 qui
2465 3941 2585 4007 ejus
2611 3942 2874 4010 praeclare
2899 3942 3040 3996 facta
3063 3943 3444 4010 intuebuntur,

1867 4029 1922 4083 in
1949 4030 2357 4085 admirationem
2385 4033 2577 4098 veniat,
2609 4032 2928 4087 ellecturum
2965 4051 2979 4087 :
3008 4035 3209 4104 quibus
3238 4045 3291 4091 et
3341 4037 3448 4091 lla—

1869 4119 2070 4175 bacum
2130 4121 2247 4190 ipse
2295 4123 2586 4192 perculsus
2614 4122 2881 4179 dicebat:
2922 4141 2940 4175 ι
2979 4123 3230 4193 Domine,
3259 4129 3446 4183 audivi

207 4198 291 4288 καὶ
316 4197 558 4271 ἐξέστην.
592 4220 611 4253 ι
641 4202 713 4255 Τὸ
736 4202 803 4256 δὲ·
839 4204 1030 4272 ξηρὰν
1075 4210 1324 4279 σφηνίζει
1351 4212 1525 4282 λέγων
1545 4230 1560 4246 °
1595 4215 1770 4283 Θήσω

1876 4212 2212 4269 auditionem
2246 4219 2394 4267 tuam
2424 4222 2480 4268 et
2513 4215 2708 4282 timui,
2736 4213 3229 4287 Domine,cogitavi
3279 4235 3447 4288 opera

205 4286 638 4379 vaporatach
665 4296 755 4360 εις
781 4294 1035 4365 νήσους,
1065 4300 1163 4353 καὶ
1191 4300 1300 4371 ἕλη
1331 4302 1589 4374 {tmarii},
1625 4309 1766 4363 οὕτω

1876 4310 1991 4370 tua,
2031 4313 2086 4359 et
2119 4304 2375 4375 obstupui
2403 4306 2470 4359 3’.
2501 4325 2518 4359 ι
2556 4305 2782 4375 Deinde,
2831 4286 2975 4379 quid
3006 4286 3243 4363 siccandi
3281 4286 3451 4366 verbo

210 4377 378 4486 Ῐαλῶν
405 4383 537 4444 τοὺς
565 4384 694 4455 παρ’
720 4386 946 4457 Ἕλλησι
1003 4391 1220 4459 σοφοὺς,
1255 4392 1349 4447 καὶ
1397 4396 1496 4450 ὅσα
1538 4397 1603 4467 δὴ
1631 4402 1763 4470 περὶ

1876 4392 2158 4464 intelligat,
2191 4397 2448 4465 explicat,
2475 4412 2597 4451 cum
2625 4398 2817 4467 adjicit
2852 4377 3151 4468 positurum
3174 4418 3228 4455 se
3254 4402 3443 4469 ﬂuvios

208 4465 335 4521 θεῶν
350 4472 746 4530 ἀνεπλάσαντο.
774 4476 853 4529 Δι’
881 4473 956 4532 ὧν
981 4481 1105 4544 τοὺς
1130 4483 1488 4555 πειθομένους
1511 4465 1761 4554 ἐπότιζον
1794 4465 1839 4486 υ
1865 4485 1922 4536 ἔκ
1950 4484 2175 4549 illud“.
2216 4494 2267 4539 οε
2312 4488 2530 4556 Ραίαάεδ
2557 4465 2877 4544 δίτεαίυνιεηί
2908 4506 2928 4555 ἱ
2958 4492 3030 4545 iw
3074 4494 3320 4561 εθιιιῑιιη]
3353 4509 3445 4548 53"

204 4555 476 4652 ἀνατροπῇ
509 4560 729 4652 θολερᾷ,
764 4567 905 4621 κατὰ
936 4569 1036 4640 τὴν
1090 4572 1338 4644 Γραφὴν,
1382 4574 1474 4640 οὓς
1506 4579 1601 4631 καὶ
1651 4579 1763 4649 ἕλη

1876 4576 2082 4645 pientes
2114 4593 2468 4646 nuncupatis,
2493 4590 2546 4635 et
2573 4596 2919 4652 quaecunque
2942 4581 3009 4637 de
3038 4582 3146 4637 diis
3170 4585 3288 4639 suis
3311 4600 3447 4641 coii-

204 4646 369 4711 καλεῖ,
408 4650 469 4702 τὸ
497 4648 722 4717 εὖανθες
743 4655 877 4723 ὁμοῦ
908 4658 1002 4712 καὶ
1031 4659 1091 4711 τὸ
1113 4659 1363 4733 ἄκαρπον
1384 4664 1626 4734 ἔχοντας,
1666 4646 1763 4733 οὓς

1876 4667 2166 4734 finxerunt,
2189 4670 2335 4724 unde
2367 4670 2471 4725 sibi
2502 4646 2757 4728 credulos
2787 4646 3010 4729 turbido
3046 4683 3200 4744 potu,
3238 4691 3442 4732 secun-

204 4741 381 4836 φξνξὶς
404 4741 433 4792 ὁ
464 4741 915 4836 Χριστὸς-ὥσπερ
950 4748 1238 4819 ξηράνας,
1292 4757 1609 4827 ἀπράκτους
1655 4760 1762 4814 ἀπ-

1876 4759 1992 4814 :lum
2019 4758 2361 4829 Scripturam
2393 4763 2711 4818 evertebant
2737 4784 2750 4818 :
2775 4782 2912 4834 quos
2953 4775 3007 4820 et
3046 4741 3299 4836 paludes,
3345 4768 3446 4823 ﬂo-

203 4821 411 4891 ἐδειξεν,
443 4829 588 4883 καθὰ
634 4833 728 4885 καὶ
757 4833 964 4899 Παῦλός
1014 4856 1166 4910 φησι·
1203 4859 1223 4892 ι
1254 4821 1390 4897 1106-
1416 4821 1617 4916 σοφόςς
1656 4849 1759 4905 ποῦ

1876 4846 2020 4904 ribus
2052 4821 2270 4919 quidem
2295 4851 2540 4915 vestitas,
2573 4852 2671 4907 sed
2705 4821 2887 4909 fructu
2918 4821 3213 4912 destitutas
3245 4868 3444 4924 vocat;

202 4918 598 4987 γραμματεύς;
641 4923 742 4975 ποῦ
779 4925 1087 5001 συξητητὴς
1138 4931 1233 4986 τοῦ
1283 4936 1478 5001 αίῶνος
1526 4939 1755 5010 τούτους

1876 4955 1991 5012 qua:
2022 4918 2331 5011 appellente
2378 4941 2622 5004 Christo,
2650 4946 2797 5001 velut
2833 4947 3111 5003 exsiccata
3136 4956 3190 5004 et
3222 4949 3447 5004 inutiles

202 5005 315 5100 οὐχὶ
342 5008 626 5100 ἐμώρανεν
647 5014 677 5067 ό
725 5015 857 5081 Θεὸς
889 5021 991 5089 τὴν
1022 5023 1213 5095 σοφίαν
1242 5026 1339 5080 τοῦ
1366 5030 1572 5099 κόσμου
1598 5048 1613 5097 ;
1648 5051 1667 5085 ι
1699 5005 1759 5100 ἐξ

1876 5005 2279 5098 remanserunt,
2324 5042 2383 5087 ut
2412 5034 2490 5086 ait
2524 5032 2728 5091 Paulus
2766 5036 2853 5091 his
2876 5038 3058 5094 verbis
3101 5054 3116 5093 :
3156 5056 3175 5091 ι
3222 5037 3321 5092 Ubi
3352 5052 3444 5092 sa-

200 5086 272 5197 ὧν
295 5099 387 5197 atati.
418 5102 857 5197 χρηματίζουσαι
901 5086 1055 5181 νῆσοι
1097 5086 1390 5184 γεγόνασιν
1444 5086 1759 5192 ’ἐκκλησίαι

1876 5086 2068 5192 piens?
2231 5086 2413 5180 scriba
2454 5124 2479 5178 Ἰ
2511 5086 3181 5196 sortilegis;Iacui}
3224 5086 3389 5197 hujus
3418 5130 3446 5182 ’ί

202 5186 316 5252 τοὺς
361 5192 419 5246 ἐν
472 5194 693 5267 Χριστῷ
744 5199 1193 5275 ναυτιλλομένους
1255 5209 1563 5282 δεχόμεναι,
1625 5186 1758 5269 κατ-

1876 5186 2059 5268 Nonne
2073 5214 2295 5268 stultam
2310 5212 2438 5270 fecit
2450 5212 2595 5270 Deus
2606 5186 2930 5283 sapientiam
2945 5217 3109 5289 hujus
3128 5186 3317 5273 mundi
3334 5216 3437 5269 '°?s

204 5360 308 5465 "ﬂ
331 5364 463 5452 truc.
484 5388 602 5437 νιη,
642 5373 734 5432 30.
812 5374 858 5409 ³⁸
875 5373 1025 5435 Psal.
1050 5395 1172 5448 xm,
1194 5383 1251 5438 5.
1324 5385 1371 5419 ιο
1404 5385 1508 5443 lsa.
1529 5403 1657 5454 xxx,
1703 5390 1770 5445 15

270 5432 289 5487 l
317 5438 441 5494 Lor.
464 5458 502 5508 ι,
531 5443 620 5499 20.
682 5482 699 5489 -

1876 5394 1911 5424 ⁵⁷
1937 5392 2083 5449 Psal.
2113 5394 2339 5464 οιιιιι,8.
2417 5395 2464 5428 ⁸⁸
2491 5391 2653 5448 Joan.
2691 5408 2785 5460 ιιι,
2817 5393 2905 5451 51.
2983 5395 3028 5428 ⁸⁹
3053 5393 3255 5449 llabac.
3276 5407 3355 5462 ιιι,
3382 5392 3442 5455 2.

1477 5559 1712 5618 VARLE
1751 5562 2154 5625 LECTIONES.

243 5639 414 5713 ε-ττρ.
440 5649 766 5720 κατοικήσω.
842 5651 870 5693 ⁸
910 5669 996 5725 γρ.
1042 5650 1441 5724 ιπιθαυμάσαι.
1840 5638 1845 5641 ἱ
