4010 6302
225 284 325 347 ⁸377

1291 271 1824 337 COMMENTARII
1863 271 1944 330 IN
1986 267 2243 327 lSAlAM

3288 252 3428 315 2378

189 393 245 446 δὲ
293 388 618 459 λιμνάζοντα
675 386 907 454 λογικῶν
966 388 1180 441 ὑδάτων
1229 389 1422 458 χωρία,
1471 389 1547 451 ὡς
1590 387 1790 440 ﬁdem.

1902 399 1988 435 am
2020 383 2073 434 in
2107 381 2362 433 insulam.
2391 375 2504 430 lmo
2540 389 2661 444 qua!
2690 373 2808 427 loca
2836 368 2978 440 apud
3010 369 3132 423 illos
3164 368 3238 422 ita
3265 368 3429 421 ratio-

193 499 264 534 πα
275 478 654 550 ραεάλλεσθαι,
687 476 946 545 ξηρανῶ.

272 656 602 726 Ἀπειλήσας
656 653 865 717 ταῦτα,
918 653 1235 723 μεταϐαίνει
1291 654 1449 706 πάλιν
1525 654 1618 708 ἐπὶ
1660 653 1756 722 τὴν

198 755 349 824 χάριν
373 749 470 821 τὴν
494 749 739 802 δοθεῖσαν
760 749 873 810 τοῖς
899 746 1077 799 ἔθνεσι
1103 746 1462 812 λέ·,’ων·“Αξω
1488 745 1758 814 τυφλοὺς

196 845 261 895 ἐν
287 841 422 906 ὀδῷ.
453 840 564 894 Καὶ
593 838 797 909 πρόσθε
825 839 933 908 γὰρ
962 838 1069 909 ἔφη
1103 840 1229 909 περὶ
1259 838 1518 909 Χριστοῦ⁸
1552 838 1757 889 (Ἔδω-

198 932 267 986 xci
301 950 359 985 σε
408 933 486 993 εἰς
516 930 780 998 διαθήκην
817 928 1027 995 γένους,
1074 930 1152 990 είς
1196 928 1309 996 φῶς
1358 927 1525 979 ἐθνῶν
1556 927 1760 990 ἀνοῖξαι

198 1022 501 1094 ὀφθαλμοὺς
534 1021 773 1088 τυφλῶν.
798 1039 815 1069 ι
843 1021 915 1072 Τὸ
936 1020 991 1072 δὲ
1037 1019 1173 1084 ὁδῷ,
1201 1018 1352 1090 παρὰ
1377 1021 1540 1070 πᾶσιν
1568 1017 1761 1080 ἑνικῶς

200 1115 559 1185 ἐξενήνεκται,
616 1115 682 1183 ἢν
714 1112 983 1184 ἐδήλωσεν
1008 1112 1036 1163 ὁ
1073 1110 1261 1181 Σωτὴρ
1292 1111 1461 1164 εἰπών
1485 1127 1498 1141 ·
1543 1129 1561 1160 ι
1622 1109 1764 1177 Ἐγώ

202 1211 313 1276 ειμι
350 1208 382 1275 ὴ
410 1206 546 1268 ὁδὸς,
588 1223 607 1256 ι
646 1206 711 1274 ἥν
739 1204 1077 1272 ἠγνοοῦμεν
1109 1202 1169 1255 τὸ
1203 1204 1614 1273 πρότερον.Καὶ
1646 1203 1764 1270 τρί-

206 1300 362 1362 ϐους,
396 1297 493 1359 τὰς
552 1294 901 1365 προφητικᾶς
962 1292 1206 1362 δηλονότι
1242 1293 1484 1363 Γραφάς,
1543 1297 1636 1345 καὶ
1672 1290 1764 1344 τοῦ

206 1388 318 1460 βίου
343 1389 467 1450 τοὺς
510 1386 614 1441 ὑπὸ
649 1387 747 1455 τῆς
793 1387 941 1448 θείας
1000 1385 1471 1454 ὑποϐαλλομέκους
1513 1385 1765 1438 διδασκα-

205 1479 339 1542 λίας.
396 1478 503 1531 Καὶ
534 1476 632 1547 τὴν
685 1476 935 1545 ἄγνοιαν
961 1477 1053 1529 τοῦ
1096 1474 1229 1530 Θεοῦ
1267 1475 1589 1544 μεταϐαλεῖν
1639 1477 1768 1545 ἡμῖν

206 1575 287 1636 sic
315 1569 456 1639 ςεῶς,
503 1569 600 1622 καὶ
644 1571 713 1622 τὰ
740 1568 906 1623 πάλαι
949 1567 1172 1623 σκολιά
1210 1585 1269 1621 τε
1320 1568 1413 1620 καὶ
1445 1566 1629 1635 ἀσαφῆ
1673 1566 1769 1618 τοῦ

208 1663 337 1716 Θεοῦ
414 1662 572 1729 λόγια
641 1660 963 1732 γενήσεσθαί
1030 1674 1191 1729 φησιν
1257 1658 1475 1729 ὁμαλά.
1536 1659 1651 1726 Ἐφ’
1692 1652 1771 1721 οἷς

1865 474 2083 527 nalibus
2116 471 2272 540 aquis
2303 475 2582 537 stagnant,
2619 475 2675 519 ut
2705 480 2827 519 cum
2843 461 3125 532 paludibus
3141 460 3433 516 conferan-

1864 570 1976 623 tur,
2021 557 2208 613 eadem
2247 553 2539 609 exsiccaba.

1936 651 2068 717 Qum
2108 656 2400 720 postquam
2449 654 2535 700 est
2565 642 2979 703 interminatus,
3009 639 3211 694 transit
3239 653 3434 693 rursus

1868 745 1933 797 ad
1970 744 2225 812 gratiam,
2264 752 2387 808 quae
2412 735 2670 805 gentibus
2697 747 2960 786 concessa
2983 739 3089 794 est,
3116 731 3200 784 his
3216 729 3433 784 verbis:

1870 835 2079 887 Ducam
2104 848 2271 886 εστι-οε
2305 831 2358 883 in
2399 831 2505 882 via.
2541 826 2852 881 Dixitenim
2905 824 2973 879 de
3019 822 3242 877 Christo
3270 821 3437 876 etiam

1870 926 2168 994 superius:
2208 943 2227 975 ι
2266 922 2393 977 Dedi
2425 933 2476 977 te
2507 921 2559 974 in
2593 924 2977 975 testamentum
3009 915 3247 986 generis,
3282 914 3335 968 in
3358 913 3441 967 lu-

1869 1029 1986 1070 cem
2044 1000 2330 1085 gentium,
2378 1019 2438 1066 ut
2481 1012 2726 1081 aperires
2767 1008 2958 1063 oculos
3012 1018 3283 1060 caecorum
3320 1003 3361 1056 ί.
3413 1019 3435 1053 ι

1871 1108 1996 1162 Ideo
2031 1118 2213 1161 autem
2246 1107 2343 1160 vice
2372 1119 2570 1160 nomen
2602 1101 2955 1172 singulariter
2986 1112 3176 1153 omnes
3205 1110 3463 1166 usurpa-.

1874 1207 2024 1261 runt,
2055 1205 2114 1251 ut
2144 1211 2288 1261 eam,
2322 1197 2389 1249 de
2410 1210 2517 1265 qua
2560 1193 2816 1247 Salvator
2848 1190 3110 1260 loquitur,
3143 1204 3266 1244 cum
3294 1188 3440 1242 viam

1874 1302 1933 1341 se
1964 1301 2088 1341 esse
2107 1287 2308 1342 asserit
2330 1288 2372 1348 ',
2398 1300 2559 1353 quam
2589 1293 2749 1337 antea
2781 1278 3160 1345 nesciebamus,
3195 1295 3317 1337 esse
3343 1280 3442 1334 de-

1876 1384 2278 1431 monstrarent.
2303 1375 2532 1430 Semitas
2562 1374 2781 1436 deinde,
2805 1374 3007 1443 scripta
3030 1374 3440 1443 prophetarum,

1877 1469 1930 1522 in
1973 1468 2176 1537 quibus
2206 1469 2381 1523 beatae
2412 1468 2695 1522 vitaeratio
2724 1466 2883 1521 nobis
2900 1468 3165 1537 aperitur,
3186 1466 3445 1536 appellat.

1884 1559 2087 1629 Deique
2136 1560 2526 1629 ignorationem
2562 1559 2617 1611 in
2659 1558 2848 1620 lucem,
2903 1570 2955 1612 et
2999 1572 3120 1627 qua:
3169 1560 3448 1627 quondam

1883 1652 2097 1721 obliqua
2132 1651 2484 1721 dilliciliaque
2530 1651 2782 1713 fuerant,
2834 1650 2998 1715 plana
3037 1659 3091 1704 et
3128 1657 3276 1704 recta
3330 1648 3451 1705 fore

210 1757 517 1826 ἐπήνεγκε,
575 1752 788 1821 Ταῦτα
824 1754 897 1807 τὰ
963 1752 1201 1823 ῥήματα
1258 1753 1494 1823 ποιήσω
1550 1752 1775 1817 αὐτοῖς.

1896 1741 2190 1809 Jollicetur.
2226 1740 2382 1796 Unde
2422 1742 2607 1796 statim
2650 1740 2761 1794 Ita'c
2794 1757 2849 1794 se
2873 1742 2949 1794 eis
2984 1741 3142 1794 verba
3180 1740 3453 1809 {acturum

223 1845 487 1917 Ἀκριὸὦξ
511 1845 567 1897 δὲ
592 1841 763 1908 εἶπεν,
789 1845 873 1905 οὐ,
899 1844 1135 1914 λαλήσω,
1162 1843 1584 1914 ἁλλὰ,ποιήσω.
1606 1843 1780 1897 Πάλαι

218 1941 309 2008 μὲν
336 1939 442 2007 γὰρ
492 1936 583 1989 διὰ
609 1936 903 2006 προφητῶν
936 1936 1226 2006 ἐλελὰλητο
1247 1952 1259 1967 ’
1287 1936 1382 1990 νῦν
1408 1937 1463 1989 δὲ
1503 1938 1569 1991 δι’
1603 1934 1781 2009 ἔργων

215 2030 479 2082 ἐπιτελεῖν
532 2028 952 2096 ἐπαγγέλλεται.
997 2027 1274 2082 Ἐντεῦθεν
1317 2028 1633 2099 ἐπιστρέφει
1691 2028 1781 2081 τὸν

214 2118 364 2185 λόγον
393 2117 493 2173 ἐπὶ
522 2118 649 2179 τοὺς
682 2117 850 2168 πάλαι
892 2116 1153 2185 μένοντας
1192 2116 1417 2185 πλησίον
1444 2116 1601 2181 Θεοῦ,
1629 2117 1786 2171 ἀπο-.

216 2210 586 2279 στραφέντας
617 2209 684 2261 δὲ
700 2212 785 2273 εὶς
805 2207 879 2259 τὰ
908 2209 1120 2272 ὀπίσω,
1152 2211 1279 2271 τοὺς
1312 2209 1595 2272 Ἰουδαίους
1617 2210 1780 2280 φημί.

217 2303 457 2355 Δείκνυσι
492 2302 547 2353 δὲ
605 2300 794 2370 ὥσπερ
826 2301 1009 2362 αὐτοῖς
1046 2300 1153 2352 τῶν
1192 2299 1361 2352 ἐθνῶν
1404 2301 1501 2369 τὴν
1530 2304 1784 2372 ἐπιστρο-

219 2394 339 2462 φὴν,
381 2393 480 2446 καὶ
507 2393 626 2444 οἷαν
656 2391 814 2461 ἔσχον
832 2390 1178 2459 μεταϐολὴν
1205 2392 1282 2453 είς
1320 2390 1434 2461 φῶς
1465 2395 1527 2445 ἐκ
1566 2393 1786 2456 σκότους

219 2482 587 2552 χωρήσαντες,
636 2480 1005 2543 ὁνειδιστικῶς
1036 2481 1173 2552 πρὸς
1216 2483 1343 2544 τοὺς
1396 2484 1789 2554 εἰδωλολάτραις

221 2572 386 2639 λέγων
410 2588 423 2600 ·
451 2574 835 2641 Αἱσχύνθητε
866 2573 1192 2642 αἰσχύνην,
1219 2574 1313 2627 καὶ
1344 2574 1412 2627 τὰ
1435 2574 1582 2643 ἑξῆς.
1612 2576 1787 2644 Ὅπερ

221 2661 457 2734 ἀκριϐῶς
498 2662 804 2732 ἑρμήνευσε
854 2662 1149 2732 Σύμμαχος
1209 2661 1415 2716 εἰπών’
1450 2665 1788 2733 Αίσχυνθή-

224 2766 425 2805 certat
453 2754 766 2819 αἰσχύνην
797 2754 853 2804 ol
906 2753 1256 2819 πεποιθότες
1309 2753 1433 2817 τοῖς
1479 2754 1786 2822 γλυπτοῖς.

236 2842 290 2892 't)
320 2841 377 2894 δὲ
428 2841 689 2905 Ἀκύλας,
718 2842 1242 2911 αὶσχυνθ-ήτωσαν.
1275 2844 1331 2896 Ὀ
1377 2843 1435 2897 δὲ
1481 2843 1789 2911 Θεοδοτίων,

227 2932 864 3001 καταισχυνθήτωσαν.
923 2934 1030 2986 Καὶ
1081 2933 1190 3005 γὰρ
1249 2935 1462 3002 ἀληθῶς
1504 2936 1612 2989 τῶν
1665 2939 1793 3005 πρὶν

223 3020 754 3094 ιίδωλολατρούντων
779 3021 948 3076 ἐθνῶν
982 3025 1336 3093 μεταϐάντων
1354 3028 1431 3089 είς
1459 3025 1791 3091 θεοσέϐειαν,

228 3113 285 3163 τὸ
318 3112 591 3167 Ἰουδαίων
613 3112 764 3176 ἔθνος
787 3114 1066 3182 ᾐσχύνθη
1090 3130 1103 3143 ’
1135 3117 1227 3168 καὶ
1246 3116 1339 3173 νῦν
1368 3118 1797 3185 αἰσχυνθέντες

229 3202 535 3256 ἐπαύσαντο
570 3203 696 3267 τοὺς
743 3203 909 3257 πάλαι
943 3204 1213 3273 τυφλοὺς
1250 3207 1615 3274 φωτισθέντας
1661 3209 1795 3261 ἰδόνο

230 3312 333 3358 τες.

308 3386 655 3456 Ἐμφατικῶς
684 3386 740 3441 δὲ
774 3386 894 3441 λίαν
940 3387 1046 3459 ἔφη
1101 3390 1231 3460 περὶ
1288 3389 1487 3443 αὐτῶν·
1548 3391 1711 3445 Αὐτοὶ
1743 3384 1829 3444 δὲζ

230 3479 707 3549 ἀπεστράφησαν
730 3481 780 3531 oi
806 3479 957 3551 νόμῳ
988 3480 1118 3549 θείῳ
1155 3480 1678 3552 παιδαγωγούμενοι,
1706 3484 1801 3536 καὶ

232 3571 315 3623 τὸν
341 3573 446 3625 τῶν
474 3572 615 3625 ὅλων
645 3571 945 3640 ἐγνωκότες
976 3572 1129 3625 Θεόν·
1155 3573 1349 3645 ἢκουον
1383 3572 1514 3643 γὰρ,
1550 3592 1567 3624 ι
1599 3574 1799 3642 Κύριος

232 3661 402 3724 ὁΘεός
454 3679 575 3726 σου,
629 3663 834 3734 Κύριος
875 3657 955 3727 εἷς
977 3666 1143 3717 ἐστιν.
1176 3683 1196 3717 ι
1234 3664 1366 3731 Καὶ,
1406 3683 1424 3716 ι
1448 3668 1561 3719 Οὐκ
1590 3665 1801 3719 ἔσονταί

234 3768 313 3806 σοι
343 3752 453 3806 θεοὶ
496 3752 639 3824 πλὴν
674 3754 828 3825 ἐμοῦ.
855 3775 874 3808 ι
910 3755 1094 3809 Ταῦτα
1119 3755 1310 3821 εἰπὼν,
1344 3757 1420 3819 ὼς
1452 3758 1531 3820 είς
1589 3758 1804 3827 κωφῶν

231 3837 343 3899 ὦτα
398 3844 651 3917 κραυγὴν
694 3847 875 3914 ἀφιεὶς
921 3846 1143 3919 ἐπιὸοᾷο
1173 3848 1799 3916 Οὶκωφοὶ,ἁκούσατε.

244 3935 328 3997 Ὠς
358 3935 425 3988 ἂν
454 3936 512 3988 δὲ
547 3937 622 4005 μὴ
646 3936 878 4007 νομισθῇ
913 3938 1041 4008 περὶ
1087 3938 1196 3990 τῶν
1222 3938 1391 3992 ἐθνῶν
1413 3942 1441 3993 ὁ
1466 3939 1621 4007 λόγος
1652 3941 1802 4010 εἰρῆ-

234 4026 353 4081 σθαι
374 4027 569 4099 (πάλαι
601 4029 710 4099 γὰρ
740 4029 969 4092 ἐκείνοις
998 4030 1169 4084 ταῦτα
1206 4032 1459 4102 προσῆν),
1490 4030 1802 4103 διορίζεται,

233 4122 337 4173 Καὶ
389 4121 482 4186 τίς
536 4120 765 4189 τυφλὸς
819 4121 1017 4189 ἀλλ’ἢ
1057 4123 1340 4191 οίπαῖδές
1396 4141 1543 4194 pou;
1587 4118 1805 4179 Ἀνθόὗ

232 4209 526 4281 Σύμμαχός
562 4228 698 4282 φησι
724 4228 737 4242 ο
772 4212 882 4266 Καὶ
917 4216 1007 4278 τίς
1044 4217 1293 4283 τυφλύς,
1324 4219 1376 4270 εὶ
1409 4216 1494 4286 μὴ
1527 4221 1558 4271 ὁ
1587 4217 1806 4283 δοῦλός

230 4319 371 4371 you;
389 4302 487 4356 καί
516 4303 717 4371 κωφὸς
738 4304 818 4370 ὡς
842 4308 873 4357 ό
898 4306 1152 4376 ἄγγελός
1175 4323 1330 4376 μου;
1362 4308 1451 4373 τίς
1464 4308 1704 4378 τυφλὸς,
1728 4310 1807 4375 ὡς

1823 3073 1867 3130 C

1883 1833 2093 1902 adjicit.
2141 1834 2405 1903 Apposite
2451 1843 2634 1887 autem
2668 1841 2722 1887 et
2777 1832 3170 1904 signiﬁcanter,
3220 1848 3330 1888 non
3370 1832 3453 1887 di-

1882 1922 2041 1978 cendi
2073 1925 2320 1987 verbum,
2352 1924 2446 1977 sed
2474 1923 2706 1992 faciendi
2732 1924 3037 1992 usurpavit,
3062 1925 3154 1992 qui
3186 1938 3306 1993 qua:
3322 1924 3452 1978 olim

1885 2031 1978 2085 per
2015 2015 2311 2085 prOphetas
2337 2014 2513 2070 fuerat
2543 2016 2779 2078 lorutus,
2810 2030 2956 2069 nunc
2985 2016 3163 2084 reipsa
3195 2030 3256 2071 se
3315 2030 3455 2085 prae-

1884 2107 2143 2163 stituruur
2182 2107 2524 2177 polliceatur.
2548 2109 2721 2177 Atque
2749 2107 2879 2162 hinc
2912 2117 3016 2174 est,
3053 2106 3197 2176 quod
3228 2106 3297 2182 ad
3335 2120 3454 2171 eos,

1884 2200 1979 2268 qui
2015 2199 2127 2255 Deo
2158 2198 2433 2268 quondam
2453 2188 2708 2267 proximi,
2740 2213 2876 2251 nunc
2901 2206 3193 2253 retrorsum
3223 2197 3458 2251 conversi

1886 2301 2030 2356 sunt,
2059 2291 2112 2345 id
2147 2299 2252 2355 est,
2299 2292 2365 2345 ad
2403 2290 2649 2355 Jodreos,
2688 2305 2995 2347 sermonem
3025 2290 3313 2346 convertit.
3351 2287 3457 2344 Os-

1888 2382 2063 2435 tendit
2103 2389 2288 2437 autem
2334 2381 2739 2451 quodammodo
2772 2370 2906 2450 ipsis
2937 2382 3180 2452 gentium
3227 2395 3460 2435 conver-

1888 2473 2120 2537 sionem,
2155 2483 2209 2527 et
2250 2487 2415 2542 quam
2466 2474 2811 2527 mutationem
2853 2473 2998 2542 passi
3030 2481 3251 2535 essent,
3296 2472 3389 2541 qui
3428 2486 3459 2526 a

1892 2575 1999 2620 tem
2021 2566 2136 2619 bris
2177 2567 2232 2620 in
2292 2566 2468 2620 lucem
2511 2565 2847 2633 prodierant,
2888 2566 3018 2620 dum
3059 2566 3141 2621 sic
3187 2566 3460 2620 idolorum

1894 2659 2140 2712 cultores
2167 2657 2553 2726 exprobrantis
2582 2660 2746 2711 modo
2767 2657 3082 2726 aggreditur
3116 2676 3128 2710 :
3162 2657 3462 2727 Canfundi—

1895 2749 2025 2800 mini
2053 2747 2387 2815 confusione,
2415 2757 2470 2802 et
2498 2762 2621 2816 qua
2658 2747 2946 2816 deinceps;
2970 2762 3091 2816 qua!
3112 2759 3368 2805 accurate
3389 2751 3463 2805 ita

1895 2838 2133 2892 reddidit
2157 2837 2521 2908 Symmachus
2556 2859 2568 2892 :
2609 2837 3014 2913 Confundentur
3035 2841 3342 2911 confusione
3373 2844 3463 2913 qui

1895 2930 2169 2998 conﬁdunt
2202 2930 2258 2982 in
2293 2928 2649 2997 sculptilibus,
2685 2912 2884 3000 Aquiia
2912 2942 3091 2988 autem
3120 2949 3175 2988 et
3216 2912 3466 2990 Theodo-

1897 3022 1975 3075 tio
2024 3020 2444 3089 confundantur.
2489 3020 2695 3076 Revera
2726 3022 2873 3076 enim
2917 3037 3041 3077 cum
3082 3024 3153 3079 ab
3193 3024 3463 3081 idolorum

1899 3117 2050 3169 cultu
2079 3116 2145 3167 ad
2185 3114 2440 3183 pietatem
2487 3122 2676 3183 gentes
2709 3115 3057 3179 transissent,
3085 3114 3256 3173 ιιιθωί
3278 3119 3468 3189 confu-

1898 3207 1944 3259 si
1976 3214 2098 3259 sunt
2129 3222 2146 3259 :
2179 3206 2271 3261 sed
2289 3204 2400 3274 jam
2424 3204 2707 3260 desierunt
2730 3205 3113 3280 confundi,qui
3138 3227 3301 3266 caecos
3315 3213 3470 3281 olim,

1902 3312 2047 3351 nunc
2083 3312 2205 3352 esse
2239 3299 2416 3351 visum
2451 3295 2682 3368 adeptos
2709 3300 3052 3357 intueantur.

1969 3387 2131 3459 477
2150 3387 2414 3443 Caeterum
2433 3403 2541 3443 non
2554 3389 2673 3445 sine
2686 3405 2885 3460 magna
2907 3392 3233 3463 empliaside
3246 3395 3327 3449 eis
3352 3411 3477 3449 cono

1902 3484 2035 3534 versi
2054 3490 2173 3533 sunt
2204 3481 2739 3550 usurpavit;quippe
2757 3482 3178 3552 quilegedivina
3196 3487 3474 3549 instructi,

1904 3572 2073 3626 Deum
2112 3573 2280 3626 etiam
2320 3573 2704 3627 universorum
2731 3575 3141 3644 cognovissent.
3174 3576 3477 3631 Audierant

1904 3667 2051 3718 enim
2092 3680 2105 3715 :
2145 3681 2162 3712 ι
2191 3662 2459 3717 Dominus
2490 3662 2632 3717 Deus
2656 3672 2802 3727 tuus,
2839 3663 3104 3721 Dominus
3141 3683 3284 3721 unus
3301 3677 3383 3723 est
3399 3669 3473 3722 ³.»

1905 3753 2002 3808 Et:
2025 3772 2042 3804 ι
2074 3755 2186 3806 Non
2200 3764 2365 3807 erunt
2383 3754 2478 3807 tibi
2498 3754 2572 3807 dii
2590 3762 2786 3823 praeter
2805 3770 2890 3811 me
2908 3755 2952 3810 ³.
2980 3776 2998 3807 ι
3022 3758 3146 3812 Haec
3161 3773 3281 3813 cum
3303 3760 3481 3815 dixis-

1907 3855 2013 3908 St‘l,
2037 3853 2296 3914 tanquam
2315 3845 2370 3898 in
2389 3845 2672 3898 surdorum
2685 3861 2846 3901 aures
2863 3857 3117 3917 contenta
3132 3865 3296 3904 voce:
3317 3851 3481 3907 Surdi

1907 3937 2107 4000 audite,
2129 3937 2411 3991 inclamat.
2434 3939 2512 3991 Ac
2536 3953 2605 3992 ne
2629 3938 2693 3991 de
2708 3939 2983 4007 gentibus.
3007 3941 3208 4010 quibus
3226 3944 3326 3997 ista
3349 3945 3479 3999 olim

1907 4031 2154 4095 deerant,
2181 4029 2367 4084 haberi
2396 4043 2577 4083 sermo
2597 4029 2875 4085 videretur
2898 4033 3037 4099 (haec
3062 4034 3205 4088 enim
3226 4037 3334 4091 illis
3348 4039 3479 4095 olim

1908 4122 2355 4191 conveniebant),
2390 4122 2644 4176 distinxit
2675 4123 2760 4177 his
2791 4125 2974 4181 verbis
3002 4143 3017 4178 :
3053 4125 3245 4197 Ecquis
3279 4145 3479 4193 caicus,
3550 4148 3557 4154 ·

1909 4216 2013 4270 nisi
2055 4215 2156 4284 ﬁlii
2196 4215 2340 4270 mei?
2372 4230 2473 4285 pro
2529 4230 2639 4284 quo
2712 4213 3076 4285 Symmachus
3116 4235 3129 4271 :
3167 4218 3359 4286 Ecquis
3382 4239 3484 4274 rw-

1911 4325 2023 4369 cus,
2064 4308 2168 4360 nisi
2194 4324 2379 4361 servus
2407 4323 2551 4361 meus
2578 4309 2672 4362 γει
2717 4318 2893 4362 mutus
2935 4319 2992 4385 ut
3034 4312 3251 4365 nuntius
3301 4316 3484 4370 meus?

235 4395 266 4444 ὀ
284 4393 510 4459 τέλειος
537 4410 558 4457 ;
587 4395 686 4446 καὶ
742 4396 939 4464 κωφὸς
960 4398 1040 4463 ὡς
1068 4401 1100 4450 ό
1128 4397 1348 4464 δοῦλός
1382 4417 1501 4467 μου
1518 4415 1538 4463 ;
1581 4401 1790 4453 Δοῦλοι

1912 4403 2029 4472 quis
2094 4417 2263 4454 cmcus
2292 4440 2306 4462 ,
2355 4408 2413 4453 ut
2467 4399 2783 4470 perfectus?
2824 4410 2891 4456 ,ει
2950 4414 3148 4468 mutus,
3194 4414 3252 4458 ut
3306 4422 3484 4461 servus

233 4482 321 4535 τὸν
344 4486 409 4537 ἐκ
433 4485 746 4555 περιτομῆς
794 4487 949 4539 καλεί
997 4490 1146 4552 mw,
1201 4489 1463 4558 ἄγγελόν
1489 4508 1549 4543 τε
1587 4492 1682 4543 καὶ
1718 4493 1807 4545 τέ·

235 4575 398 4629 ,πειον
454 4578 822 4646 κατακρίνων,
873 4580 954 4633 ὅτι
1004 4580 1310 4644 τοιούτουςί
1344 4582 1610 4653 ὑπάρχειν
1646 4584 1806 4652 ἠϐού-

236 4663 372 4720 λετο.
421 4669 545 4720 ὀτι
575 4668 630 4720 δὲ
665 4669 891 4734 ἑαυτοὺς
940 4672 1302 4741 ἐτύφλωσάν
1328 4691 1388 4727 τε
1430 4676 1523 4728 καὶ
1570 4676 1804 4745 κωφοὺς

235 4753 662 4826 ἀπειργάσαντο,
706 4761 1005 4833 παρίστησι
1063 4764 1231 4832 λέγων
1256 4782 1267 4795 ·
1298 4766 1473 4820 Ἴδετε
1509 4767 1808 4834 πολλάκις

236 4845 331 4897 καὶ
378 4851 491 4901 οὐκ
540 4849 949 4917 ἐφυλάξασθε.
997 4856 1344 4926 Ἦνοιγμένα
1390 4859 1463 4913 τὰ
1517 4855 1656 4923 ὦτα,
1707 4861 1805 4914 καὶ

238 4938 346 4989 οὐκ
370 4938 697 5005 ἠκούσατε.
732 4944 952 5017 Προέφη
978 4945 1034 4999 δὲ
1060 4949 1154 5000 καὶ
1178 4949 1259 5013 τὸ,
1286 4968 1304 5001 ι
1330 4951 1488 5020 Ἀκοῇ
1521 4952 1813 5023 ἀκούσητε,

241 5028 327 5079 καὶ
347 5029 410 5082 οὐ
448 5031 527 5102 μὴ
558 5033 776 5102 συνῆτε,
813 5054 832 5086 ι
866 5037 963 5089 καὶ
993 5037 1061 5092 τὰ
1099 5038 1245 5109 ἑξῆς.
1274 5042 1346 5093 Τὸ
1374 5042 1430 5094 δὲ
1460 5043 1621 5113 ῥητὸν
1645 5044 1819 5106 οὕτως

237 5115 468 5182 ἐξέδωκε
498 5121 816 5208 Σύμμαχος·
844 5123 1020 5194 Εἶδες
1040 5133 1260 5194 πολλὰ,
1293 5134 1387 5186 καὶ
1407 5136 1477 5187 οὐ
1502 5133 1814 5203 φυλάξεις.

249 5208 625 5281 Ἀνεῳτμένα
655 5212 726 5270 τὰ
754 5212 875 5271 ὦτα
918 5222 1128 5286 αὐτοῦ,
1180 5224 1276 5277 καὶ
1303 5225 1372 5277 οὺ
1398 5224 1485 5293 μὴ
1514 5226 1823 5293 ἀκούσεις.

243 5299 452 5366 Κύριος
480 5302 787 5371 ἠθέλησεν
820 5308 919 5361 ἵνα
947 5310 1238 5380 δικαιώσῃ
1276 5314 1463 5368 αὐτὸν
1478 5314 1813 5384 perculi)th

318 5411 334 5440 ⁸
369 5411 480 5467 lsa.
530 5430 662 5480 xui,
707 5416 760 5470 6.

843 5418 863 5447 ⁸
896 5417 1056 5473 Joan.
1085 5438 1197 5489 xiv,
1228 5429 1281 5477 6.
1363 5426 1382 5456 ³
1413 5424 1565 5482 Deut.
1599 5442 1679 5488 γι,
1716 5426 1766 5480 4.
1847 5426 1867 5456 ³
1896 5424 2071 5478 Exod.
2100 5441 2190 5487 xx.
2215 5441 2295 5478 ιιι.

1914 4496 2104 4547 meus?
2164 4493 2381 4547 Servum
2439 4494 2827 4549 circumcisum
2886 4495 3144 4563 populum
3219 4498 3483 4564 nominat,

1913 4587 2155 4638 nuntium
2190 4593 2243 4637 et
2286 4584 2576 4654 perfectum
2619 4586 3035 4652 condemnans;
3067 4588 3326 4655 quoniam
3361 4591 3487 4645 talis

1913 4688 2035 4728 esse
2065 4673 2302 4727 volebat.
2339 4672 2563 4740 Seipsos
2595 4689 2723 4727 vero
2755 4690 2921 4726 ca’cos
2953 4682 3006 4727 et
3037 4686 3208 4730 mutos
3243 4676 3489 4733 t-ﬂ'ecisse

1915 4762 2211 4831 significat,
2255 4778 2377 4816 cum
2420 4763 2496 4815 ait
2535 4779 2548 4814 :
2604 4761 2823 4815 Vidistis
2866 4780 3026 4832 sa’pe,
3068 4777 3118 4818 et
3154 4778 3280 4821 'non
3311 4778 3491 4822 custo-

1924 4855 2103 4909 distis.
2135 4856 2345 4924 Aperta:
2390 4854 2535 4908 vobis
2563 4870 2741 4919 aures,
2773 4864 2821 4907 et
2855 4872 2956 4910 non
2988 4859 3239 4912 audistis.
3280 4860 3492 4917 Scribi-

1915 4953 2004 4999 tur
2028 4948 2174 5000 enim
2208 4953 2262 5000 et
2294 4945 2426 4998 illud
2459 4964 2471 4998 :
2508 4963 2527 4994 ι
2558 4943 2764 4999 Auditu
2796 4946 3052 5013 audietis,
3075 4958 3128 5002 et
3161 4963 3271 5002 non
3325 4952 3490 5005 intel-

1916 5038 2094 5106 ligetis
2121 5038 2164 5099 ⁸,
2204 5053 2227 5085 ι
2264 5046 2592 5103 cactcraque,
2615 5051 2737 5103 quae
2775 5046 3098 5104 sequuntur.
3130 5037 3333 5092 Locum
3358 5055 3492 5095 vero

1917 5132 1990 5183 ita
2043 5129 2324 5183 transtulit
2363 5126 2728 5197 Symmachus
2772 5148 2785 5182 ε
2826 5129 3021 5182 Vidisti
3059 5132 3250 5197 multa,
3302 5141 3352 5184 et
3386 5149 3490 5186 non

1918 5217 2205 5271 custodies.
2232 5209 2444 5284 Aperta:
2460 5233 2614 5270 aures
2646 5229 2769 5282 tute,
2799 5228 2849 5270 et
2871 5234 2975 5270 non
2997 5220 3203 5276 audies.
3235 5219 3492 5272 Dominam

1930 5309 2095 5363 coluit
2124 5309 2427 5378 justiﬁcarc
2455 5323 2574 5361 eum
2623 5310 2691 5360 ad
2736 5310 2896 5378 legem
2950 5309 3399 5379 magniﬁcentiam
3442 5321 3495 5362 et

2410 5424 2432 5455 ⁸
2459 5422 2562 5476 Ιςει.
2590 5439 2660 5490 τι,
2693 5425 2747 5483 9.

1543 5543 1774 5596 VARIAS
1817 5540 2218 5596 LECTIONES.

323 5623 340 5664 ί
365 5639 457 5691 rp.
494 5622 757 5686 τοιοῦτος.

572 5715 844 5778 Ριτιιοι..
886 5719 1003 5781 Gn.
1057 5723 1429 5785 LXXXVII.

3136 5730 3174 5788 5
