4010 6302
521 247 664 314 2379
1852 244 2205 308 PROCOPII
2230 243 2474 304 GAZEI
3641 235 3828 300 2380

517 355 879 414 extollendam
912 370 929 408 :
957 355 1162 426 quibus
1208 362 1393 426 aperte
1421 353 1489 410 de
1537 352 1742 410 ludatis
1788 369 2098 410 sermonem

2202 354 2410 422 νόμον,
2453 352 2555 407 καί
2605 350 2904 420 θαυμάσαι
2933 365 2946 380 ⁸
2987 347 3173 418 σαφῶς
3204 347 3379 419 δηλῶν
3403 348 3480 412 ὡς
3510 349 3658 420 περὶ
3687 349 3828 402 τῶν

521 462 647 505 esse
682 445 1104 502 demonstravit.
1150 445 1258 502 Sed
1306 445 1434 516 ipsi,
1465 445 1666 516 inquit,
1699 445 1856 502 intus
1890 445 2098 500 babeut

2211 440 2480 497 Ἰουδαίων
2505 443 2534 494 ό
2565 440 2722 510 λόγος
2751 458 2764 474 ·
2801 439 2928 493 AD‘
2958 439 3131 506 αὐτοὶ,
3182 439 3370 509 φησὶν,
3409 439 3560 495 ἔνδον
3585 439 3821 509 ἔχουσι

523 540 770 612 laqueum
819 538 1077 594 latentem
1119 537 1174 592 in
1212 537 1380 592 animi
1425 539 1722 605 sensibus,
1766 551 1909 609 quos
1941 536 2080 591 inito

2202 533 2314 602 τὴν
2339 531 2562 603 παγῖδα
2588 533 2646 586 ὲν
2676 534 2787 595 τοῖς
2815 531 3118 600 λογισμοῖς,
3163 531 3257 594 οὓς
3285 530 3590 600 ἔκρυπτον
3643 531 3826 586 κατὰ

521 631 788 686 adversus
820 628 1105 684 Christum
1155 627 1390 683 consilio
1437 628 1792 684 occultarunt.
1828 628 1946 694 Vel,
1990 641 2098 680 non

2202 623 2298 678 τοῦ
2357 624 2600 694 Χριστοῦ
2649 623 3045 694 βουλευόμενοι.
3083 625 3287 692 Ἥγουν
3313 624 3415 677 οὐκ
3462 623 3821 693 ἑλογίσαντο

522 721 934 791 perpenderunt
979 731 1088 788 quo
1133 724 1296 788 pacto
1339 717 1446 773 sibi
1496 718 1564 774 de
1599 717 1764 773 domo
1815 715 2099 774 servitutis

2202 713 2320 778 πῶς
2347 715 2618 786 ἐξήγαγον
2665 713 2864 778 αὐτοὺς
2891 713 2951 778 ἐξ
2977 713 3126 769 οἴκου
3184 713 3450 783 δουλείας,
3501 719 3598 794 καὶ
3634 717 3820 787 νόμῳ

2201 807 2690 878 πεπαιδαγώγηκα.
2723 807 2795 861 Ἦ
2849 807 2959 876 γὰρ
2983 805 3049 860 ἂν
3089 805 3462 877 spariler
3509 808 3816 874 αινεσιν,

2201 897 2567 970 προσάγοντες
2607 915 2697 968 μοι
2729 897 2796 951 τὰ
2822 897 3177 968 χαριστήρια.
3230 896 3346 948 Νῦν
3373 896 3432 950 δὲ
3457 897 3594 967 πρὸς
3621 897 3812 950 εἰδω-

2200 991 2516 1063 λολατρείαν
2584 991 2680 1046 καὶ
2729 993 2911 1046 πᾶσαν
2944 989 3158 1044 ἀδικίαν
3203 989 3543 1063 ἀπέστησαν.
3573 991 3816 1060 Διόπερ

2201 1085 2386 1154 ἔλεγεν
2413 1101 2462 1136 ⁸(
2488 1085 2792 1154 ’Υπέμεινα
2821 1081 2916 1137 τοῦ
2947 1085 3172 1152 ποιῆσαι
3192 1082 3486 1152 σταφυλὴν,
3513 1083 3813 1152 ἐποίησεν

523 815 750 885 ereptis,
779 815 898 882 lege
934 822 1196 882 tanquam
1226 810 1542 882 padagogo,
1591 809 1912 866 moderatus
1949 822 2073 861 sum

521 906 782 976 Alioquin
820 905 964 959 enim
995 903 1190 973 gratiis
1222 901 1361 957 milii
1409 902 1704 972 persolutis
1735 901 1946 956 laudem
1979 917 2097 954 ma-

519 999 880 1070 gni/ictuum,
918 995 1010 1067 qui
1041 1009 1189 1050 nunc
1229 994 1297 1050 ad
1342 994 1735 1058 idolulatriam,
1775 993 2100 1062 sceleraque

519 1091 706 1146 omnia
734 1101 856 1144 sese
897 1094 1312 1142 converterunt.
1339 1084 1528 1156 Itaque
1556 1084 1774 1140 dicebat
1805 1100 1863 1136 ι(
1890 1081 2098 1152 Exspe-

520 1184 665 1241 ctavi
697 1191 757 1239 ut
789 1183 998 1238 iaceret
1027 1197 1229 1248 uvam;
1262 1180 1393 1236 fecit
1422 1190 1606 1235 autem
1642 1178 1830 1248 spinas
1846 1176 1888 1230 ⁸.
1913 1195 1932 1230 ι
1959 1175 2099 1230 Hinc

2202 1179 2254 1230 δὲ
2285 1177 2545 1240 ἀκάνθας.
2585 1197 2603 1230 ι
2634 1176 2796 1231 Ὅθεν
2820 1176 3018 1238 αὐτοὺς
3046 1176 3125 1237 είς
3148 1173 3449 1245 ἀνάμνησιν
3472 1173 3639 1242 φέρει
3677 1174 3811 1226 τῶν

518 1287 572 1332 et
605 1291 668 1331 ea
688 1277 855 1330 etiam
907 1275 1018 1330 illis
1048 1275 1102 1328 in
1131 1273 1449 1329 memoriam
1485 1277 1730 1335 revocat,
1759 1283 1882 1340 quae
1925 1267 2099 1338 patri-

519 1368 622 1422 bus
675 1367 792 1423 suis
849 1367 1222 1438 contigerunt.
1277 1363 1445 1435 573
1489 1362 1602 1433 Ego
1645 1361 1820 1424 enim,
1881 1358 2096 1428 inquit,

517 1460 629 1515 vidi
663 1459 994 1528 impietatem
1017 1473 1234 1512 eorum.
1279 1456 1486 1525 Itirepti
1521 1453 1793 1525 siquidem
1824 1451 1956 1521 [acti
1973 1461 2096 1504 sunt

519 1551 573 1604 in
597 1554 834 1618 prmium
871 1549 1132 1605 hostibus.
1163 1549 1412 1620 Laqueus
1441 1549 1584 1603 enim
1613 1563 1795 1602 eorum
1827 1548 1883 1600 in
1915 1544 2099 1598 cubili-

519 1639 614 1696 ηε
647 1641 856 1711 ubique.
882 1639 950 1693 Et
976 1642 1031 1693 in
1066 1639 1312 1695 domibus
1346 1639 1508 1694 sintut
1550 1637 1942 1694 absconderant
1971 1651 2058 1690 eos
2077 1652 2096 1700 ;

519 1732 650 1787 deus
675 1731 932 1786 nimirum
965 1729 1290 1786 conﬂatiles.

589 1822 693 1892 Qui
733 1826 879 1880 enim
935 1826 1139 1896 pepulo
1181 1822 1687 1895 praterant,palam
1740 1835 1802 1878 se
1847 1836 1916 1877 ex
1962 1819 2098 1890 legis

415 1901 419 1906 ’
521 1917 785 1972 instituto
815 1917 982 1971 vitam
1019 1931 1180 1987 agere
1203 1916 1482 1987 ﬁngebant
1511 1915 1759 1984 quidem,
1787 1913 1884 1971 sed
1913 1913 2098 1968 animo

518 2005 857 2077 impietatem
893 2008 1283 2072 occultabant;
1317 2007 1486 2076 Inque
1512 2006 1804 2060 domorum
1838 2012 2096 2074 penetra-

518 2093 664 2148 libus
700 2093 845 2146 idola
881 2093 1176 2158 habebant,
1200 2107 1323 2162 qius
1345 2093 1622 2147 colebant.
1654 2093 1840 2162 Itaque
1857 2092 1938 2146 sic
1961 2091 2097 2144 Eze-

516 2183 752 2239 cltielum
777 2183 1080 2252 alloquitur
1110 2183 1378 2238 Dominus
1413 2200 1429 2239 :
1471 2201 1490 2234 t
1533 2180 1638 2237 Fili
1669 2183 1932 2246 hominis,
1969 2197 2099 2252 per--

518 2277 661 2342 fora,
697 2277 753 2330 et
785 2274 1064 2346 perforari
1091 2275 1356 2344 parietem
1376 2314 1392 2340 ,
1419 2285 1473 2330 et
1496 2275 1630 2330 vidi.
1662 2274 1728 2329 Et
1761 2285 1892 2330 ecce
1915 2276 2098 2330 omnis

519 2369 820 2425 similitudo
845 2368 1146 2438 reptilis,et
1161 2367 1418 2438 jumeuti,
1442 2377 1497 2424 et
1519 2369 1704 2424 omnia
1729 2369 1875 2424 idola
1899 2369 2098 2424 domus

517 2459 686 2517 Israel
714 2459 995 2530 descripta
1024 2459 1078 2514 in
1102 2475 1169 2515 eo
1191 2460 1421 2516 circum.
1449 2460 1513 2514 Et
1533 2461 1754 2516 dixitad
1783 2477 1869 2517 me
1897 2461 2097 2516 :Certe

518 2551 728 2616 vilisti,
748 2550 822 2606 liii
849 2550 1112 2616 bomiuis,
1133 2543 1201 2606 an
1232 2566 1399 2622 parva
1415 2561 1545 2608 sunt
1562 2552 1748 2608 domui
1772 2553 1963 2620 Israel,
1979 2567 2101 2626 quin

519 2641 730 2699 faciunt
745 2641 1104 2714 singuliclam
1126 2643 1178 2696 iu
1207 2643 1466 2699 cubiculo
1497 2659 1600 2700 suo
1624 2646 1680 2698 ’τ
1699 2664 1718 2697 ι
1746 2644 1877 2701 Inde
1895 2659 1975 2701 est
1998 2647 2106 2718 igi-

522 2743 632 2801 tur,
653 2733 798 2804 quod
823 2747 920 2788 eos
956 2748 1014 2788 se
1046 2733 1100 2786 in
1129 2734 1488 2802 captivitatem
1530 2735 1814 2791 tradidisse
1848 2737 2092 2808 subiicit.

524 2823 568 2880 0
587 2841 634 2881 'o
651 2834 832 2880 autem
857 2825 1166 2891 deserente,
1184 2825 1312 2896 quis
1327 2834 1434 2893 est,
1457 2827 1550 2897 qui
1579 2835 1820 2896 tueatur,
1846 2830 1938 2900 qui
1961 2830 2103 2886 dire-

520 2923 614 2985 pta
628 2925 858 2988 repetat,
875 2931 1004 2972 cum
1021 2915 1252 2970 deorum
1276 2915 1486 2980 nullus,
1505 2929 1648 2986 quos
1671 2917 1778 2987 ipsi
1808 2919 2019 2984 colunt,
2045 2919 2099 2975 id

2198 1273 2312 1334 τοῖς
2377 1271 2616 1342 πατράσι
2663 1267 3106 1338 συμϐεϐηκότων.
3157 1265 3302 1334 Ἐγὼ
3363 1266 3460 1336 μὲν
3487 1267 3600 1336 γὰρ
3637 1259 3810 1318 εῐεον

2197 1366 2294 1428 τὰς
2316 1363 2571 1426 ἀσεϐείας
2597 1361 2800 1416 αὐτῶν.
2837 1359 3012 1415 Αὐτοὶ
3044 1359 3113 1413 δὲ
3151 1355 3581 1428 διηρπασμένα
3603 1361 3809 1428 γετό-

2199 1472 2342 1512 νασι
2392 1455 2483 1522 εἷς
2510 1471 2572 1509 τε
2596 1452 2906 1524 προνομὴν
2937 1451 3058 1518 τοῖς
3106 1449 3359 1520 ἐχθροῖς.
3406 1447 3474 1504 Ἥ
3503 1448 3618 1518 γὰρ
3667 1459 3804 1504 κα-

2201 1549 2315 1620 γίς,
2347 1548 2532 1618 φησὶν,
2658 1543 2784 1610 τοῖς
2845 1543 3122 1612 ταμιείοις
3171 1541 3483 1612 πανταχοῦ
3515 1559 3530 1572 ·
3580 1543 3694 1598 καὶ
3723 1544 3804 1596 ἐν

2199 1617 2392 1705 eum
2452 1637 2572 1708 ἅμα
2608 1617 2884 1705 ἔκρυψαν
2947 1633 3191 1701 αὐτοὺς,
3242 1634 3484 1704 δηλονότι
3513 1635 3646 1698 τοὺς
3672 1654 3798 1706 χω-

2199 1731 2440 1794 νευτούς.

2268 1823 2332 1876 Ol
2357 1821 2466 1890 γὰρ
2483 1818 2774 1891 ἡγούμενοι
2793 1817 2888 1872 τοῦ
2913 1814 3042 1872 λαοῦ
3084 1815 3338 1888 φανερῶς
3369 1816 3470 1886 μὲν
3501 1813 3609 1887 ζῇν
3633 1817 3796 1870 κατὰ

2196 1914 2288 1967 τὸν
2321 1913 2484 1984 νόμον
2515 1911 2861 1977 ὲπλάττοντο,
2889 1911 2949 1964 ὲν
2983 1908 3060 1981 νῷ
3087 1909 3143 1962 δὲ
3165 1907 3266 1980 τὴν
3286 1909 3541 1963 ἀσέϐειαν
3573 1909 3794 1980 ἐγκρυο

2199 2023 2353 2062 πτον.
2410 2005 2523 2059 Kal
2570 2008 2628 2059 ὲν
2671 2005 2844 2067 οῐκοις
2889 2004 3104 2075 ἔχοντες
3153 2002 3446 2074 ἀγάλματα
3488 2000 3673 2072 λάθρα
3727 2003 3796 2055 τὸ

2199 2101 2360 2164 σέϐας
2390 2098 2750 2171 προσέφερον.
2778 2097 2870 2150 Διδ
2899 2097 3035 2166 πρὸς
3074 2094 3334 2165 Ἰεζεκιήλ
3365 2112 3528 2166 φησιν
3559 2097 3590 2150 ό
3621 2096 3792 2158 Θεόςο

2207 2211 2224 2244 ι
2251 2191 2346 2244 Υἱὲ
2367 2187 3015 2262 ἀνθρώπου,όρυξον.1ίαὶ
3035 2183 3221 2257 ὥρυξα
3237 2184 3302 2256 δὴ
3326 2186 3384 2238 ὲν
3406 2183 3484 2254 τῷ
3497 2184 3668 2254 τοίχῳ
3689 2185 3796 2238 καὶ

2198 2279 2354 2338 εἷδον.
2388 2281 2498 2335 Καὶ
2535 2281 2643 2335 ίδοὺ
2661 2281 2811 2333 πᾶσα
2839 2277 3098 2349 ὁμοίωσις
3121 2275 3374 2348 ἑρπετοῦ,
3397 2277 3494 2329 καὶ
3519 2277 3789 2347 κτήνους,

2199 2377 2292 2429 καὶ
2325 2373 2506 2428 πάντα
2535 2373 2604 2428 τὰ
2635 2371 2830 2426 εἴδωλα
2873 2370 3027 2424 οίκου
3072 2369 3291 2441 Ἰσραὴλ
3321 2369 3793 2441 διαγεγραμμένα

2197 2469 2288 2522 ἐπ’
2317 2465 2484 2522 αὐτοῦ
2516 2465 2720 2537 κύκλῳ.
2751 2465 2859 2518 Καὶ
2882 2460 3039 2518 εἶπεν
3059 2465 3194 2536 πρός
3229 2477 3320 2534 με·
3352 2461 3661 2535 Ἑώρακας,
3700 2467 3794 2518 υἱὲ

2198 2557 2508 2632 ἀνθρώπου.
2560 2557 2653 2628 Μὴ
2701 2558 2872 2629 μικρὰ
2925 2557 3004 2628 τῷ
3057 2557 3190 2626 οἴκῳ
3223 2544 3441 2627 Ἰσραὴλ
3465 2555 3501 2610 ἀ
3527 2556 3796 2610 ποιοῦσιν

2199 2651 2428 2714 ἕκαστος
2449 2651 2508 2705 ἐν
2523 2649 2600 2721 τῷ
2617 2648 3024 2704 κοιτῶνιαῦτῶν
3049 2647 3128 2718 τῷ
3147 2648 3377 2720 κρυπτῷ
3395 2665 3409 2714 ;
3431 2667 3450 2699 ι
3483 2647 3568 2702 διό
3592 2665 3794 2720 φησιν,

2201 2743 2409 2807 Αὐτοὺς
2455 2745 2534 2809 εις
2570 2742 2992 2811 αιχμαλωσιαν
3033 2741 3364 2809 παρέδωκα.
3393 2741 3530 2795 Θεοῦ
3558 2741 3616 2795 δὲ
3647 2759 3796 2811 προ-

2198 2837 2398 2902 δόντος,
2433 2836 2517 2900 τίς
2548 2834 2618 2890 ἂν
2641 2835 2888 2906 προέστη
2907 2833 2975 2888 τὰ
2997 2833 3414 2904 διηρπασμένα
3469 2836 3800 2904 πραττόμετ

2200 2945 2308 2994 νος,
2360 2927 2587 3000 μηδενὸς
2637 2925 2798 2980 τοῦτο
2868 2925 3130 2996 πράττειν
3155 2925 3456 2994 δυναμένου
3481 2921 3593 2978 τῶν
3629 2943 3798 2996 νομι-

525 3015 788 3076 ρτεειαιθ
809 3007 1021 3062 valeat?
1050 3005 1357 3061 Prudenter
1375 3016 1622 3062 autemet
1653 3009 1950 3065 commode
1972 3025 2096 3066 cum

2207 3003 2440 3070 σθέντὶον
2486 3015 2656 3087 θεῶν];
2684 3006 3044 3086 οίκονομικῶς
3063 3015 3121 3068 δὲ
3147 3015 3285 3084 μετὰ
3335 3016 3434 3087 τὴν
3469 3015 3580 3068 τῶν
3610 3016 3796 3070 ἐθνῶν

525 3107 648 3171 post
676 3099 920 3170 gentium
958 3099 1301 3153 vocationem
1341 3097 1623 3156 Israelitas
1649 3100 1858 3171 eiiciat,
1879 3117 2102 3158 causam

525 3205 644 3244 eam
671 3189 918 3253 adducit,
948 3202 1112 3259 quam
1140 3197 1199 3244 et
1223 3188 1403 3245 Moses
1431 3190 1550 3260 ipse
1577 3191 2104 3258 demonstravit,ubi

525 3283 602 3336 ait
641 3299 656 3336 :
714 3297 733 3330 ι
785 3279 890 3350 Ipsi
939 3282 1006 3334 ad
1054 3281 1459 3336 aemulationem
1511 3296 1598 3336 me
1641 3295 2102 3353 provocaverunt,

527 3383 788 3442 tanquam
823 3374 968 3430 Deus
1001 3388 1112 3427 non
1143 3388 1362 3442 essem;
1389 3389 1491 3444 ego
1523 3385 1706 3430 autem
1729 3391 1826 3433 eos
1842 3393 2107 3450 provoca-

527 3469 618 3531 bo,
655 3474 916 3536 tanquam
958 3479 1096 3536 gens
1137 3477 1246 3521 non
1293 3467 1366 3521 sit
1413 3468 1454 3522 ⁸.
1490 3485 1511 3518 υ
1561 3465 1625 3522 Et
1649 3468 1858 3524 David:
1899 3489 1918 3521 ι
1961 3469 2104 3525 Exa-

526 3558 892 3615 cerbaverunt
936 3573 1061 3634 eum
1103 3557 1156 3612 in
1191 3558 1448 3615 ﬁctilibus
1473 3559 1591 3616 suis
1616 3561 1658 3628 ’,
1698 3579 1721 3614 ι
1770 3569 1824 3617 et
1853 3578 1975 3634 quae
2013 3579 2102 3618 se-

525 3661 794 3722 quuntur.
819 3649 963 3706 Sunt
1000 3629 1188 3720 itaque
1215 3651 1514 3720 diligenter
1547 3629 2101 3711 animorum'ritandi

527 3744 722 3816 laquei,
755 3759 826 3801 ne
871 3745 1078 3801 nostris
1118 3745 1226 3814 ipsi
1259 3744 1654 3815 cupiditatibus
1687 3747 1857 3818 capti,
1897 3747 2098 3804 daemo-

526 3839 636 3894 niis
676 3839 730 3893 in
784 3837 1146 3908 depastionem
1179 3837 1490 3905 tradamur,
1537 3837 1696 3908 juxta
1745 3840 1878 3895 illud
1921 3857 1936 3895 :
1981 3860 2000 3892 ι
2045 3839 2100 3896 Si

527 3931 756 4000 spiritus
797 3930 1136 3985 dominantis
1183 3931 1238 3983 in
1289 3937 1343 3984 te
1395 3930 1679 3996 ascendat,
1734 3930 1914 3984 locum
1945 3939 2100 3984 tuum

525 4037 594 4077 ne
617 4023 841 4077 deseras
871 4022 937 4077 ³⁸.
975 4041 993 4074 ι
1023 4019 1249 4087 Deinde,
1292 4029 1555 4092 tauquam
1593 4022 1660 4074 ad
1699 4027 1891 4076 surdos
1924 4022 2106 4092 loque-

524 4121 698 4176 retur,
717 4111 1134 4167 etauditoribus
1159 4121 1397 4178 careret,
1423 4112 1558 4182 ipsis
1583 4111 2101 4169 auditoribusdicit:

525 4203 660 4270 Quis
691 4204 846 4258 estin
876 4205 1042 4269 vobis,
1071 4206 1161 4274 qui
1190 4203 1302 4258 Ιιαιο
1329 4204 1517 4258 audiat
1538 4205 1564 4258 .’
1599 4203 1713 4259 Etsi
1743 4205 1890 4260 enim
1918 4219 2100 4259 rerum

521 4301 754 4350 eventus
783 4295 1026 4349 nendum
1063 4302 1289 4349 secutus
1321 4303 1426 4358 est,
1455 4304 1609 4349 certo
1628 4303 1810 4349 tamen
1843 4293 1896 4347 in
1922 4301 2102 4364 poste-

2205 3108 2418 3178 κλῆσιν,
2470 3105 2568 3178 τὴν
2617 3105 2796 3162 αίτίαν
2859 3103 2966 3175 ἔφη
2996 3105 3096 3176 τῆς
3134 3105 3408 3178 ἀποϐολῆς
3449 3107 3690 3179 Ἰσραὴλ,
3719 3110 3796 3180 ἦν

2203 3199 2381 3270 δηλῶν
2433 3198 2587 3266 ἔλεγε
2628 3197 2854 3268 Μωσῆς·
2891 3215 2910 3248 ι
2941 3185 3114 3250 Αὐτοῖ
3164 3196 3564 3268 παρεξήλωσάν
3592 3217 3660 3270 με
3693 3202 3791 3252 ἐπ’

2202 3292 2264 3346 οὐ
2289 3291 2430 3360 Θεῷ,
2485 3289 2641 3359 κάγὼ
2670 3289 3050 3361 παραζηλώσω
3076 3289 3272 3356 αὐτοὺς
3306 3291 3394 3343 ἐπ’
3423 3291 3527 3345 οὐκ
3564 3292 3733 3348 ἔθνει.
3762 3315 3780 3344 ι

2205 3385 2316 3438 Καὶ
2356 3383 2522 3438 Δαϐὶδ
2551 3383 2608 3437 δέ
2641 3398 2797 3454 φησι·
2838 3401 2856 3433 i
2883 3381 3310 3453 Παρεπίκραναν
3369 3382 3532 3438 αὐτὸν
3571 3381 3632 3438 ἐν
3667 3389 3792 3450 τοῖς

2202 3477 2460 3546 γλυπτοῖς
2519 3475 2718 3540 αὐτῶν,
2743 3493 2762 3526 ι
2799 3475 2895 3529 καὶ
2946 3474 3016 3529 τὰ
3065 3473 3216 3544 ἑξῆς.
3265 3473 3355 3529 Διδ
3385 3473 3652 3546 φευκτέον
3682 3478 3786 3543 τὰς

2202 3567 2346 3622 κατά
2379 3567 2506 3622 νοῦν
2537 3564 2817 3636 παγίδας,
2851 3565 2938 3618 ἵνα
2984 3564 3059 3636 μὴ
3073 3564 3294 3635 δαίμοσι
3325 3565 3613 3637 γενώμεθα
3641 3583 3789 3637 προς

2201 3661 2380 3730 νομὴ,
2413 3659 2504 3712 διὰ
2529 3659 2637 3713 τῶν
2667 3659 2728 3712 ὲν
2753 3659 2886 3728 ἡμῖν
2917 3656 3253 3727 κινουμένων
3273 3658 3481 3723 παθῶν,
3517 3659 3659 3712 κατὰ
3679 3661 3742 3713 τό
3765 3677 3780 3692 ·

2209 3773 2228 3808 ι
2261 3754 2388 3808 Ἐὰν
2441 3751 2660 3822 πνεῦμα
2722 3750 3129 3815 ὲξουσιάζοντος
3161 3749 3338 3822 ἀναϐῇ
3380 3751 3473 3804 ἐπὶ
3501 3751 3579 3815 οὲ,
3613 3751 3782 3804 τόπον

2203 3863 2297 3900 σου
2326 3845 2404 3916 μὴ
2425 3845 2589 3916 ἀφῇς.
2619 3861 2638 3896 ι
2689 3838 2844 3908 Εἶτα,
2877 3839 3176 3912 ἐπειδήπερ
3212 3841 3288 3904 ὡς
3319 3841 3542 3910 κωφοῖς
3573 3842 3776 3908 ἐλάλει,

2201 3937 2424 4008 ἀπορῶν
2446 3935 2733 4008 ἀκροατῶν
2761 3936 2820 3988 ἐν
2845 3935 3030 3996 αὐτοῖς
3053 3933 3223 4002 λέγει*
3266 3934 3442 4000 Τίς-ὲν
3472 3935 3616 4005 ὑμῖν
3638 3935 3781 3988 ἐνω-

2200 4027 2407 4086 τιεῒται
2434 4029 2622 4082 ταῦτα
2641 4043 2659 4090 ;
2675 4027 2738 4079 Ei
2761 4026 2872 4096 γὰρ
2889 4024 2984 4078 καὶ
3000 4028 3168 4096 μήπω
3191 4025 3428 4096 πάρεστι
3449 4025 3560 4080 τῶν
3591 4043 3778 4095 πραγ-

2207 4121 2392 4192 μάτων
2445 4121 2481 4191 ἠ
2512 4117 2759 4181 ἔκϐασις,
2813 4115 2926 4170 ἀλλ’
2971 4116 3030 4169 ὲν
3051 4115 3162 4179 τοῖς
3214 4115 3461 4168 ἐπιοῦσιν
3531 4118 3778 4170 ἐπιτελε-

2201 4211 2463 4282 σθήσεται
2521 4210 2776 4281 χρόνοις·
2810 4208 2894 4272 τίς
2949 4202 3043 4261 οὖν
3102 4205 3410 4279 ζητήσειτὸ
3439 4210 3614 4263 αἴτιον
3668 4205 3782 4278 τῆς

2202 4300 2532 4372 διαρπαγῆς
2563 4298 2654 4354 τοῦ
2716 4298 2871 4364 λαοῦ,
2920 4297 3062 4352 ὥστε
3110 4299 3286 4352 εἰπεῖν
3311 4298 3396 4364 τδ,
3432 4300 3527 4366 Τίς
3554 4299 3782 4355 ἔδωκεν

523 4400 644 4439 rum
670 4399 736 4440 ea
766 4385 883 4455 ipsa
917 4386 1102 4440 I'utura
1133 4391 1286 4440 sunt.
1309 4382 1447 4450 Quis
1476 4385 1646 4452 igitur
1677 4400 1898 4440 causam
1951 4385 2096 4440 dire-

2202 4395 2250 4448 εί
2259 4414 2290 4460 ς
2347 4387 2688 4459 διαρπαγὴν
2723 4385 2973 4451 Ἰακώ6;
2998 4386 3170 4448 οὐδεὶς
3195 4385 3252 4439 δὲ
3277 4384 3438 4439 τοῦτο
3471 4387 3776 4458 πέπρακεν,

527 4479 726 4545 ptionis
749 4479 934 4548 populi
977 4479 1051 4533 ita
1081 4486 1309 4548 quaeret,
1355 4485 1414 4531 ut
1451 4477 1598 4532 dicat
1641 4495 1656 4532 :
1687 4478 1819 4544 Quis
1857 4478 2001 4533 dedit
2045 4479 2100 4533 in

519 4570 866 4639 direptionem
881 4568 1092 4624 Jacob?
1122 4568 1376 4624 Nondum
1391 4569 1539 4624 enim
1569 4569 1620 4624 id
1654 4571 1945 4642 quisquam
1975 4571 2102 4626 fecit

519 4668 718 4730 praeter
765 4658 918 4712 illum
951 4659 1007 4712 in
1041 4673 1193 4728 quem
1220 4668 1587 4726 peccauerunt,
1623 4662 1680 4714 in
1714 4662 1969 4730 cujusque
2000 4661 2101 4716 viis

520 4749 795 4805 ambulare
847 4749 1148 4804 noluerunt.
1199 4745 1394 4805 Vocati
1445 4753 1591 4806 enim
1643 4752 1710 4807 ad
1754 4753 2101 4824 evangelicas

521 4843 654 4909 uias,
687 4857 791 4895 non
819 4841 1192 4896 auscultartmt
1223 4858 1241 4896 .'
1269 4857 1448 4912 neque
1489 4852 1766 4898 recentem
1805 4844 1968 4914 legem
1996 4861 2097 4898 au-

519 4936 634 4990 dire
660 4933 947 4988 voluerunt
975 4949 991 4999 ;
1017 4933 1162 4988 unde
1192 4931 1360 5006 479
1382 4932 1580 4987 bellum
1609 4934 1664 4988 in
1683 4950 1773 4988 eos
1795 4935 2098 5004 pravaluit.

519 5025 661 5082 Olim
693 5026 840 5080 enim
875 5023 1010 5080 bello
1033 5026 1218 5094 aliquo
1252 5040 1430 5095 usque
1477 5028 1670 5089 vexati,
1705 5027 1783 5082 ita
1811 5041 1872 5082 se
1917 5035 2102 5084 tamen

522 5121 900 5188 repararunt,
939 5125 1002 5170 ut
1053 5125 1108 5170 et
1135 5115 1354 5179 urbem,
1400 5124 1456 5169 et
1505 5117 1768 5186 templum
1789 5116 1956 5171 etiam
2019 5117 2105 5170 iu-

519 5217 765 5266 staurata
793 5209 1060 5264 baberent
1093 5225 1107 5264 :
1131 5217 1186 5262 at
1215 5224 1366 5262 nunc
1394 5221 1459 5263 ex
1483 5223 1597 5279 quo
1627 5209 1771 5279 pulsi
1799 5215 1954 5274 sunt,
1975 5219 2098 5263 tau-

520 5309 635 5356 tutn
664 5301 917 5356 adversus
945 5316 1034 5355 eos
1074 5299 1376 5354 animorum
1409 5299 1605 5354 bellum
1635 5299 1898 5367 invaluit,
1935 5309 1994 5353 ut
2032 5315 2100 5356 ne

522 5394 588 5449 ad
615 5392 883 5448 malorum
922 5391 1146 5464 quidem
1178 5393 1410 5448 istorum
1447 5407 1675 5448 causam
1712 5391 2022 5446 advertant.

2197 4485 2231 4556 ἢ
2261 4481 2424 4545 αὒτδς
2448 4475 2498 4548 ᾧ
2525 4477 2899 4549 ἠμάρτοσαν,
2922 4481 3021 4531 καί
3057 4478 3168 4530 οὐκ
3189 4475 3512 4532 ἐϐούλοντο
3547 4477 3619 4531 ἐν
3649 4478 3780 4546 ταῖς

2199 4575 2362 4642 ὁδοῖς
2405 4573 2594 4629 αὑτοῦ
2623 4571 3004 4640 πορεύεσθαι.
3040 4569 3384 4640 Καλούμενοι
3427 4570 3537 4641 γὰρ
3564 4573 3644 4634 είς
3679 4573 3777 4636 τὰς

2199 4665 2562 4736 εὐαγγελικὰς
2621 4662 2823 4728 ὀδοὺς.
2867 4663 2983 4731 οὐχ
3025 4659 3342 4728 ὑπήκουον
3374 4678 3390 4692 ο
3419 4662 3538 4714 οὐδὲ
3560 4661 3655 4716 τοῦ
3679 4665 3777 4732 τῆς

2201 4760 2410 4829 Καινῆς
2433 4756 2710 4827 Διαθήκης
2739 4753 2985 4808 ἀκούειν
3034 4753 3226 4826 ἤθελον
3267 4756 3482 4824 νόμου.
3510 4755 3602 4808 Διὸ
3641 4772 3783 4808 κατα

2203 4853 2462 4921 ἰσχυσεν
2479 4847 2572 4902 ἐπ’
2601 4844 2823 4911 αὐτοὺς
2846 4845 3132 4915 πόλεμος.
3168 4841 3342 4898 Πάλαι
3377 4845 3476 4914 μὲν
3508 4845 3616 4916 γὰρ
3641 4845 3781 4916 πρὸς

2202 4942 2394 5013 καιρόν
2408 4956 2531 4992 τινα
2571 4936 3030 5006 πολεμούμενοι,
3064 4930 3220 4998 αὖθις
3251 4934 3629 5003 ἀνελάμϐανον
3663 4938 3786 4988 tau-

2203 5035 2351 5096 τοὺς,
2373 5033 2449 5094 ὡς
2476 5030 2572 5084 καὶ
2620 5029 2721 5098 τὴν
2764 5025 3138 5098 Ἰερουσαλὴμ,
3177 5026 3272 5078 καὶ
3291 5025 3356 5079 τδ
3379 5027 3439 5081 ὲν
3467 5027 3605 5096 αὐτῇ
3653 5044 3786 5080 συν-

2205 5126 2425 5178 εστάναι
2455 5120 2742 5192 βασίλειον.
2776 5117 2891 5170 Νῦν
2919 5117 3006 5182 δὲ,
3035 5117 3121 5170 ὅτε
3179 5113 3349 5181 ἔξωθε
3377 5114 3425 5182 i,
3480 5117 3577 5170 καὶ
3601 5119 3636 5170 ὁ
3665 5115 3786 5170 τῶν

2205 5211 2426 5284 ψυχῶν
2441 5208 2780 5274 ἐπάὺτοὺς
2831 5208 3160 5276 κατίσχυκε
3187 5209 3472 5273 πόλεμος,
3530 5206 3626 5260 καὶ
3677 5205 3786 5260 τῶν

2209 5306 2394 5363 κακῶν
2421 5303 2627 5358 τούτων
2652 5302 2753 5354 οὐκ
2777 5299 3090 5368 ἐλογίσαντο
3113 5297 3210 5370 τὴν
3239 5297 3439 5352 αἰτίαν.

597 5509 618 5538 ⁸
646 5501 751 5558 lsa.
775 5520 850 5570 ιι,
882 5507 937 5559 4.
1012 5506 1032 5536 ⁷
1065 5503 1263 5560 Ezech.
1297 5518 1415 5572 vut,
1441 5505 1598 5560 8-10.
1675 5504 1697 5536 ⁸
1727 5503 1888 5559 Deut.
1935 5519 2099 5572 suit,

2209 5507 2256 5560 I.
2331 5506 2353 5536 ’
2383 5501 2534 5564 Psal.
2573 5514 2779 5566 Lxxvtt,
2821 5498 2909 5554 40.
2993 5499 3036 5530 ¹⁰
3087 5496 3271 5552 Eccle.
3314 5511 3370 5562 ι,
3409 5497 3466 5553 ι.

1745 5649 1753 5655 -
1791 5621 2016 5677 νΑΙὶΙᾸί
2050 5619 2456 5679 LECTIONES.

589 5689 606 5742 ἱ
641 5692 725 5744 ἳσ.
756 5689 1098 5760 ἐξώσθησαν.
