3946 6306
228 254 390 319 238i

1357 254 1889 316 COMMENTARII
1926 253 2005 315 IN
2046 253 2328 314 ISAIA‘M.

3373 257 3513 320 238‘!

325 363 485 425 Τινὲς
511 362 567 415 δὲ
596 364 688 415 καὶ
721 363 892 417 ταῦτα
921 364 1080 418 πάλιν
1133 365 1223 417 ἐπὶ
1274 366 1372 436 τῆς
1406 367 1491 418 ἐπ’
1536 367 1838 436 Ἀσσυρίων

2012 364 2269 419 Nonnulli
2305 381 2431 419 vero
2477 373 2530 420 et
2581 366 2698 423 luce
2739 369 2902 423 etiam
2953 369 3018 424 ad
3051 385 3190 432 eam,
3236 387 3398 440 quam
3445 373 3514 425 ab

233 455 511 514 ἁλώσεως
561 453 770 516 ἔλαϐον,
805 455 856 507 οἳ
886 457 978 509 καὶ
1006 457 1063 509 to
1097 459 1194 524 μὲν
1245 457 1518 520 ἀκούειν,
1574 459 1633 510 τὸ
1655 456 1838 527 ιψιλῶς

239 546 565 618 ἀκροᾶσθαί
612 562 763 614 φασι.
804 548 876 599 Τὸ
902 548 957 600 δὲ
989 549 1409 616 ὲνωτίσασθαι,
1442 551 1502 603 τὸ
1532 553 1598 620 τῇ
1631 549 1840 619 διανοίᾳ

239 637 733 708 παραπέμψασθαι
759 638 914 706 λόγον
945 639 1232 709 ἐμφρόνως
1264 641 1582 705 ἀκούοντας,
1622 640 1839 702 ὁποίους

237 730 352 781 νῦν
379 729 656 799 ἀκροατὰς
678 731 705 782 ὁ
724 730 1014 800 προφήτης
1037 730 1210 800 ζητεῖ,
1234 731 1373 784 κατά
1398 729 1613 784 Παῦλον
1636 730 1839 790 εἰδότας

235 821 338 873 ὅτι
399 819 645 881 τυπικῶς
697 821 929 883 ἐκείνοις
981 822 1317 886 συνέϐαινεν,
1374 821 1588 890 ἐγράφη
1619 821 1673 872 δὲ
1705 819 1841 891 πρὸς

236 914 543 967 νουθεσίαν
595 913 775 982 ἡμῶν,
803 915 953 977 ὅπως
1004 914 1070 967 ἂν
1101 914 1160 967 τὸ
1187 917 1297 978 τοῖς
1328 915 1462 978 ῐσοις
1504 914 1709 966 ἁλῶναι
1736 931 1839 982 φυ-

239 1005 559 1070 λάξωνται.
623 1006 710 1058 Ἐν
759 1008 992 1076 ὲμφάσει
1041 1006 1097 1060 δέ
1147 1023 1330 1077 φησιν,
1379 1007 1458 1059 ὅτι
1497 1004 1842 1074 παρέδωκεν

256 1098 574 1161 Ἰακὼ6,ὃν
604 1097 662 1164 ἐξ
691 1098 966 1166 Αἰγύπτου
1009 1099 1265 1152 διέσωσεν
1314 1100 1452 1168 ὑπὲρ
1498 1094 1558 1153 οῦ
1604 1096 1841 1151 τοσαῦτα

245 1191 381 1242 κατ’
407 1189 618 1260 ἐχθρῶν
638 1189 852 1256 ἐγένετο
879 1188 1158 1258 θαύματα.
1189 1190 1291 1242 Τὸν
1315 1190 1411 1243 οὖν
1435 1189 1663 1243 είωθότα
1684 1191 1840 1259 νικᾷν

247 1279 354 1342 τίς
391 1279 689 1331 ὑποπεσεῖν
743 1279 971 1346 ἐποίησε
1006 1281 1118 1341 τοῖς
1179 1279 1411 1349 ἐχθροῖς,
1442 1281 1534 1332 καὶ⁹
1562 1280 1649 1332 διὰ
1681 1281 1840 1332 ποίαν

247 1373 440 1424 αἰτίαν
467 1389 481 1435 ;
510 1374 542 1440 ἡ
566 1371 622 1424 δὲ
652 1371 748 1424 τοῦ
775 1375 866 1438 τίς
894 1374 1180 1443 ἐρώτησις,
1211 1372 1499 1442 ὁμολογίαν
1521 1372 1634 1442 ἔχει
1667 1371 1836 1440 σαφῆ,

249 1461 336 1523 ὡς
370 1462 500 1525 Θεὸς
528 1465 555 1515 ὁ
583 1463 806 1533 δράσας,
841 1463 954 1517 ἀνθ’
981 1457 1055 1516 ὧν
1088 1464 1250 1517 αὐτὸν
1281 1463 1659 1530 ἐγκατέλιπον.
1697 1464 1841 1533 Πλὴν

249 1551 379 1604 δέον
406 1552 601 1616 αὐτοὺς
640 1553 714 1623 μὴ
740 1555 1025 1624 ἁμαρτεῖν,
1086 1554 1212 1606 οὐδὲ
1243 1553 1509 1616 παθόντες
1556 1553 1841 1624 ἐνουθετή-

251 1643 454 1713 Θησαν.
493 1643 570 1696 Δι’
597 1643 689 1707 οὓς
727 1645 992 1716 Ἱερεμίας
1023 1645 1156 1714 φησί
1181 1660 1194 1674 ⁸
1223 1664 1240 1696 ι
1271 1644 1469 1716 Κύριε,
1491 1647 1538 1696 oi
1571 1645 1840 1715 ὀφθαλμοί

1942 455 2188 524 Assyriis
2239 457 2385 524 passi
2442 464 2604 520 sunt,
2653 461 3115 527 expugnationem
3163 461 3511 526 retulerunt;

1943 545 2106 600 iidem
2154 547 2340 599 audire
2390 547 2714 615 simpliciter
2768 565 2866 619 pro
2918 551 3228 605 auscultarc
3272 551 3513 620 positum

1942 638 2317 701 arbitrantur;
2377 637 2595 690 auribus
2653 641 2852 693 autem'
2888 644 3185 709 percipere,
3241 656 3337 709 pro
3393 657 3516 711 qua

1943 728 2184 783 audieris
2219 737 2400 782 mente
2431 729 2731 797 prudenter
2766 731 2975 800 agitare
3017 735 3208 801 quales
3241 747 3386 786 nunc.
3417 747 3515 786 au-

1940 817 2149 872 ditores
2183 817 2446 886 propheta
2478 819 2740 887 postulat,
2794 821 2913 888 qui,
2944 820 3102 889 juxta
3157 821 3386 874 Paulum
3447 823 3513 883 “,

1942 907 2120 961 sciant
2175 907 2356 960 omnia
2410 910 2464 961 in
2521 908 2692 977 ﬁgura
2745 909 2854 964 illis
2907 911 3206 980 contigisse
3250 929 3266 966 :
3312 912 3514 980 scripta

1943 1005 2123 1050 autem
2155 1011 2281 1052 esse
2317 997 2370 1051 in
2406 997 2836 1052 admonitionem
2867 1009 3136 1067 nostram,
3177 1007 3240 1055 ut
3287 1009 3516 1054 caveant

1945 1105 2011 1143 ne
2043 1106 2072 1142 a
2105 1090 2384 1144 similibus
2416 1091 2788 1160 decipiantur.
2846 1092 3166 1162 Einphatice
3199 1102 3379 1147 autem
3407 1091 3512 1145 Ja-

1942 1178 2034 1231 cob
2069 1179 2250 1248 ipsum
2286 1181 2574 1232 tradidisse
2598 1181 2754 1244 dixit,
2786 1183 2878 1249 qui
2907 1182 3162 1235 eumdem
3189 1197 3255 1236 ex
3278 1180 3513 1251 Egypto

1941 1278 2188 1337 ereptum
2240 1271 2495 1331 servarit,
2547 1271 2778 1338 ejusque
2815 1271 3038 1325 nomine
3091 1279 3170 1323 tot
3225 1270 3278 1322 iu
3331 1271 3517 1324 hostes

1942 1367 2193 1429 portenta
2245 1359 2502 1414 ediderit.
2550 1358 2682 1424 Quis
2737 1375 2860 1416 eum
2887 1362 3072 1429 igitur,
3113 1361 3207 1430 qui
3234 1368 3352 1414 erat
3396 1361 3516 1414 vin-

1942 1465 2066 1504 cere
2103 1450 2326 1514 solitus,
2379 1450 2629 1506 hostibus
2678 1451 2954 1520 subjecit;
3002 1466 3190 1521 quaeve
3225 1451 3387 1520 hujus
3435 1452 3515 1504 rei

1942 1542 2202 1595 occasio?
2227 1542 2293 1594 At
2319 1543 2466 1597 enim
2492 1544 2626 1598 satis
2660 1545 2819 1598 docet
2853 1543 3225 1613 interrogandi
3249 1543 3515 1613 particula

1945 1634 2050 1687 ista
2091 1633 2198 1686 illis
2226 1633 2411 1688 omnia
2436 1633 2546 1688 Deo
2578 1643 2807 1689 auctore
2838 1636 2907 1688 ob
2935 1635 2986 1689 id
3015 1636 3334 1706 contigisse,
3371 1635 3514 1703 quod

256 1751 358 1788 σου
397 1737 474 1795 εἰς
507 1735 707 1788 πίστιν.
755 1735 1172 1806 Ἐμαστίγωσας
1199 1736 1414 1800 αὐτοὺς,
1450 1737 1543 1788 καὶ
1566 1738 1666 1788 οὐκ
1715 1737 1839 1805 ὴθέ-

1946 1724 2197 1778 eumdem
2235 1725 2597 1794 reliquerunt.
2648 1724 2754 1780 Sed
2800 1741 2900 1782 eos
2933 1742 3038 1782 non
3077 1741 3331 1795 peccasse
3365 1727 3516 1796 prius

242 1827 432 1894 -λησαν
491 1826 744 1889 δέξασθαι
776 1827 1043 1880 παιδείαν.
1083 1845 1101 1878 ›
1133 1828 1222 1880 Διὸ
1247 1829 1343 1880 καὶ
1374 1827 1624 1894 λέγοντος
1676 1826 1839 1880 αὐτοῦ

251 1918 372 1977 τοῖς
427 1915 828 1985 ὑπολειφθεῖσιν
855 1919 917 1971 ἐκ
959 1919 1060 1991 τῆς
1123 1916 1374 1982 ἁλώσεως
1430 1918 1504 1988 μὴ
1561 1917 1841 1971 κατελθεῖν

247 2005 342 2065 εἰς
396 2003 489 2073 τὴν
522 2003 818 2071 Αἴγυπτον,
847 2008 901 2058 αἱ
927 2005 1133 2060 τούτων
1194 2009 1450 2075 γυναῖκες
1495 2007 1840 2078 ἀναισθήτως

247 2093 481 2163 ἔχουσαι
511 2097 608 2164 τῆς
657 2097 851 2166 ὀργῆς,
915 2099 1092 2151 team
1122 2116 1137 2130 -
1163 2100 1276 2152 Οὐκ
1307 2099 1596 2153 ἀπέστειλέ
1638 2116 1694 2152 σε
1727 2099 1836 2151 ιω-

249 2199 400 2254 ριος.
430 2187 819 2257 Προσέφασκον
838 2188 913 2255 δὲ,
952 2189 1166 2259 Ἐπειδὴ
1191 2190 1501 2261 διελίπομεν
1535 2191 1837 2263 θύουσαιτῇ

253 2273 550 2348 βασιλίσσῃ
599 2277 694 2330 τοῦ
723 2279 976 2350 οὐρανοῦ,
1037 2282 1365 2351 κατείληφεν
1393 2285 1542 2353 ἡμᾶς
1572 2282 1640 2336 τὰ
1667 2285 1833 2336 κακά.

249 2364 448 2428 Οὕτως
486 2368 828 2439 ἀναισθήτως
880 2366 1052 2440 εἶχον,
1105 2373 1588 2441 κατισχύσαντος
1640 2373 1840 2427 αὐτῶν

253 2457 368 2510 τοῦ
397 2458 688 2528 πολέμου,
709 2461 806 2514 καὶ
828 2459 958 2535 τῶν·¹
978 2463 1178 2526 κύκλῳ
1205 2463 1708 2532 καταφλετόντων
1731 2465 1837 2516 αὺ-

256 2551 421 2614 τούς·
455 2550 544 2612 Ὣς
591 2551 685 2603 καὶ
740 2550 973 2622 ἀλλαχοῦ
1029 2570 1192 2620 φησιν
1226 2553 1254 2604 ὀ
1285 2551 1477 2622 παρὼν
1530 2554 1833 2622 προφήτης

261 2657 283 2690 ε
299 2641 362 2692 Ai
382 2641 561 2704 πόλεις
579 2643 730 2712 ὑμῶν
753 2643 1132 2712 πυρίκαυστοι.
1150 2661 1166 2692 ι
1183 2645 1248 2696 "A
1275 2644 1339 2713 δή
1365 2660 1498 2713 φησι
1527 2643 1621 2695 νῦν
1643 2645 1838 2705 αὐτοὺς

256 2731 614 2794 πεπονθέναι,
665 2734 764 2785 οὐκ
800 2733 1196 2803 ἀσθενήσαντος
1239 2732 1432 2796 σώζειν
1477 2735 1675 2796 αὐτοὺς
1735 2733 1832 2785 τοῦ

256 2819 420 2874 Θεοῦ.
467 2820 628 2892 Δηλοῖ
656 2822 802 2876 δὲτὰ
833 2823 1115 2892 φθάσαντα
1156 2823 1430 2893 θαύματα.
1474 2824 1613 2876 Ἀλλ’
1669 2825 1837 2877 esset:

260 2909 787 2984 δικαιοπραγοῦντες
833 2913 1187 2976 πεπόνθασιν,
1248 2913 1364 2966 ἀλλ’
1413 2893 1494 2967 61‘.
1523 2914 1614 2968 τὸν
1654 2917 1838 2977 αὐτοῖς

257 3000 487 3054 δοθέντα
535 3004 700 3072 νόμον
746 3004 1086 3074 παρέϐησαν.
1121 3007 1184 3059 Ὃ
1217 3005 1292 3076 μὴ
1321 3005 1591 3069 νοοῦντες,
1628 3006 1839 3074 ἐμείναο

256 3106 343 3157 τε,
374 3095 528 3163 φησὶ,
556 3097 667 3158 τοῖς
695 3080 1279 3167 δεινοῖςσυνεχόμενοι.

1942 1817 2213 1886 οροτιιιίι,
2259 1832 2328 1871 ne
2383 1828 2732 1886 peccatorum
2768 1818 2976 1872 ultione
3004 1819 3070 1872 ad
3103 1818 3312 1888 frugem
3364 1832 3518 1871 revo-

1943 1909 2056 1959 cari
2112 1921 2170 1960 se
2202 1899 2256 1959 ei"
2287 1907 2488 1976 corripi
2538 1922 2647 1961 non
2693 1907 2984 1974 dolerent;
3020 1921 3251 1976 quorum
3300 1906 3519 1960 nomine

1944 1998 2024 2051 sie
2043 1997 2286 2067 loquitur
2313 1997 2620 2053 Jercmias:
2659 2019 2678 2050 ι
2711 1998 2959 2060 Domine.
2981 2000 3126 2053 oculi
3149 1999 3228 2053 tui
3253 1999 3307 2052 in
3334 1997 3514 2053 tidem.

1943 2087 2256 2156 Flagellasti
2305 2105 2423 2155 eos,
2483 2099 2537 2145 et
2605 2092 2902 2146 noluerunt
2959 2073 3212 2160 amplecti
3272 2089 3516 2159 discipli-

1943 2193 2067 2232 nam
2101 2181 2165 2232 ".
2196 2197 2214 2230 ι
2243 2180 2420 2249 Atque
2451 2181 2578 2234 hinc
2611 2191 2717 2244 est,
2746 2181 2890 2250 quod
2924 2196 3046 2234 cum
3079 2181 3166 2240 iis.
3199 2181 3314 2250 qui,
3349 2194 3513 2247 expu-

1941 2279 2108 2340 gnata
2137 2272 2362 2327 civitate
2391 2283 2794 2335 remanserant,
2845 2289 2912 2327 ne
2960 2274 3013 2326 in
3045 2272 3338 2342 Aigyptum
3392 2271 3517 2326 des-

1942 2361 2263 2426 cenderent,
2285 2361 2426 2417 idem
2458 2364 2754 2429 suaderet;
2783 2364 3100 2419 eorumdem
3123 2363 3519 2432 uxoresimpo-

1945 2455 2078 2508 tenti
2117 2453 2300 2508 furore
2335 2455 2577 2524 percitae,
2613 2472 2641 2508 a
2692 2454 2925 2510 Domino
2951 2456 3180 2512 missum
3237 2469 3343 2508 non
3395 2469 3520 2508 esse

1939 2545 2335 2598 inclamabant.
2404 2545 2526 2600 Ideo
2578 2546 2724 2600 enim
2778 2560 2838 2600 se
2889 2546 3055 2600 tantis
3113 2545 3518 2599 calamitatibus

1941 2635 2134 2705 premi,
2193 2621 2342 2704 quod
2402 2638 2606 2706 reginae.
2660 2638 2784 2691 cozli
2834 2637 3147 2692 sacriﬁcare
3191 2636 3515 2696 desiissent,

1938 2731 2278 2785 clamabant.
2312 2731 2460 2785 Adeo
2511 2731 2621 2786 illis
2666 2747 2866 2786 sensus
2933 2732 3356 2800 obstupuerant,
3392 2743 3515 2782 cum

1940 2823 2250 2890 prwvaleret
2297 2822 2548 2877 adrersus
2576 2838 2668 2876 eos
2693 2823 2909 2889 bellum,
2938 2834 2984 2878 et
3016 2826 3106 2893 qui
3147 2822 3516 2876 comburebam

1940 2930 2028 2967 eos
2063 2913 2119 2966 in
2174 2913 2426 2966 circuitu.
2457 2912 2616 2977 Quod
2644 2914 2844 2968 alicubi
2895 2917 3058 2968 etiam
3093 2923 3281 2968 noster
3333 2913 3539 2968 indicat

1941 3003 2232 3072 propheta,
2263 3003 2391 3056 dum
2425 3002 2592 3057 urbes
2619 3018 2807 3057 eorum
2840 3003 3018 3073 ignem
3051 3004 3369 3073 populatum
3395 3018 3518 3057 esse

1871 3087 1912 3143 C
1953 3093 2264 3162 signiﬁcat;
2313 3093 2439 3146 talia
2467 3101 2616 3149 certe
2645 3101 2698 3148 et
2737 3094 2888 3163 ipsos
2923 3094 3086 3147 etiam
3128 3108 3274 3147 nunc
3329 3106 3518 3161 passos

257 3202 390 3241 esse
433 3189 604 3250 dicit;
663 3191 788 3243 licet
832 3205 860 3243 a
889 3189 1000 3245 Deo
1042 3205 1152 3244 non
1179 3188 1342 3258 eripi,
1375 3190 1692 3260 servarique
1721 3205 1830 3244 non
1869 3188 2201 3258 potuissent.
2244 3185 2452 3240 lndicat
2497 3196 2676 3240 autem
2740 3185 3110 3252 praecedentes
3154 3183 3515 3246 calamitates,

259 3283 402 3340 quas
435 3284 540 3322 non
563 3267 790 3335 iustitiae
809 3271 1082 3341 operibus,
1107 3272 1201 3326 sed
1234 3273 1364 3341 legis
1395 3274 1604 3327 traditae
1654 3273 1948 3327 violatione
1977 3273 2219 3341 perpessi
2252 3279 2380 3328 sunt
2416 3290 2429 3327 :
2462 3275 2527 3330 ad
2553 3273 2700 3344 quod
2735 3273 2858 3344 quia
2892 3290 2997 3330 non
3056 3271 3383 3336 advenistis,-
3438 3271 3521 3328 in-

259 3360 405 3428 quit,
429 3358 644 3414 damnis
670 3372 724 3414 et
743 3359 1144 3416 calamitatibus
1171 3363 1469 3417 etiamnum
1499 3362 1728 3432 opprimi
1756 3377 1861 3415 non
1893 3362 2186 3416 desivislis.
2221 3393 2246 3408 η

861 3450 1112 3527 ΚΕΦΑΛ.
1146 3452 1278 3507 Ml".

338 3552 492 3613 α-ιγ’.
545 3545 652 3598 Kal
706 3543 823 3598 νῦν
869 3544 1057 3608 οὕτως
1109 3546 1271 3613 λέγει
1316 3544 1535 3610 Κύριος
1573 3544 1606 3596 ό
1647 3542 1847 3604 Θεὸςό

2551 3449 2923 3508 CAP.XLHL
3279 3525 3287 3534 .

2017 3539 2186 3610 480
2219 3539 2385 3593 Vens.
2438 3539 2588 3593 1-15.
2639 3539 2706 3592 Et
2741 3557 2878 3594 nunc
2931 3551 3009 3594 ita
3061 3541 3189 3594 dicit
3239 3540 3520 3602 Dominus,

264 3635 527 3700 ποιήσας
543 3650 638 3696 σε,
665 3633 894 3699 Ἰακὼϐ,
923 3635 1023 3688 καὶ
1039 3637 1072 3700 d
1089 3634 1333 3701 πλάσας
1351 3651 1444 3698 σε,
1467 3634 1734 3702 Ἰσραήλ·
1754 3632 1839 3697 Μὴ

1948 3632 2040 3701 qui
2080 3631 2204 3700 fecit
2252 3640 2321 3694 te,
2351 3630 2545 3692 λαβοῦ,
2577 3639 2627 3683 et
2661 3633 2750 3701 qui
2787 3632 3034 3699 formarit
3076 3643 3145 3697 te,
3185 3631 3405 3686 Israel:
3445 3631 3524 3686 Nc

263 3725 474 3792 φοϐοῦ,
497 3725 586 3777 ὅτι
611 3723 1050 3793 ἐλυτρωσάμην
1072 3739 1170 3787 σε,
1193 3724 1459 3778 ἐκάλεσά
1484 3741 1557 3777 σε
1577 3723 1641 3777 τὸ
1667 3723 1839 3793 ὄνομα

1952 3723 2171 3785 timeas,
2205 3722 2452 3792 quoniam
2506 3722 2700 3774 redemi
2740 3731 2810 3786 te,
2863 3723 3039 3775 τοσαυὲ
3088 3732 3135 3774 te
3170 3724 3378 3776 nomine
3413 3733 3520 3774 tuo.

261 3831 404 3869 σου.
445 3815 612 3884 Ἐμὸς
661 3812 719 3869 εἶ
746 3817 849 3869 σύ.
879 3816 988 3870 Καὶ
1014 3815 1123 3870 ἐὰν
1169 3815 1480 3884 διαϐαίνῃς
1509 3815 1585 3868 δι’
1613 3815 1850 3877 ὕδατος,

1952 3809 2107 3865 Meus
2136 3829 2190 3866 es
2221 3823 2297 3865 tu.
2335 3810 2476 3887 Etsi
2499 3811 2774 3864 transieris
2807 3827 2900 3877 per
2935 3827 3150 3881 aquam,
3188 3821 3356 3864 tecum
3381 3828 3518 3873 sum,

257 3905 538 3974 μετὰσοῦ
555 3908 691 3974 εἰμι.
709 3907 804 3960 καὶ
823 3908 1071 3976 ποταμοὶ
1086 3911 1156 3961 οὐ
1177 3907 1616 3974 συγκλείσουσί
1635 3922 1726 3960 σε.
1743 3909 1839 3958 Κα.

1947 3914 1999 3955 et
2051 3903 2275 3969 ﬂumina
2326 3919 2431 3955 non
2480 3903 2775 3969 cooperient
2823 3911 2889 3956 te.
2925 3902 2992 3955 Et
3024 3904 3070 3957 si
3111 3905 3388 3958 transieris
3430 3919 3524 3971 per

261 3999 372 4052 ἐὰν
384 3997 629 4068 διέλθῃς
649 3999 745 4054 διὰ
774 4000 984 4068 πυρὸς,
1007 4003 1078 4054 οὐ
1093 3998 1178 4068 μὴ
1213 3997 1615 4065 κατακαυθῇς.
1639 4015 1693 4052 κ.
1717 4015 1766 4050 τ.
1798 3998 1846 4050 λ.

349 4087 621 4142 ’Δνοίκεια
671 4087 844 4141 ταῦτα
883 4087 990 4141 τῶν
1023 4088 1152 4158 περὶ
1208 4087 1302 4139 τοῦ
1332 4090 1396 4139 ἐκ
1426 4086 1726 4156 περιτομῆς
1745 4088 1846 4154 ἁρ-

259 4178 394 4240 τίως
446 4172 754 4249 εἰρημένων
791 4178 943 4242 λαοῦ,
993 4177 1085 4240 οὓς
1139 4178 1400 4230 ἀπεκάλει
1449 4177 1705 4245 τυφλοὺς,
1749 4177 1845 4230 καὶ

1947 3993 2138 4059 ignem,
2165 4009 2266 4045 nou
2297 3992 2642 4055 combureris,
2664 3993 2882 4061 ﬂamma
2909 4011 3012 4047 non
3047 3993 3312 4048 comburel
3333 4004 3517 4057 Ie,etc.

2013 4082 2172 4154 481
2214 4082 2436 4137 Diversa
2467 4093 2596 4138 sunt
2631 4085 2744 4137 haec
2773 4085 2840 4136 ab
2875 4085 3005 4146 illis,
3038 4099 3160 4154 qua:
3187 4084 3254 4138 de
3281 4082 3519 4137 circum-

1947 4176 2066 4230 ciso
2126 4175 2325 4245 popqu
2364 4192 2533 4244 nuper
2581 4176 2928 4240 dicebantur,
2994 4190 3118 4230 cum
3174 4189 3349 4230 catcos
3401 4190 3515 4237 eos.

263 4270 503 4338 κωφοὺς,
532 4273 625 4324 καὶ
650 4271 1110 4342 διηρπασμένους.
1139 4270 1347 4323 Οὐκοῦν
1374 4269 1468 4323 νῦν
1489 4273 1516 4323 ὁ
1541 4270 1694 4338 λόγος
1715 4271 1839 4340 περὶ

1946 4270 2138 4325 surdos
2174 4277 2227 4324 et
2257 4270 2500 4338 direptos
2531 4268 2859 4323 nominaret.
2891 4266 3009 4321 Jam
3038 4267 3206 4336 igitur
3231 4282 3412 4321 sermo
3435 4279 3520 4321 est

261 4361 357 4414 τοῦ
391 4361 700 4432 κρείττονος
739 4363 1020 4432 τάγματος
1059 4364 1168 4416 τῶν
1193 4367 1256 4416 ὲκ
1283 4362 1583 4434 περιτομῆς
1615 4379 1839 4414 πιστευ-

1947 4363 2017 4416 de
2050 4363 2417 4431 praestantiori
2452 4363 2544 4415 illo
2567 4362 3023 4415 eireumcisonum
3045 4369 3214 4425 cmtu,
3237 4361 3327 4427 qui
3361 4360 3517 4412 ἢιιτιιη

262 4453 493 4508 σάντων.
525 4453 589 4507 Εί
611 4454 720 4524 γὰρ
778 4457 1046 4520 κάκεῖνοι,
1079 4455 1236 4526 φησὶ,
1276 4455 1506 4508 τοιοῦτοι
1535 4455 1839 4522 γεγονότες,

257 4543 487 4597 τοιαῦτα
541 4545 908 4610 πεπόνθασιν,
978 4545 1096 4598 ἀλλ’
1169 4548 1325 4617 ὑμεῖς
1376 4549 1425 4600 oi
1491 4546 1582 4599 τὸν
1633 4546 1842 4598 ἑαυτῶν

265 4635 500 4704 ποιητὴν
526 4637 619 4688 καὶ
668 4636 915 4706 πλάστην
946 4637 1283 4705 ἐπιγνόντες,
1313 4637 1606 4702 ἀκούσατε,
1635 4635 1845 4704 ποίημά

259 4741 320 4776 τε
348 4726 439 4776 καὶ
462 4726 688 4795 πλάσμα
715 4727 774 4779 τὸ
802 4729 860 4780 ὲν
889 4729 1016 4798 ὑμῖν
1043 4731 1408 4799 τετηρηκότες
1443 4729 1746 4796 ἀλώὸητον,
1769 4728 1844 4791 ὡς

257 4816 474 4879 οἰκείως
516 4817 733 4871 ἀκούειν
773 4819 972 4873 Ἰακὼϐ
993 4837 1054 4874 τε
1105 4822 1201 4874 καὶ
1242 4820 1499 4888 Ἰσραήλ.
1535 4820 1676 4888 Ἐγὼ
1734 4822 1843 4889 γὰρ

258 4911 294 4961 0'
321 4908 584 4976 ποιήσας
645 4911 744 4980 μέν
777 4925 850 4963 σε
899 4913 1041 4964 κατά
1101 4912 1278 4982 ψυχὴν
1331 4913 1429 4980 τὴν
1484 4912 1602 4964 κατ’
1661 4911 1844 4964 εἰκόνα

256 5000 661 5070 πεποιημένην,
717 5000 963 5067 πλάσας
993 5002 1050 5056 δέ
1087 5019 1182 5055 σου
1233 5007 1324 5055 καλ⁵
1350 5003 1409 5054 τὸ
1435 5004 1499 5055 ὲκ
1529 5003 1632 5071 γῆς
1681 5001 1841 5070 σῶμα

257 5088 483 5158 ληφθὲν.
516 5089 574 5153 ὃς
603 5093 696 5144 καὶ
736 5089 876 5161 αἷμα
927 5093 1228 5162 παρασχὼν
1282 5093 1425 5163 ὑπὲρ
1482 5093 1577 5146 σοῦ
1605 5092 1664 5146 τὸ
1687 5093 1839 5162 ἐμὸν,

257 5180 691 5251 ὲλυτρωσάμην
751 5201 808 5235 σε
854 5186 1040 5255 κτῆμα
1103 5185 1232 5237 ἱδιον
1291 5185 1682 5254 ποιησάμενος.
1739 5181 1837 5236 Ὧν

256 5273 562 5343 ἠξιωμένος
592 5273 774 5343 βάδιζε
799 5276 864 5346 ἣν
882 5275 1174 5344 ἐκελεύθης
1195 5276 1310 5329 ὁδὸν
1330 5276 1832 5345 εὐαγγελιζόμενος.

256 5363 374 5418 Κάν
399 5365 521 5419 ἀνθι
542 5366 708 5419 στῶσί
739 5385 906 5431 τινες,
927 5368 1126 5436 θάρῤει
1155 5369 1230 5438 μὴ
1259 5368 1485 5432 δεδιώς.
1528 5389 1546 5419 ι
1570 5367 1699 5420 Ἰδοὺ
1728 5367 1835 5437 γὰρ

326 5480 369 5512 ¹¹
409 5479 576 5534 lCor.
613 5499 665 5547 ι,
707 5482 793 5535 Η.
871 5484 913 5515 ¹¹
946 5481 1146 5538 Jcretn.
1179 5498 1229 5547 v,

329 5641 356 5682 ι
383 5660 471 5708 γρ.
509 5643 807 5715 παθήματα
845 5645 986 5717 άπερ
1028 5646 1202 5700 οὐδέν.

1942 4452 2179 4520 amplexi
2206 4459 2356 4505 sunt.
2397 4449 2452 4504 Si
2481 4451 2623 4504 enim
2651 4459 2706 4505 et
2735 4450 2833 4513 illi,
2857 4450 2952 4513 ait,
2981 4450 3108 4518 quia
3143 4449 3280 4502 tales
3309 4458 3518 4505 essent.

1941 4542 2210 4611 ejusmodi
2247 4544 2394 4611 passi
2425 4551 2574 4608 sunt,
2599 4557 2696 4596 vos
2729 4542 2828 4610 ipsi
2863 4541 3080 4604 saltem,
3113 4540 3208 4609 qui
3236 4537 3521 4593 Factorem

1946 4642 2184 4688 vestrum
2218 4635 2542 4704 agnovistis,
2595 4634 2812 4696 audite,
2863 4632 3068 4697 audite,
3129 4634 3372 4700 inquam,
3429 4633 3520 4701 qui

1943 4741 2082 4795 opus
2116 4728 2293 4794 ipsum
2341 4734 2394 4779 et
2447 4729 2789 4794 ﬁgmentum,
2822 4725 2969 4794 quod
3002 4724 3056 4777 in
3091 4724 3244 4777 vobis
3293 4732 3397 4786 est,
3449 4724 3520 4776 ita

1948 4821 2067 4874 sine
2111 4820 2231 4872 labe
2261 4818 2652 4882 censet-vastis,
2699 4828 2757 4869 ut
2809 4816 3074 4886 peculiari
3107 4814 3324 4869 nomine
3351 4812 3519 4866 Iacob

1943 4924 1991 4965 et
2026 4911 2201 4965 Israel
2224 4911 2482 4965 audiatis.
2515 4909 2629 4980 Ego
2651 4911 2800 4964 enim
2826 4925 2947 4964 sum
2978 4909 3068 4979 qui
3105 4908 3206 4976 feci
3236 4916 3306 4972 te,
3337 4907 3521 4959 animo

1944 5005 2162 5072 quidem
2210 5002 2277 5055 ad
2325 5019 2506 5056 meum
2557 5004 2838 5072 exemplar
2870 5010 2924 5056 et
2969 5002 3034 5055 ad
3087 5001 3375 5070 imaginem
3421 5015 3519 5052 ex-
3600 5016 3610 5028 ο

1945 5108 2171 5158 presso;
2211 5107 2443 5162 corpore
2484 5101 2662 5146 autem
2681 5094 2747 5147 de
2766 5101 2908 5146 terra
2941 5099 3120 5145 creato
3142 5101 3192 5144 et
3215 5096 3516 5159 assumpto.

1945 5182 2078 5252 Ego,
2135 5186 2379 5251 inquam,
2413 5186 2507 5252 qui
2537 5196 2591 5237 et
2619 5185 2940 5253 sanguinem
2977 5196 3156 5236 meum
3207 5189 3296 5232 tua
3344 5193 3516 5234 causa

1944 5273 2251 5338 ell'undens,
2289 5275 2486 5329 redemi
2537 5284 2618 5339 te;
2652 5277 3036 5346 peculiumque
3061 5273 3328 5328 exsistere
3378 5272 3513 5326 mihi

1945 5367 2114 5443 volui.
2148 5369 2244 5423 llis
2275 5383 2404 5438 ergo
2437 5384 2532 5439 per
2566 5385 2652 5424 me
2683 5369 2880 5440 dignus
2921 5368 3163 5434 habitus,
3209 5380 3372 5438 perge
3401 5379 3512 5436 quo

1561 5572 1796 5628 manu
1835 5571 2238 5654 l.ECTl0N_ES.
