3946 6306
173 435 313 500 £385

1302 435 1832 498 COMMENTARII
1872 437 1952 499 IN
1994 439 2280 499 ISAIAM.

3285 434 3426 504 2386

247 545 448 616 Διόπερ
469 545 526 599 ὲν
560 545 765 614 ἑτέροις
797 543 825 597 ό
855 539 1044 614 παρὼν
1075 547 1360 616 προφήτης
1386 547 1552 618 φησι·
1593 565 1610 596 ι
1641 547 1750 600 Καὶ

1922 547 2106 620 itaque
2145 556 2199 604 et
2224 548 2350 603 aiil-i
2379 547 2460 602 sic
2490 547 2736 618 loquitur
2777 558 2960 604 noster
2995 549 3084 604 hic
3119 551 3379 618 prepbeta
3408 563 3425 601 :

175 636 466 692 ἀποστελεῖ
495 635 698 706 Κύριος
724 635 907 697 αὐτοῖς
938 637 1178 706 σωτῆρα,
1217 635 1276 697 ὃς
1329 632 1494 689 σώσει
1534 635 1748 700 αὐτούς.

177 729 397 801 Κρινων
425 728 589 781 σώσει
607 727 820 791 αὐτούς.
845 747 864 779 ι
901 727 1044 780 Ἀντὶ
1068 728 1124 782 δὲ
1141 728 1240 783 τοῦ.
1263 727 1562 791 ὼνείδισα,
1581 729 1754 796 ἠκού-

177 820 322 876 τισὰ
351 836 516 888 φασιν
537 820 587 872 oi
617 819 815 872 λοιποί.
861 818 1125 873 Ἀκουστὰ
1145 821 1254 889 γὰρ
1281 818 1454 872 ταῦτα
1485 821 1752 890 κατέστη-

179 927 252 965 σα
275 909 564 981 προλαϐὼν
593 910 780 978 μόνος
822 907 897 961 ῶν
945 911 1002 961 ὲν
1053 909 1182 977 ὑμῖν
1213 909 1378 974 Θεὸς,
1434 908 1528 962 καὶ
1581 909 1756 972 οὐδεὶς

177 999 387 1070 παρῆν
425 1017 526 1068 μοι
583 999 761 1064 ξένος
808 998 978 1052 ταῦτα
1011 999 1324 1062 θεσπίζοντι
1350 998 1438 1054 διὰ
1463 999 1568 1053 τῶν
1607 1002 1754 1070 ἐμῶν

177 1092 516 1162 προφητῶν,
560 1091 636 1154 ὡς
682 1090 853 1160 ὑμεῖς
899 1091 1070 1145 αὐτοὶ
1111 1092 1396 1160 γεγόνατε
1435 1093 1752 1161 μάρτυρες.

176 1183 424 1254 Μάρτυς
453 1183 511 1237 δὲ
538 1181 722 1252 κάγὼ,
753 1180 852 1236 καὶ
903 1183 937 1236 ό
978 1181 1123 1248 Παῖς
1168 1186 1201 1237 ὀ
1249 1183 1411 1252 ἐμός.
1450 1185 1624 1254 Συνῆν
1647 1185 1756 1252 γάρ

181 1293 277 1348 μοι
307 1271 636 1338 θεσπίζοντι,
689 1273 796 1344 πρὸ
822 1275 922 1339 τῆς
945 1273 1147 1342 σαρκὸς
1183 1273 1324 1342 ἔχων
1347 1274 1446 1344 τὴν
1495 1273 1752 1347 ὓπαρξιν.

192 1365 336 1419 Ἀλλ’
370 1365 513 1435 ἅπερ
543 1363 614 1437 ἐξ
633 1362 817 1432 ἀρχῆς
847 1361 1042 1433 ὥρισα,
1066 1363 1236 1416 ταῦτα
1260 1364 1543 1436 δυνήσεται
1575 1383 1753 1438 παρα-

181 1455 434 1508 σαλεύειν
468 1453 666 1518 οὐδείς,
689 1451 870 1506 Ταῦτα
913 1453 1162 1506 λέλεκται
1211 1455 1310 1525 μὲν
1356 1457 1436 1518 εἰς
1468 1455 1756 1526 πρόσωπον

191 1545 399 1615 Ἰαείώό
423 1562 480 1598 τε
515 1545 609 1599 καὶ
645 1543 913 1612 Ἰσραὴλ,
947 1547 1026 1608 εις
1056 1545 1112 1598 δὲ
1144 1545 1234 1598 τὸν
1266 1547 1620 1601 ἀποστολικὸν
1665 1567 1757 1618 χο-

185 1635 280 1705 ρὸν
317 1633 672 1704 ἀναφέρεται,
707 1633 805 1686 καὶ
835 1633 926 1685 ἐπὶ
951 1633 1159 1698 πάντας
1215 1637 1338 1700 τοὺς
1390 1635 1450 1701 ἐξ
1491 1637 1757 1692 Ἰουδαίων

182 1727 413 1788 πιστοὺς
449 1725 545 1778 τοῦ
601 1725 757 1792 λόγου
805 1725 1103 1796 διήκοντος.
1149 1727 1306 1790 Τινὲς
1361 1729 1417 1781 δέ
1469 1748 1650 1798 φασιν,
1683 1731 1756 1796 ὠς

181 1818 386 1886 ἀγαθὸς
413 1815 488 1870 ῶν
517 1817 546 1869 ὁ
571 1816 724 1880 Θεὸς.
759 1815 854 1881 οὓς
889 1817 1160 1872 παιδεύων
1205 1818 1445 1872 ἀπέϐαλε
1469 1861 1483 1886 ,
1537 1821 1758 1886 τούτους

1865 660 1884 693 ι
1924 641 1987 694 Et
2023 641 2198 694 mittet
2230 641 2362 709 ipsis
2405 639 2753 703 salvatorem,
2785 639 2878 708 qui
2901 639 3071 694 salvet
3112 654 3239 704 eos;
3269 637 3423 706 judi-
3470 679 3482 691 .

1859 749 1992 788 caua
2023 733 2251 788 salvabit
2303 748 2400 788 eos
2430 733 2494 786 ".
2549 751 2567 782 ι
2605 732 2684 784 Ἀι
2717 747 2815 801 pro
2854 729 3188 798 exprobrari,
3221 729 3420 798 reliqui

1861 824 2046 880 audire
2069 825 2170 895 feci
2201 825 2652 894 interpretantur.
2689 823 2796 878 Ista
2821 824 2986 883 ,enim
3026 838 3121 876 vos
3155 833 3282 876 ante
3311 837 3446 876 om-.

1861 928 1956 968 nes
1987 912 2172 978 docui,
2200 913 2292 981 qui
2324 911 2462 966 Deus
2485 927 2619 964 unus
2651 909 2703 964 iu
2731 911 2886 964 vobis
2917 909 3058 980 sim;
3092 924 3268 978 neque
3298 907 3431 962 mihi

1858 1003 2032 1074 adfuit
2079 1005 2304 1066 alienus,
2340 1019 2464 1058 cum
2509 1002 2612 1058 ista
2663 1017 2760 1072 per
2797 1002 3094 1072 prophetas
3138 1017 3290 1056 meos
3333 1017 3430 1056 va-

1862 1092 2152 1160 ticinarer;
2203 1091 2662 1164 quemadmodum
2726 1108 2814 1144 vos
2876 1091 3005 1144 mihi
3061 1099 3218 1145 testes
3249 1091 3430 1145 estis:

1864 1184 2010 1236 testis
2071 1183 2198 1237 item
2256 1191 2308 1236 et
2357 1198 2470 1252 ego,
2501 1177 2768 1252 Filiusque
2825 1197 2990 1236 meus.
3043 1180 3232 1235 Adfuit
3283 1181 3430 1235 enim

1861 1281 1916 1328 et
1948 1273 2065 1342 ipse
2116 1287 2350 1338 mecum,
2386 1288 2508 1328 cum
2543 1271 2648 1326 ista
2703 1274 3078 1343 pra-dicerem,
3133 1288 3258 1327 cum
3306 1281 3434 1328 ante

1861 1364 2042 1419 carnis
2080 1366 2510 1433 assumptionem
2546 1365 2855 1420 exsisteret.
2890 1363 2994 1420 Sed
3037 1381 3157 1434 qua:
3187 1367 3250 1419 ab
3279 1366 3433 1419 initio

1863 1457 1935 1510 ita
1969 1454 2086 1510 fore
2124 1455 2364 1515 decrevi.
2415 1467 2631 1510 mutare
2661 1467 2716 1510 ct
2749 1471 2966 1511 movere
3008 1471 3169 1511 nemo
3217 1465 3302 1512 est
3337 1458 3429 1526 qui

1865 1547 2055 1616 possit.
2106 1545 2279 1614 Atque
2339 1545 2451 1600 haec
2507 1544 2729 1614 quidem
2777 1544 2831 1598 in
2881 1542 3074 1598 Jacobi
3118 1555 3174 1600 et
3215 1545 3433 1600 Israelis

1863 1637 2090 1705 gratiam
2122 1633 2399 1700 dicuntur,
2437 1651 2557 1706 qua:
2582 1645 2760 1689 tamen
2798 1633 2863 1688 ad
2905 1635 3269 1704 apostolicum
3301 1644 3434 1690 Clit)-

1865 1742 2006 1786 rum,
2043 1735 2096 1780 et
2135 1727 2199 1781 ad
2228 1741 2324 1780 eos
2350 1727 2512 1780 etiam
2550 1742 2764 1788 ouincs,
2791 1727 2884 1794 qui
2932 1741 3000 1781 cx
3024 1725 3231 1781 Judwis
3275 1725 3434 1781 (idem

1865 1818 2097 1888 amplexi
2130 1825 2280 1885 sunt,
2307 1819 2702 1872 extenduntur.
2748 1815 2948 1871 Volunt
2979 1823 3142 1888 porro
3184 1819 3432 1871 nonnulli

182 1909 575 1980 προσκαλεῖται
603 1908 672 1960 δι’
701 1907 869 1972 ἔλεον,
905 1907 1043 1980 λήθῃ
1089 1911 1476 1981 παραπέμπων
1515 1905 1583 1965 τὰ
1625 1913 1760 1983 πρό-

1865 1907 2031 1962 Deum
2063 1908 2266 1978 ipsum,
2303 1907 2394 1978 qui
2431 1924 2528 1978 pro
2561 1925 2658 1962 sua
2700 1907 2968 1974 bonitate,
3001 1925 3138 1978 quos
3169 1925 3197 1962 a
3245 1925 3302 1965 se
3343 1925 3437 1962 ea-

178 2017 342 2072 τερα,
371 2003 465 2054 καὶ
513 1999 787 2070 προτιθεὶς
826 2001 1001 2071 ἀρχὴν
1027 2000 1217 2070 ἑτέρου
1263 2000 1476 2070 καιροῦ,
1513 2002 1651 2054 κατὰ
1681 2003 1758 2068 τὺ,

187 2113 209 2146 ι
242 2093 490 2164 Σήμερον
543 2093 639 2147 ἐὰν
662 2093 763 2162 τῆς
807 2093 990 2163 φωνῆς
1021 2111 1122 2163 μου
1169 2093 1462 2164 ἀκούσητε,
1505 2114 1523 2146 ι
1557 2095 1652 2146 καὶ
1695 2094 1763 2147 τὰ

178 2185 272 2253 ἐφ’
304 2185 452 2254 ἑξῆς.
500 2185 586 2248 Ὠς
605 2184 714 2255 γὰρ
735 2185 851 2238 ἐκεῖ
879 2185 938 2238 τὸ
989 2184 1292 2252 σήμερον,
1323 2184 1496 2250 οὕτως
1529 2186 1764 2242 ἐνταῦθα

178 2281 246 2331 τδ
271 2276 410 2342 νῦν,
444 2277 780 2345 ἀμνηστείας
807 2277 927 2348 ἕχον
966 2277 1247 2338 ὑπόθεσιν,
1288 2279 1384 2331 καὶ
1419 2278 1763 2348 πραγμάτιον

181 2366 392 2436 ἑτέρων
413 2366 587 2437 ἀρχὴν
610 2365 882 2434 ἐσομένων
906 2367 1056 2436 παρὰ
1081 2365 1217 2418 Θεοῦ
1245 2365 1320 2436 μὴ
1353 2367 1764 2438 συγχωροῦντος

180 2457 328 2525 ἄγαν
357 2455 608 2526 ἀθυμεῖν,
642 2456 716 2520 ὡς
741 2455 961 2523 ἕξοντας
986 2457 1095 2508 τῶν
1118 2441 1402 2528 παρόντων
1439 2459 1761 2530 μεταϐολὴν,

182 2548 446 2604 ἁπάντων
484 2545 788 2617 ἀνθρώπων
813 2547 882 2601 δι’
923 2549 1152 2617 αἵματος
1197 2549 1582 2620 λυτρουμένων
1627 2552 1762 2622 Χρι·

183 2641 342 2696 στοῦ.
375 2639 658 2708 Ηύδόκησε
696 2639 804 2710 γὰρ
835 2642 864 2693 ὁ
897 2639 1028 2703 Θεδς
1068 2640 1650 2709 ἀνακεφαλαιώσασθαι
1697 2644 1764 2696 sit

183 2731 372 2785 πάντα
401 2731 458 2782 ὲν
485 2729 656 2800 αὐτῷ,
688 2731 827 2784 κατὰ
851 2733 950 2802 τὴν
989 2731 1204 2785 Παύλου
1250 2734 1456 2804 φωνὴν,
1489 2733 1610 2796 δοὺς
1635 2737 1766 2805 ἡμῖν

185 2822 288 2875 καὶ
315 2821 377 2874 τὸ
402 2821 584 2876 καινὸν
611 2820 779 2889 δνομα
801 2821 1036 2891 Χριστοῦ
1065 2822 1125 2875 τδ
1161 2823 1456 2892 ἐπικληθὲν
1489 2824 1573 2893 ἐφ’
1596 2827 1762 2894 ἡμᾶς.

183 2908 260 2964 Ti
279 2909 336 2962 δὲ
356 2907 616 2976 τοῦνομα
630 2924 650 2972 ;
690 2910 864 2976 Ἐμὸς
879 2906 935 2986 ei
953 2911 1055 2964 σύ.
1079 2911 1314 2980 Χριστοῦ
1338 2912 1446 2981 γὰρ
1469 2906 1608 2970 εἶναι
1634 2915 1767 2968 πάν-

185 3016 285 3062 τες
307 2997 579 3069 λεγόμεθα
610 3000 708 3070 τῆς
736 3001 866 3070 πρὶν
899 3000 1004 3068 ἔξω
1023 3002 1308 3070 γεγονότες
1339 3003 1763 3076 ἀλλοτριώσεως,

187 3091 262 3160 ἢν
290 3089 521 3160 ἔσχομεν
547 3090 974 3160 ἁμαρτάνοντες,
1009 3094 1187 3148 καίτοι
1227 3095 1369 3149 κατὰ
1414 3097 1574 3168 φύσιν
1617 3099 1768 3166 δντες

186 3180 354 3236 Θεοῦ.
393 3181 552 3235 Ἀλλὰ
580 3182 741 3236 πάλιν
777 3185 926 3254 ἡμᾶς
952 3185 1038 3238 διὰ
1069 3187 1161 3240 τοῦ
1213 3189 1525 3260 Πνεύματος
1557 3192 1766 3246 ὠκειώ-

1863 2001 2090 2068 ειτςιιιοε
2127 2001 2349 2069 repulit.
2383 1999 2615 2054 invitare
2659 2016 2876 2066 rursus,
2928 2007 2982 2054 et
3031 2001 3434 2070 praeteritorum

1861 2090 2111 2146 oblivisci
2157 2093 2358 2156 soleat,
2415 2091 2677 2162 temporis
2717 2091 2884 2145 etiam
2937 2091 3172 2146 alterius
3227 2090 3435 2161 princi-

1864 2183 2010 2252 pium
2046 2183 2137 2238 liic
2173 2197 2520 2254 preponere:
2563 2183 2726 2251 quale
2767 2187 2853 2237 est
2897 2183 3076 2238 illud:
3123 2203 3141 2235 ι
3184 2181 3356 2239 llodie
3389 2186 3436 2238 si

1862 2287 2048 2328 vocem
2082 2287 2257 2328 meam
2281 2270 2658 2337 audieritis",
2689 2289 2708 2322 ›
2750 2279 2802 2326 et
2837 2288 2960 2342 quae
2991 2280 3319 2342 sequuntur.
3367 2271 3437 2327 Ut

1861 2363 2004 2418 enim
2051 2363 2126 2418 ibi
2164 2363 2318 2418 hodie
2380 2363 2746 2424 vocabulum.
2796 2363 2876 2418 sic
2918 2373 2972 2418 et
3033 2364 3121 2418 hic
3169 2364 3434 2434 particula

1863 2469 1999 2507 nunc
2029 2453 2324 2507 oblivionis
2361 2463 2748 2522 argumentum
2798 2453 3066 2516 continet,
3105 2460 3158 2505 et
3188 2453 3435 2508 ostendit

1865 2543 1974 2597 Deo
2023 2553 2247 2598 auctore
2293 2557 2476 2596 rerum
2526 2540 2642 2598 fore
2677 2543 2908 2596 aliarum
2948 2542 3302 2612 principium,
3339 2545 3434 2613 qui

1865 2649 1964 2688 nos
1993 2633 2238 2687 animum
2289 2633 2630 2703 despondere
2687 2649 2968 2704 nunquam
3022 2634 3267 2703 patitur:
3316 2642 3438 2688 lan-

1863 2739 2022 2794 qaam
2059 2723 2258 2779 Christi
2287 2724 2554 2792 sanguine
2580 2723 2878 2792 redemptis
2912 2724 3167 2778 omnibus
3195 2739 3436 2794 praesen-

1865 2815 2000 2868 tium
2029 2829 2209 2869 rerum
2256 2815 2538 2870 immineat
2589 2811 2975 2869 commutatio.
3024 2812 3238 2868 Placuit
3289 2817 3437 2870 enim

1869 2905 1996 2971 Deo,
2027 2912 2164 2961 teste
2199 2905 2366 2960 Paulo
2414 2906 2456 2938 "
2479 2945 2492 2970 ,
2546 2905 2730 2960 omnia
2767 2906 2822 2959 in
2857 2919 2923 2959 eo
2967 2906 3298 2966 instaurare.
3344 2907 3436 2975 qui

1865 2998 2273 3068 largituruobis
2319 3007 2592 3054 recentem
2631 2998 2795 3052 etiam
2846 2999 2910 3052 de
2965 2997 3172 3054 Christi
3217 3001 3439 3053 nomine
3543 2984 3548 2991 ’

1866 3089 2302 3158 appellationem,
2335 3088 2482 3158 quod
2523 3089 2834 3143 invocatum
2868 3095 2951 3142 est
3003 3102 3170 3158 super
3210 3101 3315 3142 nos
3371 3088 3435 3141 ¹⁰.

1867 3179 2148 3248 Quodnam
2185 3180 2348 3252 igitur
2406 3196 2590 3234 nomen
2640 3178 2766 3234 est?
2819 3167 2970 3232 Meus
2999 3195 3054 3232 es
3099 3188 3178 3232 tu.
3231 3178 3438 3234 Christi

189 3287 328 3325 σατο
360 3272 590 3342 ποιήσας
611 3273 918 3336 ἀναλώτους
947 3276 1110 3330 παντὶ
1161 3281 1470 3350 πειρασμῷ.
1509 3285 1761 3349 Ποταμοὶ

1869 3270 2137 3342 siquidem
2169 3285 2360 3326 omnes
2393 3285 2516 3326 esse
2544 3269 2802 3334 dicimur,
2839 3269 2931 3340 qui
2971 3279 3123 3324 extra
3147 3271 3442 3326 alienatio-

187 3361 306 3434 γὰρ
340 3365 434 3417 καὶ
458 3363 612 3432 ὕδωρ
641 3367 735 3418 καὶ
757 3369 998 3436 φλόγες,
1029 3367 1128 3431 τὰς
1158 3371 1458 3437 πολυειδεῖς
1505 3373 1612 3427 τῶν
1648 3393 1768 3430 πειο

189 3451 426 3522 ρασμῶν
465 3453 688 3522 ἐφόδους
729 3457 1218 3528 κατασημαίνουσι.
1263 3460 1576 3532 Γέγραπται
1623 3465 1766 3534 γάρ·

196 3561 214 3592 ι
256 3543 380 3596 Ὅτι
405 3543 606 3605 πάντες
651 3547 699 3598 oi
743 3545 989 3611 θέλοντες
1031 3549 1129 3620 ζῇν
1171 3550 1408 3615 εὐσεϐῶς
1456 3557 1512 3606 ὲν
1550 3556 1770 3628 Χριστῷ

201 3631 405 3702 Ἰησοῦ,
447 3633 858 3706 διωχθήσονται.
899 3659 918 3690 ι
971 3641 1080 3694 Καὶ
1119 3645 1231 3706 τοῖς
1272 3645 1626 3700 πιστεύσασιν
1665 3651 1768 3720 ἔφη

187 3724 426 3792 Χριστός
447 3740 461 3754 ·
487 3745 505 3777 ι
534 3725 725 3796 Θλὶψιν
742 3727 892 3798 ἔχετε
916 3732 972 3782 ὲν
990 3731 1066 3802 τῷ
1081 3733 1287 3806 κόσμῳ.
1331 3755 1349 3786 ι
1365 3739 1476 3791 Καὶ
1492 3741 1547 3792 ὲν
1570 3744 1632 3811 τῇ
1663 3758 1768 3795 πα·

187 3813 396 3886 ρασολῇ
425 3815 481 3868 δὲ
508 3817 608 3883 τῆς
657 3819 750 3871 ἐπὶ
797 3823 896 3892 τῆς
928 3825 1134 3892 πέτρας
1185 3825 1657 3900 τεθεμελιωμένης
1687 3835 1762 3885 οἰ-

186 3902 352 3968 κίας*
391 3924 410 3956 ε
444 3907 553 3960 Καὶ
595 3907 820 3978 κατέϐη,
853 3911 1038 3980 φησὶν,
1071 3914 1103 3983 ή
1144 3913 1354 3986 βροχὴ,.
1377 3919 1473 3971 καὶ
1518 3915 1681 3990 ἦλθον
1717 3923 1768 3975 oi

185 3993 450 4063 ποταμοὶ,
479 3997 575 4048 καὶ
603 3995 868 4052 ἔπνευσαν
893 4003 940 4054 oi
975 4001 1187 4072 ἄνεμοι,
1223 4023 1240 4056 ι
1269 4007 1395 4071 τοὺς
1427 4012 1768 4081 πειρασμοὺς

181 4083 282 4138 διὰ
331 4085 536 4140 τούτων
592 4089 788 4156 δηλῶν.
819 4092 892 4145 Τὸ
913 4092 991 4156 δὲ,
1035 4095 1291 4162 ἐποίησά
1345 4115 1462 4156 σου
1488 4101 1768 4173 ἄλλαγμα

181 4173 517 4242 Αἴγυπτον,
553 4178 706 4262 δηλοῖ
727 4179 804 4244 ὡς
827 4181 948 4234 ἀντὶ
977 4183 1075 4254 τῆς
1115 4185 1342 4257 ἐκϐολῆς
1369 4194 1768 4262 περιεποιησά-

334 4265 402 4318 τὰ
432 4263 582 4370 ἔθνη,
610 4260 684 4320 ὧν
705 4269 897 4342 πρώην
935 4272 1300 4337 ἀσεϐούντων,
1345 4279 1506 4346 μόνος
1549 4260 1766 4353 Ἰσραὴλ

183 4353 406 4422 κλῆρος,
445 4353 672 4429 ὑπῆρχε
715 4360 870 4416 Θεοῦ.
935 4363 1050 4417 Νῦν
1102 4366 1158 4420 δὲ
1206 4368 1612 4440 μετέστραπται
1657 4373 1764 4427 τῶν

182 4445 534 4516 πραγμάτων
562 4451 594 4518 ἡ
635 4450 806 4515 τάξις,
841 4451 930 4504 ὅτε
963 4453 1056 4506 τὸν
1093 4443 1388 4528 Λυτρωτὴν
1439 4460 1765 4515 ἀπέκτειναν

195 4540 465 4654 devestit.
503 4539 750 4654 Ιρξε’-ξιίονω
775 4541 832 4595 δέ
870 4560 962 4607 σε,
996 4547 1150 4616 φησι.
1206 4547 1345 4616 μετὰ
1390 4549 1548 4604 τοῦτο
1593 4553 1758 4620 τιμή-
1797 4603 1816 4654 Ι

181 4645 328 4694 σας.
381 4629 726 4699 κληθήσεται
771 4633 878 4702 γὰρ
931 4635 1024 4686 καὶ
1056 4634 1218 4700 αύτδς
1247 4639 1382 4705 μετὰ
1414 4639 1512 4710 τὴν
1555 4642 1761 4696 εἴσοδον

181 4721 300 4775 τῶν
351 4719 542 4795 ἐθνῶν,
591 4722 752 4792 ἡνίκα
801 4725 970 4778 ποιῶν
1025 4727 1164 4798 ὑπὲρ
1207 4729 1320 4792 σοῦ,
1348 4734 1619 4799 πολλούς
1661 4751 1763 4790 σοι

179 4811 364 4866 δώσω
380 4811 732 4876 διδασκάλους
759 4815 853 4868 καὶ
881 4815 1178 4886 ἄρχοντας
1197 4820 1350 4889 ὑπὲρ
1380 4823 1492 4891 τῆς
1523 4827 1645 4894 σῆς
1673 4827 1762 4881 λέο

179 4919 384 4971 γοντας
417 4903 707 4972 κεφαλῆς.
740 4908 981 4976 Κεφαλὴ
1003 4909 1059 4961 δὲ
1083 4911 1189 4963 τῶν
1211 4913 1418 4967 πιστῶν
1445 4916 1473 4968 ό
1505 4917 1758 4986 Χριστὸς,

178 4994 326 5064 ὅπερ
347 4993 486 5062 ὑπὲρ
526 4993 642 5062 σοῦ,
683 4997 775 5049 καὶ
807 4997 903 5067 τῆς
926 4999 1023 5068 σῆς
1048 5000 1317 5070 ὠφελείας
1339 5007 1646 5076 γενήσεται.
1679 5011 1756 5081 Τῇ

178 5084 240 5138 δὲ
269 5083 382 5138 τῶν
441 5085 711 5141 Ἰουδαίων
771 5089 1107 5158 ὑπισχνεῖται
1159 5093 1457 5170 Συναγωγῇ
1513 5101 1759 5166 συνάξειν

179 5175 358 5246 αὐτῆς
385 5177 460 5231 τὰ
484 5175 683 5231 τέκνα.
720 5177 896 5232 Σῶσαι
927 5181 1036 5252 γὰρ
1065 5183 1134 5237 τὰ
1156 5182 1474 5241 ἀπολωλότα
1509 5191 1759 5261 πρόϐατα

175 5263 350 5348 ἦλθεν
387 5267 620 5340 Ἰσραήλ.
654 5270 764 5323 Καὶ
792 5270 858 5324 τὰ
891 5275 1165 5344 πανταχοῦ
1211 5275 1583 5348 διεσπαρμένα
1613 5283 1756 5354 λόγῳ

176 5359 546 5430 δημιουργίας
581 5361 764 5414 τέκνα
795 5363 966 5432 Θεοῦ,
1018 5364 1143 5428 τοὺς
1191 5363 1248 5432 ἐξ
1285 5367 1455 5423 ἐθνῶν
1488 5371 1752 5441 δηλονότι,

177 5443 279 5509 οὓς
307 5445 590 5512 πλανήσας
616 5448 894 5519 ἀπέστησε
916 5451 1052 5506 Θεοῦ
1071 5454 1428 5522 διασκεδάσας
1445 5461 1472 5512 ὁ
1491 5461 1752 5528 Σατανᾶς.

178 5536 276 5590 Διδ
304 5537 552 5602 εξπόντος
581 5539 825 5608 Καῖἁφα,
872 5561 890 5593 ι
925 5541 1198 5615 Συμφέρει
1225 5547 1312 5600 ἵνα
1345 5544 1424 5614 εἷς
1469 5551 1760 5625 ἄνθρωπος

176 5628 432 5702 ἀποθάνῃ
471 5631 609 5703 ὑπὲρ
637 5631 730 5685 τοῦ
765 5632 917 5694 λαοῦ,
958 5653 974 5684 ι
1004 5637 1170 5706 φησὶν
1204 5640 1654 5717 ὁεύαγγελιστὴς,
1684 5647 1760 5710 ὡς

254 5743 445 5820 "iga.
472 5747 728 5820 sgnum}.
805 5749 847 5781 ³⁸
888 5747 1029 5820 Psal.
1072 5771 1212 5820 xciv,
1237 5757 1288 5809 8.

177 5828 292 5882 VII,
323 5812 412 5912 ξι.
489 5815 534 5849 ⁸³
565 5817 762 5886 Epltcs.
797 5835 852 5882 ι’,
888 5819 980 5873 25.

1388 5761 1427 5790 ¹⁰
1461 5759 1661 5830 Ιίριιοε.
1702 5777 1755 5827 ι,
1794 5763 1874 5818 10.
1954 5764 1996 5794 ’θ
2027 5761 2224 5819 Jcrem.
2263 5780 2313 5830 ι,
2353 5763 2438 5819 Η.
2516 5765 2557 5795 ¹¹
2598 5763 2644 5817 Il
2675 5761 2816 5817 Tim.
2854 5777 2890 5816 lt
2917 5777 2956 5826 ι,
2984 5763 3066 5818 13.

1873 3379 1992 3417 nem
2026 3363 2219 3425 simus,
2277 3377 2441 3433 quam
2507 3371 2798 3431 peccantes
2856 3360 3010 3430 prius
3065 3361 3438 3430 habebamus.

1869 3453 2223 3524 quantumvis
2253 3451 2421 3524 484
2447 3469 2476 3504 a
2511 3454 2616 3506 Deo
2666 3460 2858 3504 natura
2889 3466 3166 3506 essemus.
3199 3449 3304 3506 Sed
3339 3467 3442 3506 nos

1871 3561 2090 3602 rursum
2116 3545 2233 3614 ipse
2261 3545 2366 3600 sibi
2395 3543 2714 3600 conciliavit
2741 3561 2755 3604 ;
2789 3559 2909 3598 cum
2947 3544 3236 3614 quibusvis
3263 3553 3441 3598 tenta-

1871 3637 2106 3692 tionibus
2124 3635 2570 3706 inexpugnabiles
2591 3635 2849 3689 reddidit.
2871 3633 3122 3688 Flumina
3145 3636 3438 3704 siquidem,

1868 3736 1918 3781 et
1957 3743 2118 3796 aqua,
2139 3733 2192 3780 et
2221 3727 2388 3796 ignes,
2431 3725 2612 3778 varios
2661 3725 3020 3778 tentationum
3073 3726 3312 3782 insultus
3345 3726 3440 3780 dc-

1869 3818 2105 3886 s’gnant.
2146 3815 2419 3895 Scribitur
2449 3815 2592 3871 enim
2624 3833 2638 3869 :
2675 3832 2694 3866 ι
2741 3813 2944 3870 Omnes
3001 3817 3091 3888 qui
3135 3817 3223 3887 pie
3250 3819 3442 3872 volunt

1871 3913 1924 3966 in
1939 3911 2070 3966 Jesu
2090 3911 2311 3966 Christo
2340 3911 2974 3980 viverepersecutionem
3005 3913 3284 3982 patientur
3304 3915 3369 3967 ".
3407 3935 3425 3966 ι

1866 4002 2072 4057 Christi
2113 4002 2310 4057 deinde
2333 4001 2400 4055 ad
2431 4001 2599 4070 ipsos,
2631 4001 2724 4070 qui
2761 4001 2919 4054 lidi-m
2961 4003 3197 4072 amplexi
3234 4015 3438 4068 essent,

1868 4093 2034 4149 verba
2064 4110 2174 4148 non
2205 4093 2427 4154 desunt,
2456 4093 2657 4163 quibus
2690 4109 2785 4150 eos
2829 4093 2879 4146 iu
2928 4095 3029 4149 hoc
3061 4097 3262 4152 saeculo
3301 4097 3440 4152 allii-

1866 4186 2072 4256 gendos
2101 4201 2221 4241 esse
2261 4185 2506 4250 monuit;
2545 4187 2597 4238 in
2641 4199 2702 4239 ea
2735 4196 2996 4256 prieterea
3038 4188 3233 4244 domus
3283 4205 3440 4259 para-

1869 4279 2012 4342 bola,
2048 4279 2206 4346 cujus
2245 4276 2391 4346 jacta
2441 4293 2605 4348 super
2657 4287 2866 4348 petram
2930 4279 3288 4336 fundamenta
3319 4283 3438 4337 fue-

1867 4377 1990 4423 rant
2025 4389 2037 4422 :
2071 4388 2089 4421 ι
2129 4369 2189 4423 Et
2233 4369 2536 4434 descendit,
2589 4367 2785 4440 inquit,
2839 4371 3032 4437 imber,
3069 4381 3123 4427 et
3169 4385 3441 4428 venerunt

1866 4461 2033 4528 ﬂuvii,
2057 4467 2111 4516 et
2139 4459 2406 4515 [laverunt
2444 4462 2588 4514 venti
2625 4463 2708 4527 ²²;
2747 4481 2763 4512 ι
2829 4462 3030 4531 quibus
3080 4463 3214 4517 nihil
3266 4465 3437 4531 aliud,

1867 4568 2030 4620 quam
2074 4551 2406 4607 tentationes
2453 4552 2800 4624 signiﬁcavit.
2840 4557 2907 4607 At
2937 4555 3086 4623 quod
3134 4570 3439 4613 commuta-

1867 4645 2056 4698 tionem
2087 4653 2232 4698 tuam
2263 4644 2364 4713 [eoi
2391 4643 2705 4716 Egi/ptum,
2749 4647 2844 4708 ait,
2871 4655 3060 4715 gentes
3089 4663 3150 4703 se
3183 4651 3237 4704 in
3275 4666 3438 4722 repu-

1867 4736 2140 4793 diaturum
2177 4737 2356 4792 locum
2413 4738 2515 4792 sibi
2576 4737 2868 4806 adoptasse
2915 4742 3175 4808 ostendit,
3235 4745 3436 4812 quibus

1869 4828 2032 4898 impie
2069 4829 2392 4900 degentibus
2435 4837 2615 4896 antea,
2674 4831 2825 4886 solus
2875 4832 2968 4887 Dei
3022 4851 3144 4890 sors
3184 4848 3436 4892 evaserat

1869 4921 2054 4974 Israel.
2090 4919 2247 4976 Nunc
2285 4929 2464 4976 autem
2492 4937 2670 4976 rerum
2709 4932 2792 4978 est
2826 4923 2964 4978 ordo
2993 4926 3335 4992 immutatus,
3369 4945 3435 4984 ex

1867 5025 1976 5078 quo
2007 5007 2422 5078 Bedemptorem
2459 5009 2628 5066 .ludsei
2671 5013 2830 5066 morti
2861 5015 3078 5072 tradere
3117 5019 3235 5072 ausi
3284 5029 3434 5074 sunt.

1868 5103 1936 5154 At
1963 5101 2272 5170 g’loriﬁcabo
2297 5111 2367 5164 te,
2402 5102 2598 5168 inquit,
2631 5103 2830 5158 honore
2861 5119 3044 5175 postea
3069 5122 3431 5176 prosequens.
3521 5133 3527 5139 -

1869 5191 2166 5245 Vocabitur
2202 5192 2349 5247 enim
2396 5199 2450 5246 et
2495 5193 2602 5256 ille,
2657 5205 2942 5264 postquam
2997 5196 3214 5251 fuerunt
3243 5209 3434 5267 gentes

1867 5283 2143 5352 ingressae,
2191 5282 2413 5352 quando
2448 5295 2668 5352 prOpu-r
2713 5293 2765 5338 te
2797 5286 3066 5340 excitatos
3097 5287 3294 5342 ntultos
3339 5289 3434 5344 tibi

1864 5374 2001 5429 dabo
2033 5374 2288 5430 doctores
2318 5385 2372 5429 et
2400 5375 2684 5444 principes,
2715 5377 2806 5446 qui
2838 5392 2934 5444 pro
2957 5389 3045 5431 tuo
3067 5379 3240 5448 capite
3263 5381 3428 5436 verba

1865 5465 2090 5519 faciant.
2130 5465 2222 5519 list
2266 5479 2397 5518 vero
2426 5465 2769 5519 credentium
2818 5476 2974 5532 caput
3037 5466 3294 5522 Christus
3345 5467 3428 5534 “,

1865 5556 1956 5625 qui
1992 5571 2088 5625 pro
2117 5563 2198 5619 te,
2233 5555 2284 5609 id
2315 5555 2472 5611 estin
2504 5567 2650 5608 tuam
2683 5571 2792 5608 rem
2825 5567 3086 5626 tinuoque
3141 5558 3430 5614 utilitatem

1867 5645 2048 5700 omnia
2086 5643 2330 5703 facturus
2382 5655 2486 5702 est.
2526 5644 2753 5700 Videtur
2804 5655 2983 5700 autem
3042 5647 3284 5717 polliceri
3337 5647 3432 5702 Ju-

3151 5765 3194 5796 ²³
3235 5763 3425 5817 Matth.
