3946 6306
170 372 316 436 2389

1299 374 1829 434 COMMENTARII
1893 375 1971 434 ΙΝ

2034 377 2322 435 ISAIAM.
2964 375 2970 381 ’
3289 368 3435 434 2390

257 486 421 540 Ἀλλὰ
453 486 624 539 ταῦτα
658 487 997 556 μὲνέκεῖνοιο
1033 489 1188 558 ὑμεῖς
1227 488 1306 548 δέ,
1353 482 1398 540 ὦ
1444 488 1742 558 προφῆται,

1923 487 2026 542 Sed
2067 489 2142 542 illi
2201 490 2417 558 quidem
2477 490 2575 542 ista
2614 507 2624 541 :
2658 505 2756 543 vos
2790 496 2994 552 autem,
3034 504 3065 542 ο
3127 488 3436 557 ριὐρίιοιων

170 578 426 647 γένεσθέ
453 595 554 646 μοι
605 576 896 646 μάρτυρες
924 597 936 608 ·
972 578 1336 647 μαρτυρήσω
1364 578 1425 632 δὲ
1469 578 1592 632 σὺν
1652 577 1754 643 Υιῷ

1873 587 2017 631 rstote
2062 565 2190 630 mihi
2237 587 2408 648 testes.
2446 577 2562 647 Ipse
2599 593 2724 631 vero
2786 578 2915 630 mihi
2965 593 3083 630 cum
3113 573 3244 630 Filio
3293 579 3482 630 testis.

174 667 357 736 κάγὼ,
395 667 584 738 φησὶν,
614 667 1102 737 ἐμαυτῷ.Ἐλεγεν
1130 669 1237 738 γὰρ
1269 672 1298 722 ό
1331 671 1518 740 Σωτήρ
1539 685 1550 697 ·
1573 689 1590 720 ι
1629 669 1755 722 Ἐὰν

172 761 288 828 ἐγὼ
320 760 583 829 μαρτυρῶ
617 759 746 828 περί
767 759 1026 827 ἐμαυτοῦ,
1057 761 1090 828 ἡ
1121 760 1396 828 μαρτυρία
1423 777 1522 829 μου
1550 759 1757 830 ἀληθής

173 853 348 913 ἐστιν,
404 853 486 904 ὅτι
530 845 648 904 οἴδα
677 850 840 902 πόθεν
869 851 1002 920 εἰμὶ,
1040 850 1135 902 καὶ
1188 850 1290 902 ποῦ
1333 851 1546 917 ὑπάγω.
1579 870 1598 900 ι
1650 852 1757 902 Καὶ

179 942 376 997 πάλιν
419 961 436 993 ι
489 942 632 1010 Ἐγὼ
670 943 933 1013 μαρτυρῶ
963 943 1092 1013 περὶ
1118 942 1380 1012 ἐμαυτοῦ,
1408 942 1500 995 καὶ
1547 959 1754 1011 μαρτυ-

177 1036 264 1101 ρεῖ
303 1037 432 1099 περὶ
461 1033 594 1102 ἐμοῦ
621 1035 648 1085 ό
679 1033 900 1102 πέμψας
938 1050 1003 1102 με
1031 1035 1241 1102 Πατήρ.
1280 1033 1450 1085 Ταυτὶ
1483 1032 1558 1094 δὲ,
1591 1014 1750 1101 φησὶ,

175 1123 453 1192 λελάληκα
501 1125 651 1194 ὑμῖν,
700 1124 800 1176 ἵνα
847 1123 1054 1192 γνῶτε,
1087 1123 1185 1176 καὶ
1232 1124 1618 1187 πιστεύσητε.
1662 1122 1759 1176 καί

175 1214 413 1282 συνῆτε
452 1215 539 1267 ὅτι
568 1215 682 1285 ἐγώ
729 1218 865 1282 ειμι.
900 1235 917 1265 ι
949 1215 1047 1268 Διὰ
1067 1216 1176 1286 γὰρ
1206 1214 1458 1282 γνώσεως
1481 1217 1514 1283 ὴ
1553 1216 1754 1278 πίστις.

181 1308 285 1360 Διὰ
311 1309 367 1361 δὲ
391 1309 489 1377 τῆς
513 1309 772 1370 πίστεως,
805 1308 838 1377 ὴ
875 1305 1111 1369 σύνεσις.
1171 1323 1189 1356 r
1248 1306 1372 1360 Ἐὰν
1408 1307 1514 1376 γὰρ
1543 1307 1616 1376 μὴ
1666 1322 1757 1358 πις-

185 1388 476 1471 στέύσητε,
519 1401 628 1454 οὐδ’
666 1399 726 1453 οὐ
765 1400 837 1470 μὴ
867 1398 1084 1467 συνῆτε,
1118 1419 1136 1450 ›
1164 1399 1347 1467 φησίν.
1385 1399 1480 1451 Ὢν
1512 1398 1568 1451 δὲ
1594 1397 1760 1460 ἁῖδιός

177 1493 298 1561 είμι
326 1493 420 1545 καὶ
449 1493 660 1562 Σωτήρ.
717 1492 827 1546 Καὶ
873 1493 1134 1562 προεῖπον
1175 1490 1264 1543 ὅτι
1313 1488 1495 1553 σώζω,
1546 1491 1639 1542 καὶ
1673 1489 1759 1541 διὰ

178 1583 418 1654 Χριστοῦ
444 1584 580 1653 πρὸς
611 1583 770 1654 ἔργον
797 1584 1000 1653 ἧγαγον
1057 1581 1354 1635 Ὦνείδισα
1369 1581 1444 1644 δέ,
1464 1583 1618 1650 φησί,
1650 1583 1762 1644 τοῖς

177 1673 240 1736 ἐξ
283 1672 522 1743 Ἰσραὴλ,
549 1673 631 1725 ὅτι
661 1672 933 1741 φιλήδονοι
973 1671 1173 1740 μᾶλλον
1201 1671 1374 1732 ὄντες,
1409 1670 1441 1739 ἢ
1499 1669 1759 1738 φιλόθεοι,

175 1764 272 1815 τὸν
299 1763 430 1832 ἐμὸν
460 1763 792 1833 παρέϐαινον
837 1763 1022 1832 νόμον.
1066 1761 1208 1830 Ἐγὼ
1253 1763 1311 1815 δὲ
1367 1761 1453 1815 διὰ
1484 1761 1760 1832 πολεμίων

177 1851 369 1918 ἐφόδου
425 1851 646 1913 τούτους
687 1851 992 1916 ἐπαίδευον,
1048 1851 1135 1904 ὅτε
1175 1852 1266 1903 καὶ
1320 1851 1418 1921 τὴν
1450 1853 1580 1921 παρ’
1621 1853 1757 1922 ἐμοῦ

178 1942 458 2012 σωτηρίαν
497 1944 744 2012 ἐζήτουν.
783 1945 964 2014 Ὅπερ
1007 1944 1188 2006 αὐτοῖς
1217 1944 1497 2009 ὠνειδισα
1539 1943 1628 1997 διὰ
1664 1945 1762 2015 τῆς

190 2035 460 2102 Ἰερεμίου
496 2035 681 2104 φωνῆς
710 2035 884 2102 λέγων
903 2051 916 2065 ·
957 2053 974 2086 ι
1017 2035 1104 2087 Ἐν
1126 2035 1204 2105 τῷ
1234 2035 1411 2105 καιρῷ
1439 2035 1548 2088 τῶν
1575 2035 1762 2088 κακῶν

173 2126 361 2179 αὐτῶν
400 2124 640 2194 ἐροῦσιν,
684 2127 943 2192 Ἀνάστα,
1001 2127 1097 2179 καὶ
1142 2126 1316 2178 σῶσον
1376 2127 1541 2196 ἡμᾶς.
1581 2145 1600 2178 ι
1634 2127 1759 2192 Καὶ,

181 2238 202 2268 ‹
239 2217 348 2272 Ποῦ
373 2220 514 2271 εἰσιν
560 2219 610 2270 οἰ
642 2217 752 2270 θεοί
809 2235 922 2282 σου,
960 2217 1050 2281 οὓς
1107 2217 1371 2287 ἐποίησας
1419 2217 1665 2287 σεαυτῷς
1716 2220 1765 2270 εἰ

175 2311 580 2373 ἀναστήσονται
603 2311 697 2365 καὶ
720 2310 954 2363 σώσουσί
981 2316 1039 2363 σε
1064 2313 1120 2364 ἐν
1144 2310 1322 2381 καιρῷ
1344 2310 1444 2379 τῆς
1464 2309 1762 2373 κακώσεως

179 2417 315 2466 σόος
358 2421 375 2452 ι
409 2400 573 2462 Σώζω
599 2402 781 2456 τοίνυν
797 2404 984 2471 μόνος
1007 2403 1139 2471 ἐγὼ,
1168 2403 1242 2465 ὡς
1263 2403 1522 2456 δύνασθαι
1560 2403 1764 2474 μηδένα

176 2492 292 2544 τῶν
357 2491 515 2560 ἐμῶν
559 2493 897 2560 ἐξαρπάσαι
952 2491 1167 2562 χειρῶν
1222 2493 1329 2545 τὸν
1389 2491 1758 2560 σωζόμενον·

175 2583 440 2653 ποιήσω,
466 2586 562 2638 καί
602 2585 689 2650 τίς
711 2585 1113 2652 ἀποστρέψῃ
1147 2584 1313 2647 αὐτὸς
1349 2584 1541 2638 ἔδωκα
1569 2585 1676 2656 γὰρ
1697 2585 1764 2639 τὰ

178 2676 337 2747 ἔθνη,
371 2677 463 2730 καὶ
516 2677 602 2740 τίς
629 2675 788 2729 τοῦτο
845 2676 1144 2745 μεταϐαλεῖ
1209 2677 1344 2746 πρὸς
1379 2677 1439 2730 τὸ
1479 2678 1554 2746 μὴ
1592 2676 1767 2740 οὕτως

180 2768 366 2837 ἔχειν;
396 2768 478 2822 διὸ
535 2786 601 2821 πε
614 2769 667 2837 ρὶ
694 2768 805 2820 τῶν
833 2766 1030 2819 ἐαυτοῦ
1061 2768 1352 2837 προϐάτων
1379 2767 1564 2835 ἔλεγεν
1595 2770 1623 2820 ό
1654 2769 1765 2820 Σω-

178 2863 320 2928 τήρο
356 2878 375 2912 ι
403 2857 578 2927 Κάγὼ
603 2859 792 2929 δίδωμ’
821 2859 1006 2921 αὐτοῖς
1033 2857 1182 2928 ζωὴν
1211 2858 1450 2919 αἰώνιον,
1477 2860 1572 2911 καὶ
1603 2860 1664 2910 οὐ
1691 2858 1766 2927 μὴ

179 2952 496 3006 ἀπόλωνται
540 2953 621 3014 εἰς
677 2951 768 3004 τὸν
821 2950 1016 3004 αἰῶνα.
1076 2949 1189 3002 Καὶ
1235 2949 1297 3002 οὐ
1332 2948 1405 3018 μὴ
1435 2950 1659 3022 ἁρπάσῃ
1683 2967 1766 3012 τις

182 3044 330 3099 αὐτὰ
356 3047 421 3098 ἐκ
453 3047 554 3112 τῆς
583 3043 766 3113 χειρός
799 3061 922 3113 μου.
972 3042 1030 3094 ’0
1056 3043 1266 3112 Πατὴρ,
1311 3040 1368 3104 ὃς
1416 3041 1618 3094 δέδωκὲ
1653 3059 1766 3110 μοι,

1858 665 2032 721 fuero.
2069 665 2287 722 Dicebat
2314 668 2456 720 enim
2485 665 2736 720 Salvator
2769 683 2780 717 :
2808 685 2826 716 ι
2857 667 2914 720 Si
2939 681 3041 733 ego
3066 665 3439 720 testimonium

1861 761 2117 828 perhibeo
2148 762 2214 815 de
2253 777 2340 814 me
2394 764 2537 830 ipso,
2569 762 2942 815 testimonium
3005 775 3185 814 meum
3253 776 3439 814 verum

1859 859 1941 905 est
1975 866 1987 902 :
2022 854 2147 918 quia
2185 867 2284 922 ego
2313 854 2434 906 novi
2465 851 2608 905 unde
2638 868 2783 913 sum,
2815 861 2866 906 et
2903 868 3010 921 quo
3039 851 3179 904 vado
3209 851 3274 904 ”.
3314 870 3330 902 ι
3379 851 3442 904 Et
3509 862 3523 876 ‘

1862 958 2098 997 rursus:
2139 962 2156 994 ι
2186 943 2296 1022 Ego
2361 945 2734 999 testimonium
2791 946 3050 1013 perhibet;
3079 946 3144 996 de
3208 944 3440 1012 meipso,

1860 1041 1914 1086 et
1970 1042 2198 1089 testatur
2235 1035 2302 1088 de
2354 1051 2459 1101 me,
2499 1036 2590 1104 qui
2653 1035 2800 1088 misit
2845 1051 2929 1088 ine
2985 1035 3143 1089 Pater
3193 1035 3257 1090 ³⁸.
3320 1035 3444 1089 llmc

1862 1137 2044 1180 autem
2087 1129 2300 1182 loculus
2329 1143 2448 1183 sum
2476 1129 2648 1192 vobis,
2681 1137 2736 1180 ut
2765 1129 2973 1192 sciatis,
3005 1140 3051 1180 et
3076 1130 3328 1188 credatis.
3391 1139 3440 1182 ct

1863 1219 2192 1288 intelligetis,
2224 1220 2347 1287 quia
2375 1235 2466 1288 ego
2489 1235 2626 1272 sum.
2672 1239 2690 1270 ι
2738 1220 2897 1273 Fides
2931 1220 3074 1273 enim
3111 1221 3442 1289 cognitione,

1865 1310 1969 1363 fide
2012 1319 2192 1364 autem
2248 1311 2605 1380 intelligentia
2655 1322 3026 1380 coinparatur.
3075 1329 3092 1360 ι
3126 1311 3240 1365 Nisi
3300 1314 3444 1366 enim

1864 1401 2226 1466 credideritis,
2255 1403 2448 1472 inquit,
2487 1418 2592 1456 non
2623 1403 2932 1473 intelligetis
2958 1403 3023 1456 ³⁸.
3055 1423 3072 1454 ι
3108 1404 3210 1469 Qui
3263 1415 3445 1458 autem

1865 1509 1984 1548 smn
2015 1501 2274 1558 mternus,
2298 1509 2417 1547 sum
2444 1495 2582 1548 idem
2608 1500 2662 1546 et
2695 1493 2965 1548 Salvmor.
2990 1493 3054 1547 Et
3083 1497 3174 1563 qui
3210 1495 3446 1564 praemisi

1864 1585 2072 1639 salvare
2099 1601 2205 1651 me,
2251 1585 2302 1639 id
2334 1586 2498 1639 etiam
2529 1601 2624 1656 per
2648 1585 2930 1639 Christum
2966 1601 3157 1655 reapse
3193 1586 3443 1655 praestiti.

1865 1676 2198 1744 Exprobravi
2227 1685 2429 1742 autem,
2473 1678 2669 1747 inquit,
2715 1677 2924 1743 lsraeli,
2952 1693 3078 1732 eum
3122 1678 3296 1745 ipsum
3348 1693 3447 1734 v0-

1867 1771 2158 1839 luptatum,
2187 1783 2350 1839 quam
2409 1768 2500 1824 Dei
2524 1785 2645 1824 esse
2685 1769 3088 1836 amantiorem;
3124 1770 3215 1839 qni
3278 1771 3446 1838 legem

1867 1877 2040 1915 meam
2075 1846 2422 1931 przeterg'redi
2460 1878 2568 1916 non
2605 1861 2897 1916 dubitarit.
2927 1861 3030 1915 Sed
3100 1859 3318 1916 eosdem
3350 1874 3449 1929 ego

1865 1955 2150 2008 invasione
2207 1954 2446 2009 hostium
2503 1954 2763 2023 castigavi
2791 1995 2805 2020 ,
2844 1967 2966 2008 eum
2996 1968 3024 2006 a
3089 1970 3172 2006 me
3219 1953 3447 2007 salutem

1865 2052 2190 2116 quaererent,
2245 2047 2386 2099 sicut
2421 2060 2515 2114 per
2547 2043 2838 2099 Jeremiatu
2873 2043 3185 2113 exprobrari
3212 2043 3297 2097 his
3325 2057 3449 2096 ver-

1867 2139 1951 2193 bis
1986 2156 2044 2193 :c
2074 2139 2394 2208 lntempore
2434 2138 2699 2190 malorum
2742 2153 2966 2191 suarum
2995 2137 3200 2199 dicent,
3239 2135 3448 2188 Exsur-

1865 2244 1950 2298 ge,
1979 2238 2032 2283 et
2075 2230 2221 2284 salva
2260 2244 2357 2282 nos
2386 2230 2449 2270 ³⁷-
2487 2247 2505 2280 ι
2548 2225 2650 2281 Et:
2694 2246 2712 2276 ι
2749 2226 2851 2281 Ubi
2883 2235 3012 2282 sunt
3071 2226 3146 2280 dii
3177 2226 3276 2290 tui,
3311 2241 3451 2294 quos

1868 2316 2068 2369 frustra
2101 2316 2277 2370 fecisti
2325 2317 2418 2369 tibi
2450 2315 2473 2367 ?
2506 2331 2632 2369 num
2669 2324 2896 2384 surgent
2943 2325 2996 2370 et
3035 2316 3346 2370 liberabunt
3399 2322 3451 2368 te

1867 2407 1921 2461 in
1964 2417 2205 2476 tempore
2239 2408 2550 2462 aliiictionis
2579 2416 2686 2462 tuae
2715 2409 2797 2460 "1’
2825 2427 2842 2458 ›
2880 2407 3107 2461 Salvabo
3165 2407 3328 2474 igitur
3357 2421 3452 2474 ego

1867 2501 2052 2565 solus;
2088 2516 2185 2554 nec
2221 2500 2419 2568 poterit
2441 2501 2739 2569 quisquam
2782 2499 3031 2552 manibus
3065 2500 3191 2550 meis
3245 2513 3450 2556 eruere.

1867 2608 2027 2662 quem
2079 2592 2286 2643 salvere
2339 2599 2603 2647 statuero.
2662 2589 2907 2654 Faciam,
2959 2599 3009 2642 et
3063 2592 3178 2657 quis
3217 2592 3454 2643 avertet!

1869 2685 1990 2754 lpse
2031 2683 2230 2737 salvavi
2255 2691 2465 2753 gentes,
2499 2693 2552 2736 et
2586 2682 2710 2750 quis
2743 2691 2844 2745 est,
2883 2681 2974 2750 qni
3045 2696 3158 2734 rem
3213 2682 3283 2734 ita
3340 2696 3450 2734 non

1871 2776 2073 2831 habere
2099 2775 2279 2840 dicat;
2309 2782 2403 2827 aut
2438 2772 2695 2827 infectam
2734 2772 2976 2827 reddat?
3005 2771 3142 2825 llinc
3172 2781 3255 2826 est
3285 2773 3452 2842 igitur

1871 2866 2024 2927 illud,
2051 2866 2192 2934 quod
2238 2863 2307 2919 de
2336 2864 2454 2917 suis
2504 2865 2698 2918 ovibus
2729 2863 2946 2917 dicebat
2987 2863 3277 2917 Salvator:
3325 2882 3343 2914 ι
3390 2861 3454 2917 Et

1871 2975 1973 3030 ego
2005 2959 2126 3013 dedi
2161 2958 2242 3011 eis
2271 2956 2438 3010 vitam
2471 2959 2885 3025 sempiternam,
2924 2970 3096 3024 neque
3119 2953 3371 3024 peribunt
3397 2953 3450 3006 in

1873 3049 2155 3111 saeculum,
2200 3062 2376 3116 neque
2405 3061 2498 3100 eas
2551 3045 2785 3114 abripiet
2827 3044 3116 3114 quisquam
3169 3044 3235 3098 de
3288 3059 3453 3097 manu

185 3137 410 3189 πάντων
441 3135 640 3205 μείζων
675 3135 811 3198 ἐστί,
843 3135 940 3188 καὶ
962 3133 1137 3194 οὐδεὶς
1158 3133 1382 3186 δύναται
1413 3133 1682 3200 ἁρπάζειν
1707 3138 1765 3187 ἐκ

1877 3155 2015 3194 mea.
2053 3139 2234 3203 Pater,
2262 3139 2353 3207 qui
2393 3137 2541 3192 dedit
2574 3138 2726 3202 mihi,
2757 3137 3000 3191 omnium
3024 3144 3107 3190 est
3137 3135 3446 3206 potentissi-

183 3229 290 3299 τῆς
320 3229 498 3297 χειρὸς
527 3228 624 3282 τοῦ
650 3228 890 3298 ιῖατέρος
931 3244 1052 3296 μου.
1113 3245 1131 3277 ›
1170 3226 1326 3294 Φωνὴ
1376 3226 1486 3294 γὰρ
1529 3224 1666 3295 αὑτὴ
1706 3229 1769 3296 τῇ

148 3315 153 3319 ’
185 3320 531 3391 προκειμένῃ
561 3320 883 3389 συνᾴδουσα.
916 3315 1074 3379 Τινὲς
1107 3315 1162 3368 δέ
1202 3315 1264 3368 τὸ
1288 3353 1303 3378 ,
1353 3315 1608 3381 ἐποίησα
1663 3315 1771 3368 ἅλ-

183 3410 392 3480 λαγμά
424 3426 542 3466 σου
568 3412 893 3480 Αἴγυπτον,
930 3411 1008 3473 εἰς
1042 3407 1352 3479 ὑπόμνησιν
1393 3406 1648 3477 εἰρῆσθαι
1676 3409 1774 3476 τῆς

185 3507 250 3570 ἐξ
281 3503 558 3572 Αἰγύπτου
584 3506 746 3574 φασὶν
776 3505 1114 3574 ἐλευθερίας.
1137 3507 1275 3561 Ὅλα
1307 3507 1416 3576 γὰρ
1444 3505 1571 3576 ἔθνη
1601 3524 1773 3576 τιμω-

190 3591 509 3661 ρησάμενος
543 3591 701 3662 ὑμῶν
731 3594 1301 3666 ἀντικατηλλαξάμην.
1349 3595 1650 3666 Τοιγαροῦν
1677 3599 1776 3648 ἐπ-

189 3685 338 3751 άγειο
357 3684 482 3753 ’Λφ’
503 3680 576 3740 οὗ
592 3685 834 3755 ἔντιμος
855 3687 1070 3756 ἐγένου
1099 3688 1358 3741 ἐνώπιον
1381 3687 1547 3756 ἐμοῦ,
1568 3686 1774 3751 ὲδοξά·

184 3781 368 3842 σθης.
399 3778 472 3830 Οὐ
502 3777 612 3848 γὰρ
630 3779 807 3850 οἰκείᾳ
836 3779 1153 3849 δυνάμειτὰ
1177 3779 1305 3850 ἔθνη
1330 3779 1639 3849 νενίκηκας,
1669 3781 1772 3848 ἐμῇ

185 3867 248 3920 δὲ
270 3866 432 3940 ῥώμῃ
463 3883 524 3920 τε
557 3871 649 3922 καὶ
683 3870 990 3941 συμμαχίᾳ,
1015 3872 1108 3923 καὶ
1131 3871 1199 3923 τὰ
1222 3871 1355 3940 πρὸς
1380 3870 1568 3940 χρείαν
1585 3869 1668 3923 ἀεὶ
1682 3887 1773 3939 χο-

188 3958 560 4029 ρηγήσσιντος,
590 3959 660 4023 ὡς
684 3963 752 4013 τὰ
782 3961 942 4032 πέριξ
975 3961 1102 4032 ἐθνη
1130 3960 1432 4031 θαυμάζειν
1461 3960 1775 4030 καταπλητ-

185 4047 415 4118 τόμενα.
443 4049 552 4104 Καὶ
585 4051 681 4104 νῦν
718 4050 775 4104 δὲ
813 4051 997 4119 δράσω
1017 4051 1084 4104 τὰ
1119 4053 1497 4123 παραπλήσια.
1529 4052 1648 4106 Κᾶν
1669 4051 1776 4124 γὰρ

184 4137 269 4199 ὡς
304 4137 546 4191 ἁλουσῶν
574 4139 682 4193 τῶν
724 4138 755 4192 ι’
785 4141 969 4209 φυλῶν
1002 4142 1362 4204 ὑπεκλύεσθε,
1413 4141 1520 4212 χρὴ
1556 4144 1776 4194 σκοπεῖν

184 4228 269 4290 ὠς
312 4229 363 4281 εἰ
413 4230 676 4301 γενοίμην
729 4233 858 4302 ὑμῖν
914 4233 1170 4306 εὐμενὴς,
1202 4235 1539 4304 πανταχόθεν
1574 4233 1778 4298 πάντες

183 4317 553 4388 carcinode,
582 4323 675 4375 καὶ
707 4323 768 4376 τὸ
795 4324 893 4392 τὴν
940 4325 1239 4396 ἀνάκλησιν
1284 4327 1570 4379 κωλύσων
1599 4326 1774 4379 οὐδέν.

184 4410 304 4462 Καὶ
338 4409 438 4481 τὴν
469 4411 642 4484 ἀρχὴν
671 4413 779 4486 γὰρ
801 4413 952 4484 ἐμῆς
975 4417 1139 4470 ἕνεκα
1172 4415 1357 4483 δόξης
1384 4419 1776 4488 περιεποιησά-

1876 3247 2150 3296 mus;nec
2189 3240 2365 3301 potest
2395 3230 2683 3300 quisquam
2733 3243 2927 3298 rapere
2967 3228 3033 3283 de
3065 3244 3228 3281 manu
3276 3226 3456 3281 Patris

1875 3327 1978 3381 mei
2008 3326 2070 3377 ³⁸.
2107 3344 2125 3376 ι
2159 3323 2444 3378 Consentit
2494 3322 2636 3374 enim
2694 3336 2794 3374 vox
2858 3319 2982 3381 ἰδία,
3040 3335 3162 3373 cum
3215 3319 3282 3372 iis
3337 3334 3458 3387 qua:

1876 3418 2034 3471 nobis
2099 3429 2126 3466 a
2181 3414 2446 3483 propheta
2505 3418 2908 3482 proponuntur.
2966 3410 3224 3464 Nonnulli
3273 3421 3452 3465 autem

1873 3507 2018 3578 quod
2055 3507 2155 3576 [cci
2177 3505 2643 3559 commutationem
2688 3513 2833 3556 tuam
2866 3500 3156 3572 (Egyptum
3187 3501 3341 3564 dixit,
3373 3503 3458 3555 id-

1877 3602 2093 3669 ipsum;
2129 3605 2187 3651 ut
2218 3611 2277 3652 se
2323 3595 2645 3666 Egyptiaca
2701 3596 2963 3649 servitute
3025 3595 3283 3648 liberatos
3337 3610 3458 3647 esse

1879 3688 2245 3751 meminerint,
2280 3687 2592 3755 appositum
2621 3685 2964 3738 arbitrantur
2990 3675 3014 3748 ;'
3037 3685 3192 3752 quasi
3240 3693 3457 3752 sumpta

1877 3782 1944 3837 de
1978 3781 2230 3850 gentibus
2253 3778 2520 3832 universis
2552 3775 2755 3829 ultione
2782 3775 2903 3828 illos
2945 3775 2996 3826 in
3025 3775 3250 3828 istorum
3279 3776 3457 3828 locmn

1877 3887 1936 3926 se
1973 3869 2324 3924 substituisse
2352 3867 2517 3920 dicat.
2555 3863 2740 3932 Itaque
2768 3863 2953 3933 adjicit
2993 3880 3004 3914 :
3038 3863 3111 3916 Ex
3162 3880 3262 3932 quo
3296 3865 3460 3917 hono-

1878 3963 2066 4016 rabilis
2097 3960 2270 4028 [actus
2297 3975 2348 4012 es
2377 3959 2431 4010 in
2455 3967 2732 4019 conspectu
2763 3972 2892 4020 meo,
2920 3954 3252 4024 gloriﬁcatus
3293 3956 3458 4028 487

1877 4069 1951 4106 es.
1992 4049 2174 4119 Neque
2205 4049 2349 4103 enim
2382 4055 2475 4099 tua
2499 4045 2721 4110 virtute,
2757 4047 2849 4100 sed
2881 4047 3017 4100 meis
3053 4046 3280 4109 viribus,
3308 4063 3460 4101 nieo-

1877 4156 1983 4211 que
2006 4138 2212 4193 auxilio
2241 4145 2432 4208 gentes
2469 4137 2764 4206 superasti,
2799 4136 2889 4204 qui
2921 4137 3052 4189 nulli
3087 4145 3136 4191 te
3160 4137 3321 4191 rebus
3338 4155 3460 4208 cge-

1880 4249 1938 4288 re
1969 4245 2162 4302 passus
2194 4231 2295 4284 sim
2325 4247 2340 4283 :
2375 4228 2516 4283 unde
2549 4236 2604 4282 et
2637 4227 2831 4283 vicinis
2872 4228 3112 4298 undique
3147 4229 3460 4298 regionibus

1879 4335 2086 4391 magnae
2117 4335 2224 4374 non
2261 4317 2609 4372 admirationi
2661 4327 2893 4381 tantum,
2922 4319 3015 4373 sed
3053 4319 3250 4373 terrori
3299 4321 3460 4373 etiam

1879 4411 2157 4470 exstitisti.
2212 4410 2373 4480 Atqui
2415 4409 2524 4464 illis
2553 4409 2853 4464 etiamnum
2909 4410 3068 4480 plane
3124 4410 3323 4464 similia
3366 4411 3463 4464 ad-

186 4517 303 4572 μην
332 4503 497 4574 ὑμᾶς,
527 4506 622 4557 καὶ
650 4505 718 4558 τὰ
746 4506 881 4577 πρὸς
913 4507 1014 4577 ἐμὲ
1061 4508 1518 4578 τυφλώττοντῑις
1554 4508 1765 4562 ἐλευθε-

1881 4506 2149 4561 missurus
2172 4503 2298 4558 sim.
2328 4501 2445 4557 Etsi
2473 4501 2620 4556 enim
2680 4508 2938 4571 tanquam
2975 4502 3150 4571 captis
3210 4503 3462 4557 tribubus

187 4593 316 4664 ρίας
369 4596 601 4663 ἠξίωσα.
641 4598 714 4651 Οὐ
777 4599 886 4669 γὰρ
937 4598 1152 4654 οῐκοθεν
1189 4599 1437 4670 κινηθεὶς
1487 4598 1770 4669 ᾠκειὼοης

181 4687 334 4758 ἐμοί.
359 4687 424 4740 Τί
447 4684 540 4742 οὖν
567 4690 707 4760 μετὰ
730 4690 1002 4763 τοσαύτην
1027 4695 1244 4764 πεῖραν,
1267 4694 1342 4755 ὡς
1377 4693 1513 4764 μήτε
1543 4693 1765 4759 ἰδόντες,

184 4777 335 4848 μήτε
377 4779 484 4849 μὴν
509 4782 809 4852 ἀκηκοότες
843 4783 1258 4853 τυφλώττετε;

1878 4601 2088 4664 decem,
2147 4612 2314 4668 prope
2366 4595 2622 4656 delleitis.
2691 4611 2826 4649 non»
2869 4594 3122 4666 ignorare
3153 4610 3248 4650 vos
3307 4593 3464 4648 decet

1877 4703 2080 4755 tamen,
2105 4703 2210 4754 me,
2245 4688 2290 4744 si
2322 4687 2567 4757 placidus
2590 4701 2714 4741 esse
2737 4701 2976 4755 τωρωι-ο,
3011 4701 3199 4741 omnes
3224 4685 3465 4756 undique

1877 4793 2206 4847 coacturum,
2239 4795 2416 4848 neque
2451 4776 2742 4833 revocandi
2797 4776 3110 4831 institutum
3165 4777 3462 4847 quidquam

183 4883 315 4924 esse
365 4871 774 4936 prohibiturum.
815 4873 950 4929 Nam
997 4885 1050 4931 et
1112 4893 1208 4932 vos
1242 4878 1310 4931 ab
1369 4875 1529 4932 initio
1564 4846 1768 4947 ’gloria:
1808 4897 1932 4934 mew
1963 4878 2209 4932 serviens
2271 4871 2401 4926 mihi
2456 4869 2745 4938 acquisivi,
2781 4876 2836 4922 et
2857 4868 3211 4938 quantumvis
3267 4867 3321 4920 in
3379 4884 3464 4924 ine

180 4963 522 5018 cccutientes
580 4966 742 5020 etiam
810 4967 1060 5022 libertate
1109 4967 1330 5021 donavi.
1390 4967 1578 5038 Neque
1630 4971 1775 5024 enim
1819 4979 2006 5038 tuopte
2040 4966 2278 5037 ingenio,
2338 4971 2540 5030 tuaque
2580 4969 2790 5013 tantum
2845 4959 3044 5016 ductus
3116 4960 3280 5012 animi
3339 4976 3463 5028 prn-

183 5057 458 5127 pensitate
489 5059 622 5113 mihi
658 5060 958 5117 adlmsisti.
994 5060 1132 5128 Quid
1165 5061 1330 5132 igitur
1393 5068 1542 5115 tanta
1607 5063 1840 5132 experti,
1884 5072 2143 5130 tanquam
2208 5055 2344 5110 nihil
2399 5053 2707 5116 audieritis,
2741 5052 2989 5121 nihilque
3029 5051 3293 5116 videritis,
3357 5052 3458 5122 ipsi

157 5141 454 5204 'ccccutitir
478 5151 501 5203 ?

273 5242 711 5316 ’Υπομιμνήσκει
739 5247 797 5301 δὲ
830 5249 1048 5315 αὐτοὺς,
1075 5247 1150 5313 ὡς
1181 5248 1276 5301 καὶ
1320 5248 1496 5302 πάντα
1547 5247 1612 5301 τὰ
1648 5247 1776 5318 ἔθνη

189 5337 291 5389 σὺν
351 5336 659 5405 Ἀσσυρίοις
714 5341 1162 5409 ἐπεστράτευσαν
1235 5339 1596 5410 Ἰερουσαλὴμ
1643 5340 1774 5410 Θαρ-

193 5426 396 5497 ῥοῦντα
426 5431 539 5492 τοῖς
571 5430 721 5494 ἰδίοις
749 5431 912 5497 θεοῖς,
939 5434 1072 5504 παρ’
1100 5425 1175 5487 ὧν
1204 5433 1265 5485 οὐ
1310 5433 1562 5502 βοήθειαν
1593 5433 1772 5503 ἔσχον,

189 5520 252 5572 οὐ
285 5519 384 5582 τὰς
435 5522 737 5589 μελλούσας
785 5526 1140 5596 προέγνωσαν
1191 5526 1402 5588 ἐαυτοῖς
1460 5525 1766 5594 συμφοράς.

206 5613 572 5683 Ὄγδοηκοντα
598 5617 758 5670 πέντε
781 5619 889 5689 γὰρ
916 5619 1150 5688 χιλιάδες
1174 5619 1377 5672 τούτων
1401 5617 1773 5672 πεπτώκασιν.

1957 5249 2141 5315 Neque
2174 5257 2304 5296 vero
2327 5256 2422 5295 eos
2453 5239 2662 5308 patitur
2685 5235 2965 5301 oblivisci,
2998 5234 3458 5304 quemadmodum

1880 5347 1933 5392 et
1967 5343 2158 5406 gentes
2185 5346 2400 5393 omnes,
2433 5329 2642 5397 junctis
2669 5343 2793 5382 cum
2826 5326 3057 5397 Assyrio
3087 5323 3320 5386 viribus,
3347 5324 3461 5378 b'el-

1886 5427 1934 5479 lo
1961 5421 2268 5479 Jerusalem
2300 5417 2548 5487 aggressi
2585 5423 2737 5476 sunt,
2771 5431 2894 5468 cum
2929 5413 3036 5468 diis
3068 5412 3183 5468 seis
3211 5411 3454 5466 conlide-

1880 5524 2027 5579 rent;
2065 5530 2096 5570 a
2133 5513 2333 5584 quibus
2375 5525 2550 5579 neque
2602 5508 2866 5560 auxilium
2907 5506 3076 5558 nllmn
3141 5511 3455 5583 senserunt,

1889 5622 2065 5675 neque
2099 5605 2203 5660 sibi
2242 5603 2578 5658 calamitates
2613 5597 2926 5668 impendere
2955 5596 3340 5671 praeviderunt.
3381 5593 3457 5649 Ex

266 5788 308 5819 "
341 5789 478 5846 Joan
533 5807 652 5854 vin,
690 5791 769 5846 li.
852 5793 896 5823 ³⁸
926 5793 1055 5847 ibid.
1095 5793 1176 5847 18.
1257 5793 1298 5822 ³⁸
1341 5791 1443 5848 Ιδιι,
1481 5805 1571 5849 vn,
1604 5790 1656 5843 9.
1736 5789 1765 5816 ³·

1873 5801 2002 5840 :t'em
2056 5800 2093 5848 ι,
2123 5784 2210 5838 27.
2290 5783 2333 5814 ³⁸
2369 5782 2502 5836 ibid.
2535 5781 2625 5834 ‘28.
2710 5780 2752 5810 39
2780 5777 2938 5833 Joan.
2979 5794 3030 5836 χ,
3061 5779 3151 5839 ‘28.
3186 5777 3273 5831 '29.
