3946 6306
171 341 320 410 2303

1281 355 1805 421 COMMENTARII
1870 362 1953 423 IN
2014 363 2297 426 ISMAM.

3302 370 3441 435 2395

167 456 436 529 πλησίους
456 459 805 530 ἐσϐεσμένφ
829 478 903 515 πα
911 462 1275 533 ραϐάλλεσθαι
1294 465 1446 532 λίνῳ
1465 466 1541 537 τῷ
1565 468 1766 539 ῥαδίως

1881 473 2093 526 tentiam
2147 488 2346 539 meam,
2390 482 2445 528 et
2485 488 2650 544 quam
2681 475 2748 531 de
2783 476 2943 532 vobis
2984 491 3174 532 curam
3217 479 3440 535 habeam

163 550 534 621 ἀναπτομένῳ
566 553 661 605 καὶ
691 553 1076 622 σϐεννυμένψ
1114 557 1276 625 τυχὶν
1302 556 1432 627 ψιλῇ
1483 561 1576 612 καὶ
1624 560 1761 633 μόνῃ

161 642 338 715 χειρί.
366 645 662 715 Διήγαγνον
690 645 747 698 δὲ
776 647 975 715 τρίϐον
1001 649 1195 711 αὐτοὺς
1225 649 1295 702 ἐν
1325 649 1496 703 ὕδατι
1529 652 1665 720 πρὸς
1694 654 1758 722 τῇ

164 733 458 804 θαλάσσῃ
481 737 576 789 καὶ
607 736 698 789 τὸν
729 739 974 807 ποταμὸν
1011 738 1374 810 Ἰορδάνην.“0
1410 744 1506 796 καὶ
1547 743 1763 815 θαυμά-

165 825 281 890 ζων
297 828 464 897 φησιν
481 829 507 881 ὁ
523 826 690 880 Δαὸίδ
703 845 716 858 ·
753 846 780 877 ι
799 829 864 881 Τί
888 830 971 882 σοί
994 831 1132 897 ἐστι,
1150 830 1417 897 θάλασσα,
1434 834 1517 886 ὅτι
1536 833 1758 903 ἔφυγες,

165 921 271 975 καὶ
306 922 398 984 σὺ,
432 920 692 991 Ἰορδάνη,
721 922 803 975 ὅτι
831 923 1108 995 ἑστράφης
1153 927 1231 988 εἰς
1254 925 1321 979 τὰ
1350 927 1561 992 όπίσω;
1596 947 1612 977 ι
1653 929 1763 982 Καὶ

166 1011 372 1065 πάλινο
410 1029 430 1062 ι
457 1011 516 1064 '0
551 1012 946 1083 μεταστρέφων
987 1013 1087 1083 τὴν
1128 1015 1403 1068 θάλασσαν
1441 1017 1521 1078 είς
1569 1016 1760 1087 ξηρὰν,

165 1103 232 1154 ὲν
297 1101 526 1172 ποταμῷ
568 1101 933 1157 διελεύσονται
978 1103 1116 1157 ποδί.
1146 1124 1163 1154 ι
1215 1104 1338 1169 Πῶς
1381 1105 1440 1157 δὲ
1468 1107 1629 1169 αὐτὸς
1669 1105 1764 1170 ἐξ·

166 1191 399 1260 ἤγαγεν
431 1192 663 1262 ἅρματα
699 1193 803 1246 καί.
827 1193 1015 1247 ἵππον
1033 1212 1052 1259 ;
1080 1194 1249 1270 Δῆλον
1288 1195 1398 1266 γὰρ
1430 1196 1505 1259 ὼς
1535 1196 1626 1250 τὸν
1662 1197 1763 1249 ἰσ-

169 1282 321 1353 ραὴλ
348 1282 524 1354 οἰκείᾳ.
545 1283 863 1354 προαιρέσει
882 1284 1081 1355 Φαραὼ
1109 1285 1449 1351 κατεδίωξεν,
1467 1287 1651 1356 ἐπειδή
1661 1304 1764 1355 περ

169 1373 392 1444 εἴρηται
421 1374 574 1442 παρὰ
604 1373 740 1427 Θεοῦ
764 1375 901 1442 πρὸς
918 1375 1101 1429 αὐτόν’
1139 1394 1157 1426 ι
1195 1375 1289 1438 Είς
1318 1376 1476 1430 τοῦτο
1504 1378 1765 1448 ἐξήγειρᾶ

170 1481 238 1516 σε
285 1466 432 1528 ὅπως
480 1465 803 1536 ἐνδείξωμαι
854 1468 911 1520 ὲν
965 1467 1049 1520 σοὶ
1086 1466 1184 1537 τὴν
1216 1467 1446 1538 δύναμίν
1501 1487 1636 1539 μου,
1672 1469 1764 1523 καὶ

166 1556 328 1621 ὅπως
352 1557 612 1628 διαγγελῇ
634 1559 693 1611 τὸ
717 1558 889 1629 ὄνομα
920 1576 1025 1629 μου
1052 1561 1116 1628 ⁹ὲν
1148 1560 1298 1631 πάσῃ
1326 1564 1390 1631 τῇ
1423 1563 1516 1632 γῇ.
1553 1581 1571 1614 ι
1608 1561 1765 1615 Οὖτω

167 1646 233 1699 δὲ
268 1647 518 1710 καὶτοὺς
546 1647 849 1716 φεύγοντας
890 1649 992 1720 τὴν
1040 1649 1171 1721 περὶ
1210 1651 1280 1704 τὰ
1312 1652 1472 1722 γήϊνα
1502 1651 1761 1722 σπουδὴν,

171 1740 286 1794 ὑπό
328 1757 387 1793 τε
426 1740 519 1793 τοῦ
564 1740 811 1794 διαόόλου
861 1740 1224 1812 διωκομένους
1254 1741 1417 1807 σώζει
1448 1744 1764 1814 παραδόξως

1870 559 2097 614 ostendi.
2134 559 2273 615 Olim
2309 563 2584 633 siquidem
2620 570 2675 619 et
2713 579 2816 636 ego
2849 573 2903 620 te
2926 581 2992 620 ex
3025 565 3260 638 Egypto
3282 567 3449 623 eduxi

1868 666 1963 721 per
1988 667 2160 716 mare,
2182 655 2237 707 in
2261 655 2405 724 quod
2432 653 2742 710 Pharaonis
2759 659 3065 712 exercitum
3090 660 3163 713 ita
3187 659 3445 725 demersi,

1870 754 1930 819 ιιι
1962 745 2017 798 in
2043 744 2315 814 profundo
2340 748 2577 815 sepultus
2617 748 2746 803 inde
2774 757 2966 819 postea
3002 766 3106 803 non
3127 751 3445 807 surrexerit.

1869 833 1990 899 Quo
2016 830 2221 889 factum
2255 845 2362 899 est,
2396 846 2455 891 ut
2487 837 2717 893 ﬂamma:
2744 853 2851 893 non
2885 840 3168 896 absimiles
3184 841 3448 895 exstincto

1870 922 1981 978 lino
2004 937 2435 994 comparentur;
2469 929 2614 998 quod
2637 937 2696 983 ιιι
2717 930 2878 985 facile
2914 930 3231 986 incendium
3264 933 3452 986 conci-

1871 1016 1975 1085 pit,
2002 1018 2074 1071 ita
2112 1017 2264 1072 nullo
2299 1019 2519 1086 negotio
2548 1019 2784 1077 fortasse
2808 1021 2953 1076 nuda
2987 1030 3199 1078 tantum
3223 1025 3450 1092 solaque

1871 1121 2031 1159 manu
2063 1108 2427 1177 restinguitur.
2447 1108 2711 1173 Ateduxi,
2731 1111 2929 1180 inquit,
2951 1127 3059 1165 non
3089 1113 3229 1166 mari
3247 1114 3448 1176 solum;

1872 1198 1965 1252 sed
1999 1214 2094 1268 per
2138 1216 2292 1269 aqua?
2328 1201 2572 1254 semitam
2606 1204 2793 1267 etiam,
2838 1202 2891 1258 id
2926 1211 3032 1270 est,
3073 1219 3170 1274 per
3190 1202 3450 1261 Jordanis

1870 1290 2132 1355 ﬂuvium;
2171 1290 2316 1359 quod
2362 1292 2669 1347 admiratus
2707 1291 2881 1347 David
2920 1294 3067 1366 hunc
3116 1294 3168 1348 iu
3229 1292 3450 1348 modum

1870 1385 2070 1440 cecinit
2105 1404 2118 1441 :
2151 1404 2170 1437 ι
2193 1385 2330 1450 Quid
2367 1394 2452 1441 est
2480 1388 2599 1451 tibi,
2632 1402 2802 1452 mare,
2838 1387 2984 1458 quod
3018 1387 3242 1458 fugisti;
3278 1398 3333 1444 et
3367 1399 3447 1454 ιιι,

1868 1472 2145 1537 Jordanis,
2165 1475 2293 1544 quia
2323 1489 2628 1531 conversus
2655 1492 2715 1532 es
2740 1486 3043 1532 retrorsum
3080 1477 3161 1530 “?
3193 1498 3210 1530 ι
3244 1478 3310 1532 Ει
3330 1496 3454 1532 rur-

1869 1575 2034 1615 sum:
2074 1579 2093 1612 ι
2135 1559 2238 1626 Qui
2281 1565 2556 1618 convertit
2598 1578 2748 1619 mare
2789 1565 2844 1619 in
2893 1565 3142 1633 siccum;
3176 1567 3233 1622 in
3283 1565 3450 1621 ﬂuvio

1871 1657 2288 1724 pertransibunt
2338 1657 2473 1727 pede
2502 1662 2568 1713 ”.
2607 1678 2625 1710 ι
2666 1658 2787 1726 Quo
2828 1660 2993 1715 modo
3043 1671 3226 1716 autem
3269 1660 3453 1715 eduxit

1872 1764 2082 1811 currus,
2118 1758 2169 1804 et
2193 1766 2377 1819 equum
2397 1752 2423 1804 .9
2456 1752 2745 1807 Enimvero
2770 1759 2982 1807 certum
3008 1761 3093 1808 est
3113 1751 3451 1806 Pharaonem

170 1832 314 1896 Θεὸς
341 1832 614 1903 βάσιμον
650 1833 834 1897 αὐτοῖς
865 1834 1185 1902 ἀποφαίνων
1214 1834 1309 1886 τοῦ
1345 1835 1614 1906 παρόντος
1644 1836 1763 1907 βίου

1881 1855 1964 1894 ma
2007 1850 2223 1896 tantum
2262 1843 2542 1898 voluntate
2587 1842 2842 1899 lsraelem
2899 1852 3247 1914 persecutum
3292 1859 3452 1907 esse.

170 1925 273 1979 τὸν
305 1924 573 1990 κλύδωνα,
594 1929 707 1988 τοῖς
727 1925 922 1979 τούτου
953 1928 1360 1996 περισπασμοῖς
1381 1927 1442 1980 οὗ
1468 1927 1769 1997 συγχωρῶν

172 2016 645 2085 κατακλύζεσθαι,
674 2018 838 2070 οἱονεὶ
864 2017 1284 2089 καταξηραίνων
1304 2019 1433 2081 τοὺς
1453 2019 1772 2072 ἐπιπίπτον-

171 2127 278 2173 τας
303 2110 665 2179 πειρασμοὺς,
686 2109 754 2162 ἵν’
770 2108 1050 2180 ίσχύσειαν
1072 2111 1142 2163 ἐν
1159 2109 1238 2178 τῇ
1265 2110 1552 2178 γεγονότες
1575 2110 1770 2180 ἐρήμῳ

174 2199 272 2252 νοῦ
304 2200 640 2253 καταστάσει
689 2199 914 2270 σχολαία
958 2199 1054 2253 καὶ
1084 2198 1305 2270 καθαρᾷ
1331 2198 1420 2252 τὸν
1455 2191 1768 2271 ἐξόὖρανοῦ

176 2291 284 2361 μὲν
312 2290 477 2361 ἄρτον
504 2292 714 2359 φαγεῖν,
748 2291 809 2344 τὸ
830 2290 887 2344 δὲ
915 2290 981 2343 ἐκ
1005 2289 1211 2361 πέτρας
1239 2290 1397 2359 ὕδωρ
1427 2293 1572 2371 πιεῖν
1593 2308 1607 2321 ο
1629 2293 1767 2363 ὅπερ

173 2384 332 2436 ἐστὶν
365 2382 423 2434 ὲν
460 2381 672 2452 μεθέξει
704 2381 958 2450 γενέσθαι
983 2380 1222 2453 Χριστοῦ
1245 2424 1259 2448 ,
1288 2381 1517 2435 διελθεῖν
1571 2401 1631 2435 τε
1674 2383 1768 2436 τὸν

189 2475 469 2549 Ἰορδάνην
496 2476 589 2528 καὶ
622 2473 726 2542 γῆς
752 2474 853 2543 τῆς
880 2473 1303 2545 ἐπηγγελμένης
1332 2476 1540 2544 τυχεῖν.

1867 1945 1992 1984 cum
2028 1946 2059 1985 a
2097 1931 2210 1987 Deo
2246 1934 2369 2004 ipse
2401 1937 2458 1989 in
2503 1936 2648 1990 hunc
2688 1938 2912 1992 modum
2935 1937 3221 1993 'audiverit
3267 1955 3280 1992 :
3332 1957 3350 1991 ι
3395 1938 3454 1992 In

1868 2022 1971 2078 hoc
1994 2025 2229 2080 excitavi
2266 2034 2341 2093 te,
2372 2035 2432 2081 ιιι
2463 2027 2841 2084 demonstrem
2883 2029 3044 2101 49],
3091 2031 3142 2084 ἰη
3178 2038 3230 2083 te
3257 2041 3455 2099 poten-

1866 2113 2000 2167 tiam
2041 2130 2255 2180 meam;
2299 2126 2353 2172 et
2404 2128 2463 2173 ut
2516 2115 2878 2175 annuntietur
2920 2135 3122 2175 nomen
3164 2135 3345 2174 meum
3403 2121 3455 2171 in

1866 2205 2133 2261 universa
2164 2215 2310 2261 terra
2340 2209 2407 2261 θ’.
2447 2227 2465 2259 ι
2504 2207 2596 2262 Sic
2624 2222 2752 2263 vero
2786 2219 2839 2264 et
2875 2224 2970 2264 eos
3012 2211 3200 2273 etiam,
3229 2209 3319 2278 qui
3370 2224 3457 2261 re-

1874 2309 1997 2349 rum
2026 2296 2394 2353 humanarum
2414 2315 2581 2355 curas
2604 2301 2842 2371 fugiunt,
2862 2302 2952 2356 vel
2982 2300 3102 2369 ipso
3132 2303 3461 2370 insequente

1876 2384 2140 2453 diabolo,
2194 2389 2596 2445 admirabiliter
2663 2391 2920 2446 liberabit
2968 2389 3147 2456 Deus;
3202 2392 3283 2447 sic
3331 2391 3458 2444 item

1878 2476 2044 2545 hujus
2060 2478 2187 2532 vitae
2214 2478 2333 2540 iter,
2357 2490 2616 2549 tanquam
2644 2481 2812 2534 maris
2826 2482 3073 2545 aestuosi,
3098 2495 3165 2533 ne
3193 2479 3458 2534 ﬂuctibus

174 2569 305 2638 ejus
325 2569 755 2631 absorbeanlur,
778 2566 1070 2621 desiccatis
1096 2579 1219 2635 qua:
1243 2573 1543 2620 occurrunt
1564 2565 1979 2631 tcntalionibus,
2013 2568 2255 2636 pervium
2283 2569 2483 2635 faciet,
2522 2576 2582 2623 ut
2645 2571 2719 2643 iu.
2755 2579 2896 2624 terra
2954 2570 3183 2635 deserta,
3272 2572 3462 2639 quieto

172 2672 238 2721 et
265 2679 403 2734 puro
433 2663 628 2717 mentis
658 2669 804 2716 statu
830 2674 1024 2731 panem
1049 2659 1118 2714 de
1145 2659 1286 2714 caelo
1318 2659 1501 2723 edere,
1534 2675 1827 2729 aquamque
1856 2658 1927 2715 de
1984 2668 2137 2729 petra
2164 2663 2382 2730 bibere;
2410 2663 2464 2717 id
2527 2672 2634 2728 est,
2688 2661 2893 2718 Christi
2960 2662 3252 2733 participes
3317 2661 3458 2727 ﬂeri,

175 2759 245 2802 οι
272 2756 511 2811 Iordane
548 2753 780 2822 traiecto
816 2752 1090 2822 promissa
1127 2760 1272 2805 terra
1310 2751 1472 2820 potiri
1511 2751 1746 2805 valeant.

267 2847 410 2901 ’Δλν
443 2845 536 2899 ἐπὶ
581 2844 680 2915 τὴν
730 2842 970 2913 ἱστορίαν
1001 2832 1557 2912 παλινδρομήσωμεν.
1588 2841 1776 2895 Ταῦτα

183 2936 289 3009 μὶν
309 2931 426 3001 οὖν,
444 2933 597 3004 φησὶ,
621 2933 789 2986 πάλαι
807 2932 1107 3007 πεποίηκα.
1124 2931 1260 2985 Νυνὶ
1279 2930 1338 2984 δὲ
1359 2932 1427 2984 τὰ
1445 2932 1501 2983 ἐν
1521 2929 1782 3000 Αἰγύπτῳ

181 3025 283 3080 καὶ
314 3020 623 3077 Βαϐυλῶνι
651 3023 716 3093 τῇ
742 3022 851 3075 τῶν
882 3021 1150 3075 ἐπιόντων
1179 3019 1454 3092 ὑπερϐολῇ
1489 3020 1784 3091 σιγηθήσε-

181 3133 302 3171 ται.
318 3114 465 3169 Ἀντλ
482 3115 539 3167 δὲ
555 3113 647 3166 τοῦ
670 3113 1120 3182 σικιλογίζεσθε,
1144 3114 1438 3184 Σύμμαχος
1455 3112 1782 3179 ἐννοεῖσθε,

1951 2835 2060 2891 Sed
2091 2838 2156 2889 ad
2199 2834 2484 2891 historiam
2528 2846 2886 2890 revertamur.
2921 2834 3045 2891 Haec
3094 2837 3315 2907 quidem
3360 2841 3458 2906 ait,

1880 2928 2009 2983 olim
2043 2942 2074 2981 a
2101 2941 2189 2981 me
2219 2925 2411 2981 eﬂ'ecta
2446 2938 2596 2982 sunt.
2640 2927 2861 2993 Verum,
2899 2927 2945 2983 si
2976 2943 3098 2997 quae
3150 2929 3204 2982 in
3227 2927 3466 3001 Egypto

1881 3029 1935 3075 et
1973 3019 2251 3089 Babylone
2281 3021 2515 3088 patravi,
2548 3033 2675 3072 cum
2720 3019 2810 3085 iis,
2850 3034 2974 3089 quae
3008 3029 3316 3089 sequuntur
3338 3035 3465 3075 con-

1885 3112 2171 3176 ferantur,
2212 3112 2461 3180 priorum
2510 3110 2831 3165 memoriam
2864 3110 3201 3165 oblitterabit
3230 3112 3464 3165 istorum

182 3204 346 3275 φησί.
376 3203 513 3257 Τίνα
541 3203 597 3256 δὲ
628 3201 697 3256 τὰ
720 3204 918 3267 καινὰ,
948 3202 985 3257 ἃ
1017 3204 1160 3256 κατὰ
1187 3202 1278 3255 τὸν
1314 3202 1504 3274 καιρὸν
1531 3202 1619 3255 τὸν
1648 3201 1775 3254 ἴδιον

1889 3201 2235 3273 magnitudo.
2275 3203 2345 3255 At
2384 3201 2531 3272 quod
2560 3200 2649 3256 hic
2691 3201 2925 3271 colligite
2967 3202 3255 3267 habemus,
3292 3202 3468 3256 consi~

183 3298 536 3371 τνώσεσθες
581 3296 682 3350 Ἐν
708 3293 784 3363 τῇ
814 3293 1012 3363 ἐρήμῳ
1042 3292 1278 3362 ποιήσω
1313 3293 1557 3348 ὀδόν-,Ἦ
1587 3292 1694 3361 γὰρ
1719 3292 1775 3359 ἐξ

1881 3295 2063 3349 derata
2088 3294 2231 3349 dixit
2272 3292 2663 3366 Symmachus.
2696 3292 2801 3347 Sed
2841 3308 2965 3363 qua:
3010 3310 3146 3349 nata
3178 3296 3269 3349 illa
3313 3302 3465 3357 sunt.

185 3387 367 3442 ἐθνῶν
406 3384 703 3455 Ἐκκλησία
727 3383 994 3454 πρότερον
1031 3382 1256 3451 ἕρημος
1290 3378 1425 3435 οὖσα
1450 3381 1599 3436 Θεοῦ
1628 3380 1776 3449 γνώ-

186 3496 350 3546 σεως
399 3477 642 3551 (ταύτης
667 3476 784 3546 ,γὰρ
831 3476 880 3528 οἱ
926 3473 1257 3538 διδάσκαλοι,
1293 3475 1593 3543 φάσκοντες
1638 3469 1777 3526 εἶναι

188 3572 372 3642 σοφοὶ,
399 3568 828 3641 ἐμωράνθησαν)
861 3566 1016 3638 ἔσχεν
1047 3566 1193 3642 ὀδόν
1219 3566 1310 3619 τὸν
1335 3565 1566 3635 Χριστὸν
1594 3565 1778 3617 εἰπόν·
1817 3576 1825 3583 ·

185 3640 292 3719 ταζ
330 3682 350 3715 ι
386 3640 531 3731 ἐγὼ
556 3664 670 3732 εἰμι
698 3661 889 3732 ἡὸδόςο
910 3679 929 3712 ι
965 3659 996 3729 ἢ
1029 3659 1124 3711 καὶ
1146 3640 1215 3711 ab
1240 3658 1501 3728 κήρυγμα
1524 3658 1584 3710 τὸ
1616 3657 1778 3725 εὐαγ-

188 3753 414 3825 γελικδν
445 3756 538 3808 καὶ
564 3754 850 3824 σωτήριον.
889 3750 1000 3822 Τὴν
1029 3751 1090 3804 δὲ
1133 3750 1263 3821 πρὶν
1310 3748 1490 3802 αὐτῶν
1540 3747 1778 3818 ἐρημίαν

189 3847 465 3919 ἐδήλωσεν
493 3846 522 3898 ό
550 3844 714 3897 Δασιδ
745 3843 944 3910 λέγων·
987 3859 1005 3892 ι
1039 3840 1154 3894 Οὐκ
1192 3839 1308 3893 ἔστι
1349 3838 1517 3893 ποιῶν
1543 3838 1778 3909 χρηστό-

188 3956 359 4009 τητα,
377 3938 479 3991 οὐκ
506 3936 652 3989 ἐστιν
680 3933 783 3997 ἕως
810 3933 948 3997 ἑνός.
980 3933 1222 4002 »Ὥσπερ
1248 3931 1307 3982 δὲ
1328 3932 1440 3984 ἄνω
1462 3933 1526 3984 ὲκ
1548 3930 1779 4000 μερικῆς

189 4029 554 4099 λιτρώσεως
585 4028 676 4080 ἐπὶ
704 4026 804 4090 τὴν
836 4024 1063 4078 καθόλου
1098 4021 1351 4094 μετῆλθε,
1382 4021 1482 4089 τὴν
1511 4018 1780 4082 ἀνάδειξιν

190 4120 372 4175 εἰπὼν
422 4117 518 4173 τοῦ
571 4116 832 4186 βασιλέως
866 4112 1128 4185 Χριστοῦ,
1157 4111 1301 4165 οὕτω
1350 4111 1446 4163 καὶ
1491 4108 1585 4162 νῦν
1635 4108 1780 4162 ὁδοῦ

195 4208 465 4283 μνησθεὶς
488 4204 602 4275 τῆς
629 4209 701 4261 ἐν
730 4206 922 4271 ὕδατι,
959 4207 1051 4258 ἐπὶ
1097 4203 1160 4257 τὸ
1187 4201 1427 4274 Χριστοῦ
1480 4202 1781 4271 μυστήριον

197 4298 490 4371 μετῆλθεν.
520 4297 610 4351 Διὸ
647 4295 789 4369 λήθῃ
819 4294 887 4349 τὰ
926 4294 1119 4367 πρῶτα
1149 4290 1486 4363 παραδοῦναί
1520 4308 1653 4361 φησι
1685 4290 1780 4344 τοῦ

197 4388 543 4462 βραχυτέρου
588 4386 1000 4457 καλυπτομένου
1044 4385 1124 4457 τῷ
1181 4382 1406 4456 μείζονι,
1437 4384 1620 4438 ὁποῖόν
1664 4384 1781 4435 ἐστι

192 4482 299 4537 καὶ
322 4480 413 4534 1:6-
448 4484 473 4531 ἕ
491 4478 586 4532 Ἐκ
628 4478 826 4549 μόρους
864 4473 1350 4546 γινώσκομεν.Ὂτ’
1381 4473 1447 4528 ἂν
1475 4474 1530 4526 δὲ
1563 4472 1693 4545 ἔλθῃ
1720 4474 1781 4527 τὸ

1881 3399 2001 3453 quae
2043 3399 2144 3439 suo
2179 3391 2422 3451 tempore
2472 3382 2741 3452 cognituri
2778 3381 2903 3435 estis
2928 3383 2954 3435 .’
2988 3380 3052 3436 In
3086 3381 3293 3437 deserto
3330 3384 3465 3438 viam

1881 3473 2100 3541 faciam.
2135 3469 2254 3541 Ipsa
2286 3469 2557 3541 siquidem
2591 3468 2832 3540 gentium
2869 3469 3111 3527 Ecclesia
3151 3470 3245 3526 Dei
3282 3473 3469 3541 cogni-

1883 3568 2025 3621 tione
2055 3575 2213 3618 antea
2248 3563 2530 3626 destituta,
2568 3569 2622 3615 et
2642 3561 2853 3616 deserta
2878 3563 3067 3633 (hujus
3092 3564 3239 3618 enim
3271 3564 3469 3619 docto-

1880 3673 1991 3721 res,
2039 3671 2166 3712 cum
2218 3671 2277 3711 se
2312 3656 2592 3726 sapientes
2642 3670 2767 3710 esse
2817 3656 3089 3720 dicerent,
3128 3656 3285 3711 stulti
3341 3655 3468 3711 lacti

1881 3756 2012 3804 sunt
2043 3748 2112 3818 “)
2148 3746 2430 3803 Christum
2472 3749 2675 3815 ipsum,
2724 3745 2819 3815 qui
2861 3759 2921 3800 se
2956 3746 3096 3799 viam
3133 3760 3258 3800 esse
3300 3751 3471 3800 testa-

1882 3847 1971 3894 tur
1998 3838 2065 3905 “,
2097 3837 2574 3906 evangelicamque
2602 3847 2655 3889 et
2683 3836 2982 3889 salutarem
3013 3834 3468 3903 praedicationem

1882 3929 2103 3985 habuit:
2137 3942 2370 3998 quorum
2404 3925 2802 3995 praecedentem
2827 3925 3179 3979 solitudinem
3230 3924 3468 3992 explica-

1882 4021 1957 4075 vit
1994 4019 2184 4078 David.
2228 4032 2354 4072 cum
2396 4018 2504 4071 ait:
2544 4034 2564 4067 ι
2602 4014 2722 4070 Non
2766 4023 2850 4071 est
2895 4016 2988 4085 qui
3034 4014 3198 4069 faciat
3232 4014 3462 4079 bonum,

1883 4128 1990 4167 non
2029 4120 2113 4166 est
2155 4124 2325 4179 usque
2360 4109 2428 4163 ad
2479 4122 2648 4160 unum
2681 4106 2749 4159 “.
2797 4125 2817 4158 ι
2852 4105 3120 4159 Caeterum
3155 4119 3267 4159 non
3302 4103 3463 4157 aliter

1883 4219 2045 4275 quam
2077 4202 2335 4271 superius
2359 4214 2386 4253 a
2415 4197 2681 4268 singulari
2715 4194 3095 4264 redemptione,
3135 4193 3201 4248 ad
3226 4208 3472 4247 commu-

1884 4311 2005 4350 nem
2048 4302 2103 4348 et
2143 4291 2455 4347 universam
2486 4287 2730 4352 transiit,
2782 4301 2910 4341 cum
2963 4285 3031 4340 de
3070 4283 3280 4340 Christi
3324 4282 3471 4353 regis

1884 4388 2118 4451 adventu
2154 4381 2454 4447 disseruit,
2485 4382 2557 4435 ita
2599 4389 2654 4435 et
2688 4393 2863 4442 nunc,
2888 4388 3178 4447 postquam
3208 4377 3326 4441 vita,
3350 4389 3473 4445 quae

1884 4480 1939 4533 in
1990 4494 2129 4549 aqua
2174 4483 2281 4538 est,
2338 4474 2713 4535 meminisset,
2776 4470 2845 4527 ad
2885 4470 3090 4526 Christi
3148 4468 3472 4540 mysterium

195 4572 428 4639 τέλειον,
448 4571 510 4624 τὸ
541 4571 607 4623 ὲκ
635 4569 835 4641 μέρους
859 4567 1364 4640 καταργηθήσεται.
1399 4586 1418 4617 ι
1453 4566 1651 4619 Λοιπὸν
1675 4567 1775 4628 τοῖς

1891 4568 2194 4622 orationem
2235 4565 2540 4619 transtulit.
2588 4564 2770 4633 Atque
2801 4562 2928 4616 hinc
2970 4570 3057 4616 est
3115 4559 3263 4630 quod
3294 4558 3473 4612 mino-

198 4664 374 4718 πάλαι
408 4663 667 4734 μεγάλοις
697 4660 1045 4729 ἀντεξετάζει
1072 4660 1142 4727 τᾲ
1170 4658 1352 4729 πολλῷ
1379 4657 1489 4711 τῶν
1505 4657 1685 4726 μέσων
1714 4675 1792 4710 νι-

198 4753 409 4810 κῶντα.
423 4754 512 4817 Ὦς
529 4753 638 4824 γὰρ
653 4749 1188 4824 ὲποίησα.φησ“ιν,ὲπ’
1228 4748 1497 4820 Ἐρυθρᾶς
1523 4748 1796 4820 θαλάττης

200 4845 373 4909 ὁδὸν,
414 4844 589 4909 οὕτως
615 4846 687 4900 ἐν
709 4843 783 4914 τῇ
807 4846 1006 4914 ἐρήμῳ
1028 4844 1363 4913 ποιήσαιμι,
1390 4843 1484 4895 καὶ
1508 4842 1794 4912 ῥεύσουσιν

200 4941 266 4996 ιν
294 4939 435 5009 αὐτῇ
467 4938 739 5007 ποταμοὶ,
778 4938 1030 5008 καθάπερ
1057 4939 1151 4992 ἐπὶ
1176 4936 1421 4999 Μωσέως
1443 4976 1457 5000 ,
1509 4936 1566 4987 ἐν
1613 4935 1795 5006 ἐκείνῃ

203 5032 275 5101 τῇ
325 5030 612 5099 πρότερον.
632 5028 772 5082 Ἀλλ’
806 5030 927 5082 ἐκεῖ
980 5029 1079 5099 μὲν
1132 5025 1389 5090 ὑδάτων,
1425 5030 1481 5079 ὲν
1516 5026 1573 5079 δὲ
1621 5024 1794 5098 ταύτῃ

202 5119 558 5184 διδασκαλίας
607 5119 703 5174 τοῦ
750 5120 1091 5189 Πνεύματος.
1134 5119 1197 5172 Οί
1249 5118 1359 5188 γὰρ
1411 5116 1617 5185 ταύτην
1665 5132 1797 5187 προ-

205 5212 428 5283 χέαντες
476 5210 868 5281 εὐαγγελισταὶ
922 5211 1017 5265 καὶ
1064 5209 1374 5275 ἀπόστολοι,
1427 5209 1543 5262 ὅσοι
1577 5224 1634 5260 τε
1665 5206 1798 5261 κατ’

219 5300 552 5372 Ἐκκλησίαν
579 5300 938 5370 μυσταγωγοὶ
966 5298 1218 5369 ποταμοὶ
1240 5296 1667 5369 χρηματίζουσι.
1690 5296 1798 5348 Καὶ

206 5393 354 5449 κατὰ
381 5392 473 5447 τὸν
487 5393 652 5447 Δαὸὶδ
678 5392 960 5464 εἰρηκότα,
984 5410 1003 5444 ι
1032 5393 1273 5463 Ἑπῆραν
1286 5393 1335 5445 οἰ
1354 5390 1589 5461 ποταμοὶ
1616 5390 1799 5458 φωνὰς

206 5487 411 5542 αὐτῶν.
427 5506 447 5540 ι
481 5487 633 5540 Ἐπεὶ
654 5486 800 5540 καθά
818 5503 982 5556 φησιν
993 5487 1154 5550 αὐτὸς
1173 5483 1357 5548 πάλιν,
1386 5486 1477 5548 El;
1502 5485 1682 5537 πᾶσαν
1701 5483 1797 5553 τὴν

209 5579 316 5650 γῆν
348 5577 573 5648 ἐξῆλθεν
596 5579 622 5630 ὀ
643 5576 879 5646 φθόγγος
905 5577 1104 5631 αὐτῶν,

1893 4661 2045 4716 ribus
2074 4675 2169 4730 per
2194 4659 2401 4728 majora
2420 4657 2736 4720 occultatis,
2760 4655 2943 4724 priora
2977 4651 3243 4707 oblivioni
3274 4649 3474 4704 tradi-ta

1891 4770 2013 4810 esse
2044 4752 2217 4814 dixit,
2241 4752 2405 4819 quale
2433 4758 2517 4804 est
2570 4755 2623 4802 et
2672 4748 2842 4800 illud:
2880 4766 2898 4797 ι
2942 4745 3017 4799 Ex
3053 4755 3205 4813 parte
3270 4757 3476 4814 cogno-

1892 4846 2119 4901 scimus.
2160 4843 2495 4898 Cumautem
2548 4839 2762 4894 venerit
2794 4836 2941 4907 quod
3008 4833 3314 4905 perfectum
3370 4841 3455 4887 est

1894 4937 2039 5009 quod
2092 4953 2157 4991 ex
2194 4944 2347 5006 parte
2394 4942 2479 4988 est
2507 4930 2868 4987 evacuabitur
2894 4930 2938 4962 "
2972 4947 3018 4984 ,ι
3075 4928 3148 4981 lis
3191 4925 3476 4993 deinceps,

1894 5045 2017 5100 qua:
2046 5042 2241 5098 magna
2275 5024 2557 5096 quondam
2586 5023 2834 5088 luerunt,
2871 5021 2979 5075 alia
3012 5017 3261 5088 opponit,
3295 5030 3326 5069 a
3358 5016 3479 5083 qui-

1894 5122 1999 5177 bus
2046 5120 2209 5189 longe
2258 5119 2374 5188 ipsa
2416 5126 2772 5187 superantur.
2807 5113 2878 5168 Ut
2906 5113 3051 5178 enim
3086 5109 3240 5173 mihi,
3293 5108 3391 5168 ait,
3425 5107 3478 5160 in

1897 5211 2032 5266 mari
2064 5209 2254 5264 Rubro
2285 5210 2424 5263 viam
2457 5208 2679 5278 aperui,
2713 5207 2795 5262 sic
2824 5212 2879 5260 et
2910 5205 2961 5258 in
2985 5201 3196 5256 deserto
3229 5199 3478 5267 [acturus

1897 5320 2033 5362 sunt.
2069 5309 2120 5357 et
2148 5301 2448 5355 manabunt
2487 5314 2552 5354 ex
2578 5314 2641 5354 ea
2687 5297 2862 5367 ﬂuvii,
2896 5310 3006 5350 non
3040 5291 3202 5346 aliter
3232 5304 3398 5360 quam
3427 5289 3483 5343 in

1901 5394 2083 5463 priore
2135 5392 2249 5455 illo,
2305 5390 2445 5445 duce
2473 5388 2643 5452 Mose,
2697 5386 2900 5441 factum
2934 5383 3189 5438 audistis.
3225 5379 3330 5433 Sed
3361 5395 3484 5449 qu:e

1908 5485 1979 5539 ibi
2032 5498 2293 5552 aquarum
2347 5479 2570 5535 ﬂumina
2602 5478 2842 5542 fuerant,
2884 5475 2975 5530 hic
3011 5480 3175 5530 erunt
3216 5472 3488 5527 doctrinas

1910 5573 2145 5644 Spiritus
2195 5570 2360 5643 492
2394 5569 2591 5627 sancti.
2631 5566 2774 5622 Sunt
2814 5565 2984 5632 enim,
3027 5580 3057 5619 a
3096 5563 3297 5633 quibus
3336 5577 3485 5616 ema-

274 5752 316 5785 “
346 5750 495 5808 Psal.
524 5752 738 5817 cxut,5.
780 5732 1188 5817 i1Psal.t.xr,6.
1219 5750 1263 5782 ⁸³
1291 5749 1463 5806 Exod.
1487 5750 1655 5814 mili.
1684 5750 1723 5781 “
1749 5749 1905 5803 liom.
1932 5766 1967 5815 l,
1993 5750 2082 5804 22.
2113 5746 2325 5803 "Joan.
2348 5762 2460 5814 xiv,
2486 5746 2538 5801 6.
2576 5745 2619 5778 "
2650 5743 2793 5800 l‘sal.
2815 5742 2990 5807 xm,5.
3025 5741 3069 5773 "7
3104 5742 3122 5797 l
3152 5738 3277 5796 Cor.
3302 5733 3479 5801 inus).
