3946 6306
107 267 248 335 2401
1292 259 1691 324 COMMENTA

1801 257 1829 318 Ι
1866 256 1951 318 ΙΝ
1981 254 2270 320 ISAIAM.
2408 281 2412 286 ’
3018 255 3022 259 ’
3240 254 3382 319 2402

104 385 168 439 τὸ
214 382 408 452 νεαρόν
450 396 510 433 τε
541 377 636 431 καὶ
660 375 910 440 ἀειθαλὲς
946 376 1042 431 τοῦ
1101 377 1292 447 φυτοῦ.
1317 379 1529 447 Πηγαῖς
1582 374 1691 445 γὰρ

1798 389 2063 442 aquarum
2092 413 2108 439 _.
2140 381 2189 427 et
2218 373 2355 425 sicut
2390 370 2535 425 salix
2570 370 2732 440 juxta
2764 360 3175 443 μναῖαι-μαθημα
3215 387 3381 442 aquas

105 476 195 529 ἀεὶ
221 471 318 527 καὶ
341 470 609 540 ποταμοῖς
639 468 1056 537 παραπέφυκεν.

1799 464 2030 531 intulit;
2080 474 2139 518 ut
2188 479 2285 535 per
2338 462 2582 526 salicem,
2619 462 2837 517 vitalem
2897 461 3235 523 facultatem.
3272 477 3380 533 qua

104 580 283 639 genus
323 565 429 618 hoc
465 561 664 631 plantae
693 566 982 614 recreatur
1010 574 1227 630 semper
1256 567 1311 616 ct
1342 560 1508 626 viret,
1556 558 1848 614 indicaret.
1882 557 2149 613 Fontibus
2217 557 2364 610 enim
2430 563 2698 625 perpetuo
2765 563 2820 611 et
2879 553 3169 610 fluviorum
3247 552 3378 625 ripis

108 654 476 723 a-lnascitur,
724 652 731 655 ’
1069 648 1075 660 “

108 760 115 767 '
179 746 340 809 Τινὲς
390 745 447 798 δὲ
471 743 610 816 πρὸς
661 744 789 805 τοὺς
808 743 1007 806 αὐτοὺς
1041 743 1140 797 καὶ
1164 744 1232 797 τὰ
1279 744 1400 798 νῦν
1433 743 1686 817 είρῆσθαί

1855 735 1974 792 Νοη
2022 736 2241 800 desunt,
2283 735 2375 805 qui
2417 740 2472 789 et
2517 734 2621 789 ista
2676 732 2841 787 etiam
2893 733 2960 786 ad
2999 732 3216 786 eosdem
3270 727 3381 791 dici

104 852 264 904 φασι.
332 832 444 904 Τὴν
510 832 620 902 γὰρ
647 832 827 886 αἰτίαν
875 833 976 900 τῆς
1005 833 1286 897 ἀπωλείας
1305 833 1495 899 εἰπὼν,
1526 835 1690 888 πάλιν

1797 828 2124 883 existiment.
2176 825 2474 896 Postquam
2501 825 2647 881 enim
2700 823 2960 881 interitus
2987 838 3210 878 causam
3237 833 3380 878 attuo

102 927 291 989 αὐτοῖς
339 925 399 977 τὸ
455 926 811 995 μνησικακεῖν
890 924 1306 991 ἐπαγγέλλεται.
1345 925 1575 996 Ἕτερον
1595 926 1691 978 αὐ-

1797 920 1969 993 |isset,
1996 919 2203 975 eisdem
2240 933 2437 974 rursus
2472 917 2802 987 iujuriarum
2840 918 3064 971 minime
3111 931 3172 972 se
3204 931 3385 972 recor-

102 1019 221 1079 τοῖς
273 1016 392 1073 ἀντὶ
436 1015 531 1068 τοῦ
593 1014 958 1085 προλαϐόντος
989 1015 1184 1086 ὁρίζων
1240 1019 1431 1088 καιρὸν
1471 1017 1534 1070 τὸ
1574 1018 1691 1070 νῦν

1797 1009 2057 1066 daturum
2087 1011 2402 1080 pollicetur.
2426 1019 2480 1065 et
2509 1011 2562 1064 in
2596 1010 2858 1079 praeteriti
2907 1009 3109 1075 locum,
3165 1017 3380 1077 tempus

101 1107 304 1174 λέγων,
326 1106 403 1169 ὠς
437 1106 531 1158 καὶ
558 1105 620 1157 τό
649 1121 663 1135 ·
704 1123 722 1156 ι
764 1106 1016 1175 Σήμερον
1046 1106 1141 1159 ἐὰν
1163 1108 1261 1176 τῆς
1312 1108 1497 1176 φωνῆς
1525 1108 1688 1162 αὑτοῦ

1797 1101 1934 1156 aliud
1970 1101 2179 1166 defluit,
2238 1115 2364 1155 cum
2419 1117 2558 1155 nunc
2614 1102 2879 1166 assumit;
2936 1099 3243 1168 cuiusmodi
3295 1107 3382 1154 est

102 1196 404 1264 ἀκούσητε.
451 1214 468 1247 ι
501 1195 808 1265 Προτρέπει
839 1195 950 1266 γὰρ
974 1197 1135 1249 αὑτὸν
1168 1182 1545 1250 ’ἐπιλαθέσθαι
1594 1199 1691 1268 μὲν

1797 1193 1959 1248 illud:
2006 1212 2026 1245 ι
2058 1192 2231 1248 Hodie
2264 1195 2312 1248 si
2351 1208 2539 1248 vocem
2567 1192 2687 1262 ejus
2711 1190 2998 1247 audieritis
3027 1191 3093 1244 ".
3141 1208 3160 1240 ι
3197 1190 3379 1262 Ipsum

96 1288 220 1339 τῶν
247 1286 435 1341 παλαι.
465 1286 587 1339 Ὀτι
620 1285 679 1337 δὲ
743 1285 932 1339 αὐτοῦ
988 1285 1132 1352 παῖς
1172 1286 1470 1357 ὠνομάσθη
1490 1296 1542 1345 υ.
1572 1304 1691 1341 σκο-

1797 1286 1963 1349 enim,
2013 1293 2074 1340 ut
2115 1300 2305 1341 eorum
2382 1299 2505 1354 quae
2572 1283 2951 1354 praeterierunt
2995 1281 3378 1347 obliviscatur,

104 1382 234 1433 πεῖν
268 1379 362 1432 καὶ
388 1378 464 1441 ὡς
497 1379 562 1431 ἐκ
582 1377 799 1430 πάντων
823 1376 1160 1440 ἐξεΙλεκται
1202 1376 1312 1430 τῶν
1339 1378 1530 1442 ἐθνῶν,
1553 1380 1691 1432 κατὰ

1797 1377 2141 1431 adhortatur.
2216 1375 2316 1431 Est
2341 1390 2472 1430 vero
2500 1367 2739 1445 qualiter
2779 1376 2894 1444 ejus
2918 1390 3047 1443 puer
3084 1374 3375 1442 nominari,

102 1471 168 1523 1:6
200 1487 213 1498 ·
242 1487 260 1521 ι
295 1470 424 1521 Ὅτε
459 1466 816 1537 διεμέριζενό
841 1466 1106 1535 ’Ύψιστος
1145 1465 1295 1537 ἔθνη,
1323 1485 1343 1517 ι
1375 1467 1471 1521 καὶ
1497 1467 1566 1520 τὰ
1605 1467 1691 1537 ἐφ’

1797 1482 1861 1522 ex
1898 1467 2265 1537 omnibusque
2304 1467 2563 1537 gentibus
2613 1467 2737 1536 eligi
2789 1465 3047 1531 dicatur,
3092 1466 3380 1522 adverten-

104 1540 257 1633 ἑξῆς.
311 1560 374 1614 Εἰ
401 1559 457 1612 δὲ
481 1560 655 1612 νοοῖτο
692 1544 948 1629 περὶτῶν
994 1557 1052 1638 ἐξ
1084 1558 1274 1623 ἐθνῶν,
1324 1559 1563 1630 τοσαύτη
1607 1577 1691 1624 τις

1803 1557 1957 1614 dum.
1989 1557 2121 1613 Tale
2149 1566 2200 1614 et
2236 1560 2369 1614 illud
2409 1568 2491 1614 est
2518 1578 2532 1614 :
2581 1577 2601 1611 ι
2633 1558 2865 1626 Quando
2897 1560 3178 1615 dividebat
3205 1558 3378 1615 Altis-

105 1653 266 1706 ἔσται
294 1651 437 1717 τότε,
457 1651 612 1720 φησι,
638 1649 889 1719 προκοπὴ
915 1650 1011 1702 καὶ
1038 1649 1343 1713 θεοσεϐείας
1359 1650 1691 1721 κατόρθωσις

1797 1639 1970 1707 Simus
1998 1662 2188 1716 gentes
2211 1651 2282 1720 ",
2320 1671 2338 1704 ι
2384 1659 2439 1706 et
2468 1668 2590 1722 qua:
2641 1661 2970 1722 sequuntur.
3014 1652 3171 1718 Quod
3220 1652 3267 1708 si
3307 1652 3377 1707 de

105 1745 220 1797 τῶν
259 1743 552 1796 οἰκούντων
581 1741 750 1794 πάλαι
783 1739 882 1811 τὴν
913 1740 1142 1809 ἔρημόν
1180 1758 1239 1793 τε
1279 1741 1375 1795 καὶ
1402 1740 1691 1809 ἄνυδρον,

1802 1742 2061 1812 gentibus
2111 1742 2459 1813 intelligitur,
2501 1752 2612 1798 tum
2666 1758 2902 1814 magnus
2944 1744 3081 1799 adeo
3125 1744 3252 1810 erit,
3290 1743 3377 1798 in-

106 1836 185 1900 ὡς
251 1832 584 1905 ἁμιλλᾶσθαι
630 1832 764 1903 πρὸς
831 1833 1092 1898 ἀλλήλους
1124 1833 1199 1896 ὡς
1254 1834 1313 1886 ἐν
1352 1832 1538 1904 δρόμῳ
1600 1834 1691 1888 τοῦ

1799 1833 1940 1903 quit,
2002 1848 2348 1904 progressus,
2394 1828 2689 1905 tantusque
2730 1836 2786 1890 in
2838 1836 3057 1910 pietate
3096 1834 3378 1906 profectus

104 1925 245 1980 Θεοῦ
276 1929 375 1997 τὴν
434 1924 594 1996 χάριν
654 1924 926 1996 ἁρπάζειν
988 1925 1416 1994 ἐπειγομένους,
1465 1925 1559 1978 καὶ
1605 1924 1698 1977 τὸν

108 2017 212 2087 μὲν
242 2018 349 2071 Τοῦ
393 2016 562 2082 θεοῦ,
587 2016 788 2084 λέγειν,
822 2015 959 2084 εἰμί,
1024 2014 1115 2068 τὸν
1179 2015 1238 2068 δὲ
1287 2015 1551 2083 τοῦνομα
1591 2015 1697 2069 τοῦ

119 2106 336 2162 Ἰακὼὸ
374 2105 820 2177 ἐπιγράφεσθαι,
871 2105 1048 2158 καίτοι
1129 2104 1206 2177 μὴ
1281 2105 1412 2158 ὄντα
1479 2105 1545 2157 ἐκ
1600 2102 1696 2157 τοῦ

123 2197 354 2263 Ἰακὼϐ,
414 2199 477 2249 ἐκ
521 2196 578 2248 δὲ
623 2196 722 2265 τῆς
749 2196 978 2264 ἐρήμου
1002 2197 1099 2265 τῆς
1126 2195 1414 2266 πρότερον.
1457 2194 1604 2249 Ἀντὶ
1640 2194 1697 2248 δὲ

105 2288 204 2343 τοῦ
257 2287 575 2354 ,ϐοήσει-αι,
619 2287 991 2353 κληθήσεται
1062 2287 1358 2359 Σύμμαχος
1412 2287 1615 2359 ἔφησεν
1643 2296 1692 2326 ν·

105 2379 293 2443 τοῦτο,
334 2379 522 2448 φασὶν,
553 2381 612 2430 ὲν
641 2380 752 2440 τοῖς
780 2377 888 2431 τῶν
913 2378 1171 2449 διωγμῶν
1204 2381 1417 2450 καιροῖς
1471 2377 1699 2432 ἐθειίισόι⁴

111 2469 278 2540 μεθα,
312 2470 543 2532 πολλοὺς
564 2468 702 2521 τῶν’
731 2468 960 2522 ἐθνικῶν
1005 2470 1104 2533 τὰς
1134 2469 1244 2524 τῶν
1290 2469 1463 2538 ἁγίων
1487 2469 1699 2542 ἀνδρῶν

107 2561 490 2632 προσηγορίας
544 2562 761 2623 ἑαυτοῖς
825 2561 1267 2628 ὑφαρπάζοντας.
1332 2560 1547 2614 Ἐκάλει
1586 2560 1696 2631 γὰρ

109 2651 306 2704 ἑαυτὸν
356 2651 386 2702 ὁ
441 2650 540 2721 μὲν
595 2648 816 2714 Ἰακὼϐ,
885 2650 914 2703 ὁ
982 2649 1040 2703 δὲ
1093 2648 1361 2717 Ἰσραὴλ,
1413 2649 1590 2721 ἕτεροι
1639 2650 1698 2702 δὲ

126 2739 402 2810 Ἰερεμίαν
462 2756 522 2792 τε
593 2739 691 2792 καὶ
725 2738 976 2802 Ἡσαΐαν,
1032 2737 1129 2791 καὶ
1155 2737 1375 2808 Δανιήλ.
1432 2736 1570 2790 Μεθ’
1622 2730 1698 2789 ὧν

106 2831 394 2903 ὀνομάτων
420 2832 514 2884 ἐπὶ
548 2830 618 2884 τὰ
650 2828 930 2901 μαρτύρια
971 2828 1268 2901 προθύμως
1318 2829 1544 2892 ἑαυτοὺς
1593 2830 1695 2882 ἐπ-

108 2923 381 2976 εδίδοσαν.
409 2920 486 2975 Τὸ
531 2921 588 2975 δὲ
623 2921 697 2989 τῇ
720 2922 894 2991 χειρὶ,
933 2920 1022 2973 διὰ
1049 2919 1111 2972 τὸ
1140 2918 1341 2984 στίζειν
1388 2919 1518 2983 ἴσως
1570 2919 1698 2973 πολη

107 3013 238 3076 λοὺς
266 3014 360 3066 ἐπὶ
391 3012 700 3084 καρπῶν,ἢ
754 3010 1117 3082 βραχιόνωνῆ
1189 3008 1284 3064 τοῦ
1339 3010 1576 3080 σταυροῦ
1638 3012 1697 3065 τὸ

1797 1938 2010 1990 eorum,
2040 1925 2133 1994 qui
2165 1924 2402 1979 desertas
2428 1925 2556 1980 olim
2605 1935 2661 1980 et
2707 1927 2996 1996 inaquosas
3048 1927 3377 1982 solitudines

1801 2013 2151 2080 habitabant,
2188 2023 2248 2069 ut
2274 2016 2418 2069 inter
2453 2030 2536 2083 se,
2568 2024 2829 2086 tanquam
2855 2032 3045 2082 cursu,
3093 2017 3162 2072 de
3199 2017 3379 2087 adipi-

1801 2108 2004 2161 scenda
2042 2107 2133 2161 Dei
2160 2108 2338 2177 gratia
2367 2121 2562 2178 magna
2597 2110 2954 2163 contentione
2972 2108 3280 2177 decertent;
3324 2118 3380 2162 ct

1799 2195 1886 2249 hic
1916 2195 2162 2266 quidem,
2198 2196 2296 2251 Dei
2330 2212 2471 2262 sum,
2501 2196 2679 2252 dicat:
2718 2196 2807 2251 ille
2842 2205 3022 2252 autem
3059 2197 3159 2251 sibi
3191 2197 3381 2252 Jacobi

1796 2303 1987 2342 nomen
2038 2288 2330 2352 ascribat,
2383 2287 2738 2358 quantumvis
2775 2301 2841 2341 ex
2885 2286 3089 2342 Jacobo
3121 2303 3229 2342 non
3276 2288 3377 2352 sit,

1798 2378 1895 2434 sed
1926 2395 1989 2433 ex
2017 2380 2223 2435 deserto
2249 2389 2377 2434 ante
2409 2379 2702 2450 prodierit.
2738 2377 2942 2434 Verum
2977 2394 3076 2448 pro
3104 2380 3378 2443 clamabit,

1798 2460 2071 2523 vocabitur
2104 2469 2268 2525 habet
2298 2469 2683 2538 Symmachus.
2711 2471 2890 2539 Atque
2914 2469 3171 2539 idipsum,
3201 2470 3377 2533 aiunt,

1798 2560 2058 2615 saeviente
2086 2559 2492 2629 persecutionis
2511 2567 2780 2630 tempore,
2801 2560 3052 2630 contigit,
3074 2575 3185 2628 quo
3199 2559 3381 2614 ethni-
3483 2560 3489 2569 '

1796 2662 1893 2703 eos
1928 2648 2128 2703 multos
2160 2657 2476 2703 sanctorum
2518 2649 2800 2704 hominum
2850 2650 3243 2719 appellationes
3271 2648 3378 2705 sibi

1798 2741 2044 2811 arripere
2090 2739 2353 2794 vidimus.
2399 2738 2471 2796 Se
2520 2741 2668 2795 enim
2719 2738 2981 2795 Jacobum
3021 2741 3189 2805 alius,
3238 2740 3380 2795 alius

1798 2830 1926 2884 itmn
1956 2829 2214 2886 Israelem
2237 2873 2253 2894 ,
2283 2832 2375 2886 alii
2411 2831 2575 2887 etiam
2606 2830 2898 2888 Jeremiam
2918 2874 2933 2901 ,
2969 2839 3023 2888 et
3062 2832 3287 2896 Isaiam,
3324 2842 3380 2887 et

1797 2918 2073 2976 Danielem
2106 2921 2536 2992 nuncupabant:
2576 2921 2780 2993 quibus
2829 2922 3131 2992 assumptis
3192 2922 3381 2993 appel-

1798 3011 2094 3067 latiouibus
2126 3012 2296 3066 alacri
2324 3023 2378 3067 et
2416 3010 2545 3067 forti
2601 3012 2787 3067 animo
2822 3011 2889 3067 ad
2922 3012 3184 3085 martyria
3218 3026 3379 3067 acce-

110 3105 364 3174 σημεῖον,
390 3104 423 3174 ἢ
454 3102 552 3174 τὴν
600 3103 838 3175 Χριστοῦ
891 3102 1291 3174 προσηγορίαν.
1348 3104 1557 3171 Ἥγουν
1600 3105 1691 3156 ἐπὶ

1801 3103 2027 3157 debant.
2090 3101 2249 3169 Quod
2317 3112 2501 3158 autem
2569 3120 2734 3158 manu
2791 3104 2959 3172 dixit,
2998 3104 3122 3161 ideo
3190 3105 3378 3161 forsan

108 3191 194 3259 τῷ
220 3194 488 3262 ὀνόματι,
524 3192 709 3263 φησὶν,
764 3192 950 3259 ἐπειδὴ
1003 3192 1192 3259 ὄνομα
1238 3192 1351 3254 τοῖς
1405 3191 1464 3254 ἐξ
1502 3190 1694 3245 Ἰακὼϐ

109 3281 404 3352 σχοίνισμα
465 3283 559 3335 καὶ
583 3281 781 3352 κλῆρος
809 3279 968 3334 Θεοῦ.
1017 3280 1135 3334 Οὐκ
1182 3281 1250 3351 ἐᾷ
1279 3281 1357 3346 δὲ,
1389 3281 1546 3350 φασὶ,
1566 3281 1695 3344 τοὺς

108 3370 491 3442 ἀσεϐήσαντας
548 3373 746 3443 χωρεῖν
772 3374 852 3436 είς
879 3370 1235 3448 ἀπόγνωσιν,
1268 3370 1343 3434 ὡς
1382 3372 1457 3443 μὴ
1514 3372 1693 3427 δοκεῖν
1724 3424 1725 3427 η

109 3462 397 3535 έλόρῤιζον
444 3461 762 3516 ἀπολεῖσθαι
808 3461 897 3514 τὸν
964 3444 1199 3531 Ἰσραὴλ,
1232 3444 1692 3531 ⁵ἀποστραφέντος

109 3553 195 3616 είς
249 3554 395 3608 ᾶπαν
437 3553 634 3616 αὐτοὺς
688 3551 780 3606 τοῦ
836 3551 991 3605 Θεοῦ.
1049 3551 1333 3604 Καταλέαν
1365 3553 1415 3606 εί
1441 3559 1469 3590 ι
1499 3554 1557 3607 δὲ
1579 3558 1693 3620 τοῖς

110 3646 196 3708 είς
216 3644 377 3698 αὑτὸν
395 3644 707 3698 πιστεύουσι
749 3643 850 3713 τὴν
873 3643 974 3712 τῆς
1002 3646 1277 3715 σωτηρίας
1311 3644 1450 3702 ὁδόν.
1631 3649 1636 3653 ’

109 3736 515 3807 projectioncm
551 3734 830 3800 devenire,
865 3749 935 3789 nc
997 3733 1136 3789 velle
1178 3734 1431 3789 videatur
1479 3736 1731 3794 lsraelem

1798 3193 2022 3263 adjecit,
2058 3193 2203 3263 quod
2263 3193 2466 3250 Christi
2524 3210 2723 3251 nomen
2790 3196 3067 3266 permulti,
3110 3195 3192 3251 vel
3246 3211 3377 3253 cru-

1798 3283 1878 3338 cis
1932 3282 2147 3352 signum
2210 3284 2264 3337 in
2321 3284 2540 3354 palmis,
2591 3295 2684 3341 aut
2750 3286 2996 3343 brachiis
3058 3287 3205 3343 inuri
3270 3286 3378 3343 sibi

1797 3379 2077 3427 curarent.
2138 3370 2238 3427 Vel
2288 3382 2441 3427 certe
2481 3374 2535 3428 in
2590 3378 2802 3432 nomine
2833 3375 2957 3432 ideo
3010 3376 3174 3444 dixit,
3210 3377 3376 3450 497

1796 3464 1943 3534 quod
1987 3463 2058 3519 iis
2119 3464 2212 3533 qui
2263 3463 2331 3519 de
2361 3463 2569 3521 Jacobo
2605 3469 2947 3538 prodierunt,
3002 3467 3282 3525 funiculus
3321 3479 3379 3525 et

1798 3558 2092 3613 haereditas
2121 3555 2221 3610 Dei
2253 3572 2444 3611 nomen
2476 3561 2750 3614 exstiterit
2772 3560 2842 3615 ".
2875 3558 3062 3630 Neque
3107 3576 3236 3616 vero
3278 3574 3379 3616 eos

1801 3647 2032 3718 patitur,
2060 3646 2341 3715 inquiunt,
2373 3648 2465 3715 qui
2491 3648 2656 3718 impie
2679 3638 2931 3720 egerunt,
2961 3650 3028 3704 ad
3052 3653 3167 3720 spei
3203 3666 3379 3722 usque

1796 3745 1969 3793 totum
2002 3737 2252 3805 stirpitus
2302 3735 2564 3804 interire;
2630 3748 2886 3809 tanquam
2943 3740 3165 3795 eosdem
3215 3742 3375 3812 plana

129 3835 283 3890 Deus
314 3843 645 3889 aversetur:
687 3836 781 3888 sed
814 3835 905 3897 iis,
946 3837 1038 3904 qui
1074 3836 1126 3888 iu
1163 3851 1286 3889 cum
1330 3838 1706 3906 crediderunt,
1745 3840 1940 3897 salutis
1968 3838 2110 3891 viam
2140 3834 2534 3907 expeditiorem
2568 3843 2623 3889 et
2653 3835 2910 3889 leniorem
2947 3833 3094 3887 facit.

189 3928 418 3982 Ἑαυτὸν
439 3929 496 3981 δὲ
524 3927 696 3997 λέγων
727 3928 963 3995 Κύριον,
996 3928 1090 3981 καὶ
1131 3927 1298 3989 Θεὸν,
1325 3927 1584 3995 ποιητήν
1634 3946 1695 3984 τε

104 4022 211 4077 καὶ
234 4019 544 4088 πλάστην,
576 4019 861 4089 ἐμφαίνειν
884 4018 1059 4072 ἔοικεν
1088 4019 1170 4071 ὅτι
1212 4020 1305 4071 καὶ
1327 4018 1691 4088 πεπλάνηται,

102 4111 170 4165 τὸ
224 4110 326 4179 τῆς
355 4110 635 4176 θεότητος
687 4108 877 4176 ὄνομα
913 4106 1129 4176 Ἰσραὴλ
1175 4106 1422 4177 περιθεὶς
1483 4109 1690 4178 ἑτέροις

102 4205 222 4263 τοῖς
245 4201 347 4253 οὐκ
376 4196 496 4253 οὖσι
527 4202 689 4263 θεοῖς,
721 4200 816 4252 καὶ
843 4198 951 4268 τῆς·
980 4198 1038 4264 ἐξ
1076 4197 1253 4268 ἀρχῆς
1281 4198 1375 4250 τοῦ
1399 4197 1687 4269 ἀνθρώπου

102 4292 469 4364 δημιουργίας
488 4290 824 4361 ὑπέμνησεν,
853 4290 1175 4361 ἀχαριστίας
1203 4289 1572 4361 γραςόμενος,
1595 4293 1685 4345 sl!

1870 3930 2027 3996 Quod
2059 3936 2245 3984 autem
2287 3927 2575 3981 Dominum
2606 3940 2665 3981 se
2695 3935 2746 3979 et
2770 3924 2959 3990 Deum,
2991 3924 3368 3996 (actoremque,

1795 4031 1851 4080 et
1883 4022 2261 4089 plasmatorem
2293 4020 2539 4072 nominat
2573 4034 2589 4083 ;
2620 4016 2907 4071 aberrasse
2922 4015 3168 4085 etipsum
3197 4016 3369 4072 Israe-

1793 4112 1922 4177 lem,
1963 4112 2059 4182 qui
2095 4110 2192 4164 Dei
2225 4124 2413 4163 nomen
2471 4108 2617 4173 aliis,
2639 4107 2730 4176 qui
2769 4106 2843 4161 dii
2875 4122 2982 4161 non
3033 4117 3182 4173 sunt,
3214 4109 3370 4168 attri:

1793 4200 1996 4266 buerit,
2020 4200 2236 4254 videtur
2258 4197 2528 4261 iudicare,
2551 4208 2604 4251 et
2629 4197 2804 4266 posita
2829 4204 2954 4251 ante
2977 4198 3171 4252 oculos
3194 4198 3364 4268 prima

1792 4293 1958 4363 hujus
2016 4292 2400 4356 fabricatione,
2452 4289 2863 4359 ingratitutlinis
2919 4304 3167 4359 arguere,
3221 4293 3362 4357 quod

103 4386 306 4453 γονέας
361 4382 537 4454 τιμῶν
569 4383 793 4445 τοῦςείς
836 4384 934 4450 τὴν
973 4382 1186 4450 γένεσιν
1216 4382 1691 4452 ὑπουργήσαντας,

1798 4383 2198 4454 procreationis
2232 4382 2518 4437 ministros
2556 4390 2809 4452 parentes
2835 4383 3045 4447 colens,
3084 4380 3365 4438 Factorem

102 4476 274 4530 αὐτὸν
319 4476 642 4546 ἀπεστράφη
687 4475 779 4527 τὸν
807 4473 1086 4541 ποιητὴν,
1120 4473 1148 4526 ὃ
1216 4475 1310 4525 καὶ⁸
1340 4474 1407 4526 δι’
1439 4474 1555 4537 ἐνὸς
1577 4473 1681 4546 ἔφη

97 4565 216 4619 τῶν
242 4565 538 4636 προφητῶν
570 4581 585 4596 ο
624 4582 643 4616 ι
673 4564 802 4628 Υἱὸς
832 4563 1047 4628 δοξάζει
1073 4565 1307 4634 πατέρα,
1362 4563 1456 4616 καὶ
1497 4562 1682 4626 δοῦλος

98 4659 199 4710 τὸν
261 4651 457 4728 Ξιύριον
507 4656 694 4710 αὑτοῦ.
724 4674 743 4706 ι
789 4655 945 4709 Καί·
985 4673 1000 4705 ι
1041 4655 1104 4707 Ei
1153 4655 1344 4725 Πατήρ
1395 4657 1511 4724 είμι
1550 4653 1681 4722 ἐγὼ,

101 4749 212 4804 ποῦ
238 4750 448 4819 ἐστινὴ
482 4748 607 4813 δόξα
640 4764 778 4819 μους
811 4767 829 4799 ι
862 4745 969 4800 Καί
991 4762 1006 4777 ο
1044 4764 1063 4798 ι
1100 4746 1161 4799 Εἰ
1187 4746 1389 4816 Κύριός
1418 4744 1682 4816 είμιέγὼ,

98 4840 212 4895 ποῦ
242 4842 393 4893 ἐστιν
418 4841 446 4892 ὁ
469 4840 632 4910 φόϐος
664 4855 765 4908 μου
792 4856 806 4904 ;
839 4838 985 4906 λέγει
1001 4838 1205 4908 Κύριος
1232 4836 1677 4908 παντοκράτωρ.»

99 4932 329 5001 Κύριος
388 4930 490 5000 μὲν
546 4931 655 5003 γάρ
679 4932 846 4994 ἐστιν,
904 4928 979 4992 ὡς
1012 4929 1117 4982 ὑπὸ
1140 4926 1310 4995 χεῖρα
1353 4927 1453 4998 τὴν
1510 4928 1687 4980 κτίσιν

100 5022 350 5092 κρατῶν,
375 5022 566 5092 Πατὴρ
592 5022 759 5085 δὲ,ὼς
784 5018 1057 5087 ποιητής.
1090 5019 1163 5071 Τὸ
1186 5017 1242 5070 δὲ
1273 5018 1354 5070 ἔτι
1375 5017 1684 5085 βοηθήσῃ,

102 5112 445 5182 παρίστησιν
489 5112 563 5175 ὡς
629 5112 839 5183 ἥμερος
918 5110 1031 5179 ἐγὼ
1089 5110 1185 5163 καὶ
1247 5108 1384 5179 πρὸς
1430 5108 1687 5162 τοσοῦτον

106 5204 494 5275 ἡμαρτηκότα.
549 5203 789 5257 Ἀνωθεν
836 5202 894 5256 δέ
938 5218 1083 5264 τινες
1134 5200 1389 5271 περὶτῆς
1415 5199 1552 5269 ὕλης
1587 5199 1687 5269 ῥή-

103 5309 249 5356 σεως
282 5293 517 5362 ἔφασαν,
548 5294 622 5357 ὼς
652 5294 863 5362 ἐνάγων
893 5293 1093 5353 αὐτοὺς
1157 5292 1238 5353 εἰς
1302 5289 1527 5356 ἔνδειξιν
1588 5288 1687 5359 τῆς

1790 4475 1970 4543 ipsum
2004 4480 2291 4528 aversatus
2330 4473 2423 4539 sit,
2468 4472 2613 4542 quod
2645 4486 2741 4539 per
2803 4473 3090 4541 quemdam
3128 4475 3364 4544 prophe-

1788 4573 1899 4618 tam
1932 4564 1987 4618 in
2021 4564 2166 4618 hunc
2193 4563 2415 4619 modum
2436 4564 2513 4618 ait
2541 4579 2556 4618 :
2587 4583 2605 4616 ι
2640 4560 2814 4618 Filius
2832 4564 3099 4633 glorificat
3130 4564 3364 4628 Patrem,

1788 4665 1843 4711 et
1869 4671 2064 4711 servus
2096 4656 2380 4711 dominum
2419 4672 2578 4713 suum
2609 4658 2698 4712 7".
2729 4675 2747 4709 ›
2794 4657 2902 4713 Et:
2948 4676 2966 4709 ι
3005 4656 3061 4711 Si
3095 4665 3243 4726 pater
3263 4671 3365 4727 ego

1790 4763 1937 4813 sum,
1974 4748 2067 4802 ubi
2098 4755 2184 4803 est
2213 4749 2386 4819 gloria
2445 4764 2562 4803 mea
2608 4750 2698 4803 7‘?
2736 4769 2755 4801 ι
2787 4751 2854 4803 Et
2887 4768 2900 4804 :
2931 4768 2949 4801 ι
2994 4748 3051 4803 Si
3101 4749 3365 4808 Dominus

1795 4852 1918 4891 sum
1952 4853 2071 4908 ego.
2108 4838 2204 4892 ubi
2241 4840 2373 4893 mihi
2398 4839 2619 4895 debitus
2643 4841 2826 4903 timor,
2854 4839 2932 4892 ait
2959 4837 3220 4893 Dominus
3244 4854 3362 4893 om-

1791 4928 2151 4998 nipotens"?
2180 4929 2439 4984 Dominus
2503 4931 2646 4985 enim
2674 4943 2814 4983 unus
2832 4938 2957 5004 .est;
2993 4936 3250 4998 tanquam
3265 4929 3361 4998 qui

1792 5026 1998 5073 cuncta
2034 5029 2222 5074 creata
2282 5036 2447 5075 manu
2478 5021 2876 5091 complectatur
2910 5038 2924 5087 ;
2966 5019 3124 5074 Pater
3156 5027 3360 5087 autem,

1792 5117 2056 5177 tanquam
2092 5110 2185 5179 qui
2218 5111 2410 5167 eadem
2453 5112 2655 5181 fecerit.
2687 5112 2840 5179 Quod
2868 5126 2997 5167 vero
3039 5112 3218 5166 adhuc
3258 5126 3362 5165 au-

1790 5198 1983 5253 xilium
2009 5199 2318 5254 habiturum
2346 5202 2508 5268 dixit,
2544 5203 2597 5257 in
2628 5218 2750 5258 eum
2778 5218 2837 5257 se
2867 5201 3081 5257 facilem
3120 5210 3175 5256 et
3208 5214 3360 5254 man-

1792 5301 2030 5359 suetum,
2052 5284 2147 5363 qui
2179 5294 2316 5350 adeo
2339 5294 2608 5366 peccavit,
2635 5295 2893 5351 ostendit.
2924 5292 3177 5349 Nonnulli
3196 5305 3361 5364 porro

179 5407 226 5443 ⁷⁸
261 5407 410 5462 Psal.
436 5420 579 5473 xcrv,
608 5406 660 5460 8.
739 5408 786 5439 ⁷³
808 5406 965 5462 Deut.
1005 5420 1178 5467 mut,
1210 5403 1262 5457 8.
1338 5403 1386 5435 "
1417 5401 1548 5457 ibid.
1581 5402 1633 5458 9.
1709 5403 1779 5435 "‘
1812 5401 2044 5460 Malacb.
2080 5420 2119 5470 ι,
2153 5403 2207 5460 6.
2285 5407 2331 5439 ⁷⁸
2359 5406 2488 5461 ibid.
2565 5408 2609 5438 ⁷⁵
2647 5406 2778 5462 ibid.

1396 5517 1637 5576 VARle
1670 5516 2079 5574 LECTIONES.

184 5648 215 5679 ι
256 5638 344 5694 la.
370 5638 486 5694 εστι
522 5640 856 5717 ἠίπροσήκει
894 5641 933 5712 ἦ
959 5643 1201 5698 mem—
1222 5660 1297 5698 τι.
1374 5651 1402 5683 ν
1428 5660 1517 5712 γρ.
1549 5641 1675 5712 ἔφη.
1708 5640 1824 5694 καί.

1906 5655 1931 5683 κ
1967 5660 2055 5710 γρ.
2082 5644 2452 5700 καταλεαὶνει.
2529 5653 2559 5692 γ
2588 5659 2676 5713 γρ.
2703 5641 2777 5705 ὼς
2807 5642 2844 5709 ἣ
2869 5641 2971 5695 δτι.
