4010 6302
533 239 673 305 24οἹ

1844 234 2199 296 PROCOPII
2245 234 2490 298 GAZJEI

3651 230 3790 293 stus

533 356 680 410 cnim
709 353 1123 426 lignumjpsum
1157 353 1300 409 Deus
1329 359 1477 409 esset
1503 393 1517 419 ,
1572 352 1716 408 idem
1759 361 1814 408 ct
1841 353 1962 408 sine
1993 362 2112 408 arte

2230 350 2440 414 θοῦντας
2463 350 2660 412 αὐτοὺς
2682 347 2956 420 ἀποφήνῃ.
2989 347 3053 399 Εἰ
3085 346 3194 417 γὰρ
3227 341 3293 416 ἦν
3318 343 3452 398 αὐτὸ
3499 344 3564 398 τὸ
3611 347 3798 410 ξύλον

534 553 620 597 est
640 539 878 595 hominis
895 538 1097 594 inﬁrmi
1113 546 1169 594 et
1186 538 1528 606 corruptioni
1547 538 1948 593 obnoxii.A|ias
1965 539 2112 594 enim

435 442 442 450 ’
536 447 680 504 Deus
701 439 1015 503 exsisteret.
1036 447 1220 502 Artem
1253 447 1438 517 itaque
1471 445 1628 501 dcam
1648 443 1972 511 eﬁ‘ecerunt,
1993 459 2114 515 quae

2230 441 2368 504 θεὸς,
2396 441 2490 494 καὶ
2509 439 2681 510 χωρὶς
2703 439 2768 492 ἂν
2790 437 2990 510 τέχνης
3025 437 3239 506 ὑπῆρχε
3269 435 3436 500 Θεός.
3461 435 3678 488 Οῖρκοῦν
3703 435 3798 506 τὴν

2213 531 2408 601 τέχνην
2441 527 2795 600 έθεοποίησαν
2815 525 3078 589 ἀσθενοῦς
3105 525 3273 578 οὖσαν
3295 523 3488 594 ἀνδρὸς
3514 525 3612 578 καὶ
3632 525 3799 594 φθαρ-

536 633 661 688 cibo
677 641 731 685 et
755 639 882 700 potu
903 645 1013 684 non
1045 630 1333 701 indigeret.
1369 627 1806 698 interrogatione
1842 628 2112 698 siquidem

2230 621 2332 676 τοῦ.
2353 623 2428 674 Οὐ
2457 621 2566 692 γὰρ
2584 621 2650 674 ἂν
2678 620 2850 672 ἐδεῖτο
2875 617 3084 690 τροφῆς
3101 616 3196 670 καὶ
3221 615 3408 670 ποτοῦ.
3453 617 3544 668 Ἐν
3593 616 3796 685 ἐρωτή-

537 725 703 779 verba
729 724 834 776 ista
857 737 870 773 :
892 721 942 775 Ν
949 739 1015 776 οη
1041 721 1178 776 bibet
1198 736 1415 791 aquam,
1431 719 1818 790 distinguenda
1834 735 1956 776 esse
1968 719 2117 774 arbi-

537 823 770 870 tramur.
790 815 911 880 Quo
928 821 1089 884 pacto
1105 829 1235 884 ergo
1247 815 1340 882 qui
1358 815 1740 883 corrumpitur
1758 813 2108 881 incorrupta;

537 914 594 960 et
632 907 725 976 qui
749 908 1002 970 moritur,
1033 906 1362 985 immortalia
1405 905 1642 961 eﬂiciat?
1687 903 1950 959 Nonnulli
1987 918 2117 958 vero

536 1000 704 1053 etiam
723 998 790 1052 de
819 997 980 1053 idolis
1009 1007 1182 1052 totum
1215 998 1266 1052 id
1296 1005 1650 1068 acceperunt,
1673 997 1874 1067 quibus
1905 996 2116 1053 hostias

536 1090 860 1146 oll'erebant.
891 1089 1085 1145 Utrum
1109 1105 1241 1145 vero
1257 1090 1484 1145 minime
1499 1089 2118 1146 sacriﬁcantibusvobis

537 1190 592 1236 et
625 1181 843 1245 esuriet,
875 1189 926 1234 et
961 1180 1328 1248 inﬁrmabitur
1366 1181 1464 1250 qui
1521 1180 1664 1234 Deus
1695 1181 1816 1235 est?
1840 1180 2032 1235 Nonne
2063 1189 2119 1234 et

537 1289 734 1341 aquam
762 1271 937 1327 bibere
969 1273 1047 1326 illi
1081 1288 1311 1328 necesse
1337 1272 1526 1340 fuerit,
1561 1273 1608 1329 si
1639 1274 1764 1328 istis
1812 1283 2001 1344 egeat;
2052 1288 2119 1329 ne

537 1361 668 1432 quid
689 1361 916 1416 omnino
946 1361 1093 1431 quod
1126 1361 1192 1415 ad
1244 1372 1434 1416 earum
1471 1362 1883 1418 accusationem
1931 1361 2116 1426 faciat,

537 1453 632 1524 qui
686 1467 984 1522 corporeas
1043 1452 1152 1506 Deo
1201 1451 1416 1507 hostias
1466 1451 1724 1515 oﬁerunt,
1768 1451 1973 1522 quibus
2005 1451 2121 1522 ipse

538 1559 648 1599 non
678 1543 910 1616 indiget,
933 1542 1190 1598 omittat?
1215 1541 1404 1612 Neque
1435 1543 1580 1598 enim
1625 1551 1822 1596 natura
1849 1541 1994 1597 Deus
2013 1541 2120 1597 sibi

539 1635 810 1693 sacriﬁcia
838 1635 952 1690 ﬁeri
985 1651 1049 1690 ex
1083 1633 1332 1704 professo
1367 1635 1682 1704 imperavit.
1714 1632 1962 1688 Sollicite
1991 1648 2121 1686 vero

539 1729 594 1784 in
629 1730 864 1784 istorum
897 1727 1384 1798 reprehensionem
1414 1742 1563 1782 nunc
1603 1727 1930 1783 immoratus
1957 1725 2118 1797 503
2153 1713 2191 1766 Β

536 1827 623 1877 est
649 1821 937 1890 propheta,
991 1829 1051 1875 ut
1097 1819 1228 1874 facti
1259 1819 1510 1874 saniores
1537 1819 1605 1874 ad
1655 1835 1842 1873 verum
1876 1817 1970 1874 Dei
2003 1819 2121 1874 cul—

540 1923 654 1968 tum
706 1923 1132 1969 reverterentur.
1171 1910 1370 1965 Verum
1424 1911 1570 1980 quod
1627 1911 1694 1965 ad
1741 1911 1842 1965 viri
1890 1911 2119 1980 formam

536 2005 698 2071 dixit,
731 2021 888 2062 suam
927 2006 1078 2075 ipsos
1100 2004 1336 2074 formam
1371 2011 1481 2057 tant
1511 2003 1670 2074 longe
1700 2019 1728 2057 a
1755 2018 1880 2058 vera
1913 2003 2123 2058 discre-

541 2104 762 2168 pantem
809 2102 1042 2150 adorare
1087 2095 1386 2165 signiﬁcat,
1419 2103 1688 2164 quantum
1721 2093 1790 2148 ab
1817 2093 2121 2163 exemplari

539 2187 775 2244 dissidet
829 2186 1091 2241 imitatio.
1125 2187 1314 2254 Itaque
1352 2199 1467 2240 suae
1511 2186 1661 2254 ipsos
1692 2193 1922 2249 natura},
1953 2199 2117 2256 quam

538 2280 594 2334 in
634 2279 796 2349 lignis
843 2286 894 2332 et
943 2277 1098 2331 saxis
1151 2283 1566 2345 expresserunt,
1623 2274 1884 2344 injuriam
1917 2275 2120 2338 facere,

538 2369 635 2440 qui
667 2383 797 2424 bene
822 2369 1013 2438 forma:
1034 2367 1332 2437 imaginem
1365 2376 1712 2436 praeponam,
1749 2366 1909 2435 eique
1942 2365 2118 2420 hono-

539 2477 654 2516 rem
684 2459 956 2516 deferant.
994 2457 1198 2513 Deinde
1218 2472 1346 2511 cum
1375 2457 1636 2512 statuisse
1657 2459 1709 2512 in
1734 2457 1890 2512 domo
1909 2458 2120 2528 adjicit,

540 2553 596 2608 in
635 2552 841 2622 templo
878 2551 1176 2622 signiﬁcat,
1220 2551 1276 2603 in
1328 2550 1474 2619 quod
1513 2549 1680 2618 petita
1713 2566 1780 2605 ex
1820 2550 1969 2604 saltu
2001 2566 2122 2605 ma-

540 2645 678 2700 teria
710 2643 932 2698 inducta
962 2650 1068 2699 est.
1113 2640 1272 2708 Quod
1302 2641 1396 2712 qui
1432 2641 1672 2702 noverit,
1714 2656 1784 2696 ne
1815 2655 1876 2696 se
1899 2643 2121 2710 quidem

539 2737 892 2792 ethnicorum
923 2737 1086 2806 nugis
1135 2733 1277 2788 tueri
1305 2733 1531 2798 audeat,
1565 2733 1658 2802 qtti
1693 2733 1835 2786 t-aalo
1881 2733 2124 2803 delapsis

541 2829 856 2884 simulacris
879 2827 1284 2900 gloriabantur.
1327 2824 1424 2880 Est
1453 2839 1588 2895 ergo
1621 2824 1757 2879 cinis
1785 2841 1880 2878 cor
1908 2840 2123 2888 eorum;

543 2935 720 2992 neque
742 2923 1025 2992 quisquam
1056 2920 1113 2974 in
1159 2921 1211 2972 id
1243 2917 1454 2970 animas
1478 2931 1664 2971 eorum
1697 2917 1986 2986 prolapsas
2015 2919 2123 2972 eri-

2217 731 2301 768 σει
2335 715 2444 785 γὰρ
2497 711 2882 776 ὑποστίζοντες
2928 709 3010 775 τὸ,
3037 711 3120 763 Οὐ
3163 708 3251 776 μὴ
3297 708 3408 775 πίῃ
3445 706 3625 774 ὕδωρ,
3677 709 3799 760 ἀνα-

2219 805 2561 874 γνωσόμεθα.
2600 804 2726 867 Πῶς
2758 798 2852 856 οὖν
2880 804 2910 856 ό
2956 800 3196 871 φθαρτὸς
3223 798 3504 870 ἄφθαρτα,
3536 799 3633 851 καὶ
3666 798 3796 851 ἀθά-

2218 911 2356 950 νατα
2409 896 2689 966 ποιήσειεν
2735 896 2764 948 ό
2837 891 3066 962 θνητός;
3109 890 3254 953 τινὲς
3301 888 3359 942 δὲ
3403 888 3499 941 καὶ
3561 889 3658 942 ἐπὶ
3696 889 3797 940 τῶν

2217 992 2453 1045 εἰδώλων
2485 989 2546 1044 τὸ
2577 989 2701 1044 ὅλον
2735 986 3003 1052 ἐδέξαντο.
3041 985 3428 1056 Προσαγάγετε
3461 995 3489 1024 ι
3533 982 3646 1052 γὰρ
3685 984 3798 1037 τοὺ-

2217 1105 2329 1148 τοις
2361 1087 2574 1149 θυσίας.
2619 1086 2764 1155 ’Ἄρα
2789 1085 2818 1124 δ
2839 1078 2933 1137 οὖν
2959 1081 3036 1152 μὴ
3062 1080 3298 1134 θυόντων
3328 1079 3504 1148 ὑμῶν,
3529 1078 3799 1134 πεινάσει

2219 1178 2317 1230 καὶ
2346 1177 2678 1241 ἀσθενήσει
2705 1175 3028 1246 ἐνυπάρχων
3057 1175 3240 1240 Θεός;
3287 1171 3486 1226 οὐκοῦν
3521 1173 3618 1226 καὶ
3643 1171 3797 1243 ὕδωρ

2219 1270 2425 1339 ὀφείλει
2471 1269 2650 1333 πιεῖν,
2691 1269 2741 1322 εἰ
2779 1267 2986 1321 τούτων
3017 1266 3168 1321 ἐστὶν
3199 1265 3405 1337 ἐνδεὴς,
3449 1265 3536 1318 ἵνα
3581 1265 3803 1320 διαϐάλ-

2220 1360 2303 1413 λει
2342 1359 2575 1414 καθόλου
2624 1362 2750 1423 τοὺς
2793 1359 2914 1428 Θεῷ
2951 1377 3004 1411 τι
3063 1359 3479 1431 προσφέροντας
3509 1357 3718 1421 ὑλικὸν,
3741 1350 3804 1411 οὗ

2224 1451 2302 1522 μή
2334 1453 2579 1529 πέφυκεν
2609 1451 2826 1520 ὲνδεήςς
2875 1451 2940 1504 οὐ
2972 1450 3029 1504 δὲ
3066 1450 3179 1520 γὰρ
3211 1453 3240 1504 ό
3284 1448 3445 1518 φύσει
3487 1449 3623 1512 Θεὸς
3677 1465 3807 1519 προ-

2220 1545 2543 1616 ηγουμένως
2570 1543 2670 1607 τὰς
2725 1543 2920 1609 θυσίας
2968 1543 3256 1609 ἐπέταξεν.
3306 1543 3713 1615 Ἐντρεπτιχῶς
3749 1542 3805 1595 εδ

2222 1637 2316 1691 νῦν
2343 1640 2372 1692 ὁ
2407 1639 2696 1708 προφήτης
2740 1639 2854 1701 τοῖς
2907 1638 3036 1708 περὶ
3076 1636 3285 1690 τούτων
3331 1636 3580 1706 ἐνέμεινε
3604 1635 3805 1702 λόγοις,

2223 1729 2298 1792 ώς
2326 1728 2392 1782 ἂν
2430 1730 2800 1800 φρονήσαντες
2850 1730 3238 1799 ἐπιστραφεῖεν
3287 1728 3424 1798 πρὸς
3471 1726 3804 1782 θεοσέϐειαν.

2224 1821 2297 1873 Τὸ
2331 1821 2386 1873 δὲ
2418 1821 2494 1882 ὡς
2520 1821 2769 1890 μορφὴν
2804 1821 3044 1890 ἀνδρὸς,
3085 1819 3417 1891 παρίστησιν
3443 1819 3521 1884 ὡς
3547 1820 3644 1890 τήν
3676 1819 3806 1873 ἰδίαν

2223 1913 2590 1984 προσκυνοῦσι
2631 1913 2876 1983 μορφὴν
2937 1912 3188 1967 τοσοῦτον
3227 1913 3567 1994 ᾴπᾴδουσαν,
3614 1913 3752 1966 ὅσων
3778 1922 3804 1953 ι

2223 2005 2606 2076 ἀρχετύπωνή
2645 2008 2897 2076 μίμησις.
2928 2007 3041 2058 Kal.
3083 2005 3181 2076 τὴν
3235 2005 3447 2058 ἑαυτῶν
3491 2004 3806 2074 αἰσχύνουσι

2224 2094 2387 2163 φύσιν
2415 2096 2516 2162 τὴν
2543 2095 2600 2146 ὲν
2626 2093 2821 2159 λίθοις
2848 2091 2947 2146 καὶ
2969 2091 3180 2158 ξύλοις
3205 2091 3390 2146 εἰκόνα
3411 2088 3526 2157 τῆς
3543 2087 3810 2156 ἀληθοῦς

2223 2184 2603 2256 προτιμῶντες
2642 2184 2903 2255 μορφῆς,
2935 2185 3031 2239 καὶ
3069 2183 3227 2248 δόξαν
3271 2182 3460 2256 ἐκείνῃ
3509 2181 3809 2252 προσάγον-

2222 2295 2336 2342 τες.
2366 2279 2440 2332 Τὸ
2467 2277 2524 2331 δὲ
2555 2279 2808 2346 ἵστησιν
2829 2278 2900 2331 ἑν
2927 2279 3091 2343 οἴκῳ,
3142 2275 3295 2348 δηλοῖ
3323 2277 3408 2328 ὅτι
3437 2275 3554 2346 ναῷ
3578 2276 3644 2327 ἐκ
3673 2273 3810 2342 δρυ-

2217 2370 2339 2442 μοῦ
2399 2371 2500 2439 τὴν
2549 2368 2684 2439 ὕλην
2730 2369 2933 2424 λαδών.
2987 2369 3168 2440 Ὅπερ
3217 2367 3374 2430 εἰδὼς
3425 2367 3530 2420 οὐκ
3586 2367 3653 2420 ἂν
3699 2367 3810 2436 ἔχοι

2222 2467 2424 2535 λέγειν,
2485 2456 2627 2520 κατὰ
2674 2466 2802 2528 τοὺς
2860 2462 3130 2533 Ἐλλήνων
3176 2462 3409 2532 λήρους,
3472 2458 3696 2528 διοπετῆ
3743 2457 3810 2510 τὰ

2224 2559 2542 2630 ἀγάλματα.
2588 2558 2821 2624 Σποδός
2854 2553 2948 2610 οὖν
2993 2557 3103 2626 ἄρα
3145 2555 3185 2622 ἡ
3228 2553 3443 2623 καρδία
3469 2548 3692 2614 αὐτῶν,
3720 2550 3811 2603 καὶ

2224 2649 2426 2717 οὐδεὶς
2475 2651 2544 2706 ἂν
2589 2649 2861 2715 ἐξέλοιτο
2909 2651 3014 2714 τὰς
3059 2649 3168 2701 τῶν
3211 2648 3295 2709 εἰς
3335 2645 3496 2699 τοῦτο
3535 2645 3810 2698 πεσόντων

2225 2743 2452 2812 ψυχὰς.
2485 2743 2625 2814 πλὴν
2654 2743 2683 2796 ὃ
2710 2743 2800 2814 litt
2822 2741 2851 2779 ά
2886 2741 3048 2812 μόνος
3077 2740 3237 2810 εἴπερ
3266 2738 3442 2792 ἐθέλοι
3491 2737 3626 2800 Θεὸς
3653 2738 3683 2789 ό
3713 2753 3808 2806 μι-

2225 2834 2602 2903 τασκευὰζων,
2625 2835 2701 2899 ὡς
2729 2833 3002 2904 βούλεται,
3031 2832 3232 2896 πάντα,
3254 2831 3350 2885 καὶ
3375 2829 3630 2896 φωτίζων
3653 2831 3810 2882 ἐσκο-

2225 2927 2480 2995 τισμένα.

539 3013 673 3090 ρὶαι.
739 3022 1102 3084 praeterquam
1156 3009 1300 3065 Deus
1352 3022 1516 3074 unus,
1593 3012 1690 3080 qui
1764 3010 1950 3064 omnia
2018 3026 2120 3082 pro
2184 3011 2415 3074 arbitrii.
2456 3019 2544 3076 sui
2594 3019 2810 3074 ratione
2873 3021 3286 3079 transmittare,
3339 3014 3714 3081 tenebrasque
3763 3010 3817 3064 in

541 3104 612 3158 lu;
633 3120 719 3158 etn
763 3114 975 3156 vertere
1009 3107 1195 3170 queat.

616 3196 881 3264 Sequitur
907 3192 1078 3246 uidete
1097 3206 1115 3254 ;
1159 3189 1210 3243 id
1241 3196 1349 3258 est,
1377 3189 1632 3258 cOgitale.
1672 3188 1739 3244 Et
1792 3207 1896 3245 non
1928 3191 2117 3248 dicetis
2147 3201 2188 3258 c

545 3289 746 3361 falsum
790 3299 904 3338 esse
937 3285 991 3334 iu
1021 3280 1240 3333 dextera
1274 3294 1416 3345 mea,
1449 3279 1691 3335 dexterae
1727 3283 1876 3336 enim
1907 3286 2135 3339 nomine

546 3376 894 3447 unigenitum
917 3368 1122 3424 Filium
1149 3368 1351 3425 usitate
1369 3369 1664 3438 appellavit
1687 3388 1704 3425 :
1724 3371 1817 3440 qui
1839 3371 1955 3429 sive
1994 3375 2135 3431 Deus

547 3473 664 3528 sive
717 3466 1009 3527 Dominus,
1042 3463 1160 3518 sive
1185 3463 1301 3526 lux,
1339 3465 1454 3517 slve
1477 3462 1680 3532 virtus,
1709 3463 1825 3520 sive
1865 3479 1990 3531 res,
2020 3467 2138 3522 sive

549 3555 963 3627 mundiOpil’ex,
985 3555 1103 3609 sive
1137 3553 1247 3607 vita
1287 3553 1626 3619 nominetur,
1653 3570 1800 3622 vere,
1824 3564 1881 3612 et
1911 3559 2138 3628 proprio

549 3651 674 3707 istis
687 3649 948 3704 omnibus
969 3644 1340 3716 signiﬁcatur,
1359 3660 1482 3716 quae
1498 3645 1840 3704 daemonibus
1857 3659 1950 3703 aut
1972 3651 2136 3707 idolis

551 3742 692 3800 falso
711 3741 1056 3796 tribuuntur.
1090 3736 1300 3792 Natura
1330 3737 1476 3792 enim
1507 3753 1574 3793 ex
1611 3738 1718 3794 Deo
1733 3738 1882 3796 Deus
1904 3741 2134 3813 est.0p-

549 3835 682 3890 time
715 3848 847 3890 vero
878 3831 934 3886 in
966 3830 1296 3887 obliviosum
1336 3828 1596 3884 Israelem
1618 3843 1876 3888 memento
1904 3835 2134 3890 verbum

549 3925 863 3996 usurpavit.
890 3920 1185 3976 Formatus
1207 3923 1344 3976 enim
1379 3921 1434 3975 in
1452 3921 1628 3991 ﬁlium
1656 3939 1764 3978 non
1781 3925 1973 3980 debuit
1989 3925 2135 3980 idola

550 4027 704 4072 muta
731 4013 1012 4085 amplecti,
1046 4023 1108 4068 ut
1154 4013 1442 4084 dignitatis
1494 4014 1936 4072 oblivisceretur.
1974 4036 1994 4070 t
2027 4017 2132 4084 Qui

547 4111 694 4166 enim
720 4105 1224 4162 novitvoluntatem
1246 4103 1481 4168 Domini,
1510 4120 1612 4160 nec
1634 4105 1767 4160 facit
1799 4123 1944 4175 eam,
1964 4123 2134 4179 vapu-

550 4201 686 4257 labit
712 4198 898 4253 multis
947 4197 1014 4250 ⁷⁸.
1058 4216 1078 4247 ι
1119 4196 1322 4250 Eorum
1355 4196 1636 4268 deinceps,
1665 4214 1788 4269 quae
1818 4201 2130 4268 admiseris,

548 4289 963 4362 quantumlibet
1009 4289 1200 4344 eadem
1230 4289 1496 4344 oblivioni
1534 4306 1622 4346 me
1649 4292 1980 4346 traditurum
2014 4293 2134 4362 pol-

551 4391 746 4454 licear,
794 4388 963 4444 etiam
997 4393 1050 4440 te
1109 4384 1235 4437 volo
1287 4382 1606 4436 meminisse.
1657 4383 1869 4438 Dicitur
1909 4400 2039 4439 vero
2077 4386 2132 4439 in

551 4481 726 4545 ﬁlium
751 4495 846 4549 per
888 4479 1061 4546 legem
1112 4473 1399 4544 formatus.
1451 4471 1518 4526 Ut
1548 4473 1692 4528 enim
1725 4474 1972 4532 Adatnus
2015 4477 2132 4547 ipse

2298 3196 2510 3258 Ἴδετε,
2547 3192 2694 3248 τοῦτ’
2737 3192 2855 3246 ἔστι
2889 3190 3288 3261 κατανοήσατε,
3321 3189 3423 3244 καὶ
3463 3189 3578 3244 οὐκ
3633 3188 3820 3257 ἐρεῖτε

2237 3289 2326 3342 ὅτι
2358 3287 2590 3356 ψεῦδος
2647 3287 2718 3339 ἐν
2767 3282 2843 3354 τῇ
2893 3282 3064 3352 δεξιῇ
3084 3301 3226 3352 μου,
3261 3280 3509 3351 συνήθως
3559 3280 3705 3335 οὕτω
3731 3281 3820 3334 τὸν

2241 3379 2505 3450 μονογενῆ
2533 3377 2770 3440 καλέσας
2806 3377 2944 3430 Υίὸν
2967 3417 2984 3443 ,
3011 3376 3071 3439 ὸς
3099 3375 3209 3428 εἴτε
3243 3373 3410 3440 Θεὸς.
3439 3374 3552 3428 εἴτε
3583 3375 3818 3443 Κύριος,

2238 3473 2348 3526 εττε
2374 3471 2511 3542 φῶς,
2567 3471 2603 3542 ἢ
2646 3467 2965 3540 δύναμις,ἢ
3009 3465 3345 3539 βασιλεὺςιῆ
3389 3464 3819 3537 Δημιουργδςνῆ

2238 3565 2352 3634 ζωὴ
2380 3565 2617 3630 λέγοιτο,
2658 3561 2838 3615 πάντα
2863 3559 3068 3630 κυρίως
3097 3557 3248 3616 ἐστὶν
3276 3557 3336 3624 ἐξ
3379 3557 3634 3628 ἀληθείας
3666 3559 3817 3626 λεγό-

2241 3672 2423 3726 μενος,
2454 3654 2564 3708 τῶν
2609 3652 2848 3707 εἰδώλων
2887 3651 2921 3723 ἦ
2956 3649 3229 3720 δαιμόνων
3265 3649 3480 3720 ψευδῶς
3509 3649 3684 3704 ταῦτα
3731 3651 3817 3718 λεο

2236 3729 2506 3820 γομίνων.
2546 3747 2711 3800 Φύσει
2753 3745 2864 3816 γὰρ
2916 3743 3050 3808 Θεὸς
3075 3743 3240 3807 αὐτὸς
3263 3745 3329 3797 ὲκ
3353 3741 3512 3798 Θεοῦ.
3555 3742 3641 3806 Ὠς
3698 3744 3818 3796 επι-

2236 3839 2469 3910 λήσμονι
2494 3837 2551 3890 δὲ
2581 3837 2662 3910 τῷ
2703 3834 2954 3905 Ἰσραὴλ
2997 3835 3060 3889 τὸ
3081 3833 3386 3904 μνήσθητι
3416 3833 3598 3896 καλῶς
3621 3836 3816 3904 ἐπενή-

2236 3947 2412 4001 νοχεν.
2468 3927 2772 3993 Πλασθείς
2808 3927 2930 3996 γὰρ’
2963 3929 3051 3992 εἰς
3099 3924 3302 3988 παῖδα,
3335 3925 3440 3978 οὐκ
3469 3924 3676 3992 ὀφείλει
3718 3924 3816 3992 τῆς

2235 4021 2396 4086 ἀξίας
2455 4019 2755 4090 ὑπεριδεῖν,
2817 4016 3037 4086 κωφοῖς
3083 4015 3352 4079 είδώλοις
3400 4015 3814 4086 προσκείμενος.

2242 4133 2261 4166 ι
2283 4115 2341 4166 '0
2366 4113 2476 4184 γὰρ
2508 4111 2664 4176 εἰδὼς
2704 4111 2766 4164 τὸ
2803 4112 3013 4180 θέλημα
3039 4111 3133 4165 τοῦ
3163 4109 3370 4182 Κυρίου
3401 4107 3591 4174 αὑτοῦ,
3621 4109 3715 4162 καὶ
3742 4107 3812 4179 μὴ

2235 4207 2489 4278 ποιήσας,
2519 4204 2818 4276 δαρήσεται
2861 4203 3081 4268 πολλάς.
3120 4223 3140 4254 ι
3196 4202 3415 4268 Λοιπὸν,
3461 4196 3537 4254 ὧν
3571 4201 3810 4272 ἥμαρτες

2229 4298 2528 4368 μέμνησο,
2563 4296 2668 4350 κᾶν
2697 4295 2809 4363 ἐγώ
2840 4313 2922 4350 σοι
2964 4295 3171 4349 τούτων
3197 4293 3534 4365 ἁμνηστεὶαν
3575 4293 3810 4366 χαρίζω-

2237 4407 2355 4458 μαι.
2406 4386 2762 4443 Πεπλὰσθαι
2797 4387 2854 4440 δὲ
2905 4387 3124 4451 λέγεται
3168 4385 3258 4438 διὰ
3310 4384 3406 4438 τοῦ
3453 4386 3620 4454 νόμου
3667 4382 3809 4452 πρός

2237 4481 2442 4536 παῖδα.
2496 4481 2583 4544 Ὦς
2633 4481 2741 4552 γὰρ
2788 4479 2964 4549 Ἀδὰμ
3002 4480 3065 4531 ὲκ
3113 4480 3237 4550 γῆς,
3276 4478 3372 4532 καὶ
3400 4479 3508 4531 πᾶν
3536 4479 3596 4530 ὲν
3617 4475 3810 4546 γαστρὶ

549 4573 617 4628 de
639 4579 810 4634 terra,
831 4567 1134 4636 .omnisque
1163 4562 1432 4633 deinceps
1473 4563 1530 4617 in
1559 4571 1716 4618 utero
1737 4563 2005 4633 formatus
2044 4579 2127 4624 est

2236 4573 2560 4627 πλάττεται
2589 4571 2820 4642 βρέφος*
2853 4571 3027 4634 οὕτως
3054 4573 3101 4624 οἰ
3137 4572 3194 4624 ὲν
3221 4570 3444 4641 Χριστῷ
3473 4569 3562 4624 διὰ
3586 4567 3810 4639 μετοχῆς

550 4659 758 4721 iulans,
819 4657 902 4712 sic
928 4663 986 4710 et
1007 4655 1105 4726 qui
1141 4653 1196 4708 in
1227 4653 1458 4709 Christo
1495 4653 1722 4724 degunt,
1757 4671 1856 4725 per
1885 4657 2130 4726 Spiritus

553 4749 731 4809 sancti
782 4748 1262 4820 participationet'n
1306 4747 1362 4802 in
1409 4747 1656 4817 ejusdem
1693 4750 1935 4819 speciem
1970 4752 2131 4820 επον-

552 4847 812 4909 mantur;
839 4837 996 4910 juxta
1037 4835 1221 4892 illud:
1273 4854 1294 4888 ι
1328 4835 1532 4900 Filioli,
1564 4852 1704 4907 quos
1749 4839 1950 4893 iterum
1999 4856 2128 4910 par-

553 4933 726 4997 turio,
782 4931 978 5002 donec.
1009 4928 1338 4986 inlormetur
1381 4931 1634 4987 Christus
1678 4933 1733 4987 in
1777 4933 1936 4991 vobis
1977 4937 2043 4990 "’.
2103 4955 2121 4988 ι

557 5025 620 5080 Et
651 5039 874 5081 rursum
910 5040 924 5078 :
969 5039 988 5074 t
1023 5020 1206 5078 Nolite
1236 5019 1576 5076 conformari
1610 5023 1812 5080 saeculo
1847 5025 2000 5090 huic,
2031 5026 2128 5083 sed

555 5115 937 5173 reformantini
969 5115 1023 5170 in
1054 5114 1300 5170 novitate
1328 5129 1529 5170 sensus
1559 5117 1754 5184 veStri,
1787 5127 1847 5174 ut
1886 5120 2130 5190 probetis

555 5225 680 5280 quae
725 5209 798 5264 sit
855 5208 1112 5264 voluntas
1151 5205 1246 5262 Dei
1287 5206 1456 5271 bona,
1501 5215 1556 5262 et
1597 5209 1737 5268 bene
1783 5213 2028 5284 placens,
2077 5223 2132 5270 et

558 5300 798 5365 perlecta
815 5300 887 5354 ⁸⁸.
933 5321 952 5352 ι
987 5298 1270 5371 itemque:
1310 5318 1330 5352 ι
1359 5298 1472 5356 Nos
1499 5308 1682 5358 autem
1721 5304 1958 5374 revelata
1989 5305 2132 5362 facie

2236 4665 2334 4720 τοῦ
2377 4665 2534 4734 ἁγίου
2559 4665 2925 4719 πλάττονται
2952 4663 3272 4734 Πνεῦματος
3312 4664 3393 4725 εἰς
3433 4657 3574 4724 εἶδος
3596 4661 3655 4714 τὸ
3682 4660 3810 4728 πρὸς

2238 4757 2421 4823 αὑτὸν,
2452 4757 2598 4810 κατὰ
2641 4756 2703 4810 τό
2729 4771 2744 4785 ·
2787 4776 2806 4807 ι
2829 4757 3052 4818 Τεκνία,
3085 4755 3180 4819 οὓς
3219 4755 3383 4808 πάλιν
3427 4753 3607 4808 ὠδίνω
3656 4753 3811 4821 μέχρι

2243 4849 2507 4921 μορφωθῇ
2538 4849 2770 4920 Χριστὸς
2825 4850 2885 4901 ὲν
2937 4849 3085 4916 ὑμῖν.
3118 4867 3138 4902 ι
3182 4847 3292 4902 Καὶ
3322 4845 3505 4900 πάλιν·
3544 4864 3564 4896 ι
3595 4845 3684 4913 Μὴ
3725 4860 3811 4896 συ-

2240 4942 2647 5013 ηηματίζεσθε
2689 4940 2766 5011 τῷ
2819 4942 2976 4995 αἰῶνι
3010 4941 3205 5011 τούτῳ,
3249 4939 3366 4993 ἀλλ’
3399 4932 3811 5008 ἀναμοριροῦσθε

2239 5031 2304 5099 τῇ
2328 5028 2692 5084 ἀνακαινώσει
2714 5029 2810 5082 τοῦ
2841 5030 2960 5093 νοὸς
2997 5029 3170 5099 ὑμῶν,
3226 5029 3306 5092 εἰς
3332 5027 3396 5081 τὸ
3429 5028 3744 5098 δοκιμάζειν
3764 5023 3812 5080 τί

2239 5120 2302 5174 τὸ
2329 5119 2540 5191 θέλημα
2575 5120 2668 5174 τοῦ
2712 5120 2849 5175 Θεοῦ
2899 5121 2960 5175 τὸ
2992 5121 3218 5189 ἀγαθὸν,
3250 5120 3348 5174 καὶ
3376 5120 3693 5191 εὐάρεστον,
3723 5119 3814 5174 καὶ

2241 5213 2468 5268 τέλειον.
2503 5235 2522 5265 ι
2579 5216 2688 5270 Καὶ
2720 5213 2903 5270 πάλιν·
2947 5233 2966 5266 ι
2991 5213 3182 5285 Ἡμεῖς
3229 5212 3288 5266 δὲ
3313 5212 3810 5282 ἀνακεκαλυμμένῳ

2241 5305 2521 5377 προσώπῳ
2561 5306 2660 5378 τὴν
2708 5307 2876 5378 αὐτὴν
2923 5306 3118 5372 εἰκόνα,
3158 5305 3613 5378 μεταμορφοῦσθε
3652 5305 3704 5347 δ’
3747 5305 3810 5374 τῇ
3849 5312 3862 5320 ’

627 5437 676 5472 τι
720 5440 857 5494 Luc.
891 5457 992 5506 ιιι,
1021 5441 1112 5496 47.
1187 5441 1234 5473 ⁷⁹
1272 5438 1449 5496 Galat.
1480 5458 1557 5509 tv,
1599 5443 1688 5499 l9.
1762 5442 1810 5476 ‘°
1851 5438 2006 5498 Rom.
2042 5458 2138 5508 xu,
2173 5443 2230 5495 2.
2350 5487 2361 5494 .

1831 5561 2065 5620 VARIAE
2099 5559 2504 5616 LECTIONES.

646 5670 670 5696 ⁸
706 5682 795 5737 ΤΡ»
829 5669 1100 5740 προσήγκ.
1181 5671 1209 5710 ι’
1247 5691 1334 5740 γρ.
1369 5669 1498 5742 ἄρα.
1579 5687 1600 5712 ε
1633 5693 1716 5744 yp.
1743 5675 1884 5730 ὅσον.
1962 5687 1988 5716 ο
2025 5693 2116 5746 γρ.
2144 5677 2243 5731 ὅτι.
2321 5675 2381 5715 δ’
2409 5693 2494 5744 γρ.
2529 5673 3046 5746 μεταμορφούμεθα.
