4010 6302
226 256 412 324 ’2109

266 465 523 534 καθάπερ
555 464 664 519 ἀπὸ
691 462 899 536 Κυρίου
942 460 1286 534 Πνεύματος.
1322 484 1344 519 ι
1388 466 1528 520 Ἀλλ’
1564 469 1725 538 ἡμεῖς
1751 468 1853 538 μὲν

267 555 434 612 οῦτω.
466 556 593 619 Τοῖς
614 556 674 609 ἐν
712 555 863 626 νόμῳ
906 554 964 608 δὲ
1001 555 1204 627 πρέπει
1232 557 1480 623 δουλείας
1512 558 1733 629 πνεῦμα
1758 559 1855 613 λα-

269 644 429 698 ϐοῦσι
456 644 517 698 τὺ
548 644 628 709 εἰς
655 644 878 716 οἰκέτην
906 645 1005 698 καὶ
1050 644 1235 700 παῖδα
1262 646 1628 704 πεπλάσθαι.
1663 649 1854 719 Παρα-

270 734 557 798 δαίνοντας
588 734 698 810 γὰρ
745 735 775 787 ό
803 733 990 804 νόμος,
1028 735 1106 800 ὡς
1146 735 1363 801 οἰκέτας
1395 736 1668 802 ἐκόλαζεν.
1703 738 1768 792 Ἦ
1794 739 1854 793 ὲν

269 825 497 898 Χριστῷ
525 826 584 879 δὲ
623 823 855 890 πλάσις
888 825 1036 890 υἰούς
1077 842 1138 880 τε
1174 826 1270 881 καὶ
1301 827 1658 900 συμμόρφους
1685 828 1854 901 ἐργά-

271 918 455 983 ζεται.
478 917 572 989 Τῷ
610 917 680 987 δὴ
712 911 808 971 οῦν
836 918 1110 987 Ἰσραὴλ,
1161 917 1254 989 Μὴ
1289 918 1697 974 satureum:
1729 936 1852 991 μου,

271 1009 434 1080 φησὶ,
462 1008 802 1081 τρεπόμενος
845 1010 927 1073 εἰς
981 1008 1260 1063 ἀσέϐειαν.
1317 1009 1462 1082 Πρὸς
1500 1010 1561 1065 δν
1614 1010 1854 1083 ἀλλαχοῦ

272 1114 444 1168 φησιν
462 1114 478 1130 ’
516 1117 536 1151 ι
558 1098 747 1169 Ὑμεῖς
777 1100 827 1154 οἰ
854 1098 1344 1171 έπιλανθανόμενοί
1368 1117 1492 1172 μου,
1520 1101 1616 1156 καὶ
1638 1102 1857 1175 ἑτοιμά-

273 1186 467 1253 ζοντες
493 1188 571 1259 τῷ
607 1189 880 1261 δαιμονίῳ
919 1188 1224 1263 τράπεζαν,
1272 1191 1367 1245 καὶ
1413 1191 1748 1263 πληροῦντες
1784 1196 1853 1268 τῇ

272 1279 419 1352 τύχῃ
452 1279 727 1352 κέρασμα.
756 1300 777 1334 ι
1459 1295 1463 1299 ”

225 1514 237 1524 ,
350 1455 539 1521 Οὕτως
585 1458 696 1530 ἄρα
743 1457 903 1530 λήθη
958 1458 1119 1527 Θεοῦ,
1151 1460 1214 1515 τὸ
1254 1460 1622 1533 ἁποφοιτῆσαι
1662 1459 1857 1517 τούτου
1920 1470 1923 1473 ’

273 1548 450 1619 δηλοῖ.
487 1551 818 1622 Προτρέπων
856 1552 914 1606 δὲ
961 1553 1214 1607 σπεύδειν
1262 1553 1358 1607 ἐπὶ
1392 1553 1702 1624 μετάνοιαν,
1722 1552 1860 1607 ὶπι-
1918 1552 1919 1555 “

277 1640 609 1712 στρέφουσιν
638 1643 825 1707 αὐτοῖς
851 1644 1270 1716 ἁμαρτημάτων
1307 1640 1500 1715 ἄφεσιν
1527 1645 1858 1715 ἐπαγγέλλε-

273 1703 393 1794 ταί,
423 1703 774 1802 Ἇπήλειψα,
802 1703 998 1802 λέγων,
1187 1736 1283 1789 τοῦ
1310 1703 1659 1805 devastat-to;
1681 1703 1855 1791 κα.θὰ-
1882 1703 1933 1766 Β

274 1836 390 1891 περ
412 1837 467 1873 τι
494 1821 656 1890 νέφος
676 1821 940 1888 διαλύσας
978 1824 1012 1894 ἢ
1044 1825 1263 1894 γνόφον.
1291 1824 1366 1878 Τὸ
1398 1825 1506 1897 γὰρ
1530 1825 1724 1896 μέλλον
1760 1825 1855 1880 τοῦ

274 1909 499 1999 χρόνου,
550 1910 612 1964 τὸ
663 1913 1043 1983 λυτρώσομαί
1088 1930 1165 1971 σε
1212 1916 1562 1987 παρίστησιν.
1594 1916 1857 1999 Πῶςγὰρ

273 1998 625 2069 ἀπήλειψεν
649 2004 678 2055 ὁ
704 2002 887 2057 καλῶν
912 2007 992 2069 εἰς
1017 2006 1416 2077 ἐπιστροφὴν,
1446 2010 1523 2072 ὡς
1537 1998 1859 2081 ἀπεστραμ-
1926 2006 1933 2011 ﬂ

278 2092 467 2161 μένον,
499 2093 606 2147 τὸν
626 2093 917 2164 Ἰσραήλ;
945 2095 1034 2150 διὰ
1064 2098 1307 2168 Χριστοῦ
1334 2099 1442 2171 γὰρ
1460 2098 1666 2171 ἥμελλε
1688 2101 1857 2154 πᾶσιν

274 2182 312 2250 ἡ
357 2182 469 2236 τῶν
500 2183 914 2256 ἁμαρτημάτων
965 2187 1162 2256 ἄφεσις
1212 2187 1449 2243 δίδοσθαι
1489 2207 1859 2263 συναναστρα-

274 2270 475 2337 φέντος
508 2273 640 2343 ἡμῖν
681 2273 779 2327 τοῦ
811 2274 1034 2345 ’Δμνοῦ,
1063 2277 1122 2340 ὃς
1151 2278 1296 2349 αἴρει
1328 2278 1433 2351 τὴν
1455 2280 1732 2353 ἁμαρτίαν
1762 2281 1856 2335 τοῦ

273 2360 515 2433 κόσμου.
558 2365 622 2417 '0
649 2364 713 2436 δὴ
743 2366 977 2435 προϊδὼν
1009 2370 1038 2422 ό
1080 2371 1384 2442 προφήτης,
1419 2372 1514 2425 καὶ
1556 2373 1632 2437 ὼς
1670 2372 1859 2427 πολλοί

277 2453 491 2509 τούτων
525 2456 908 2512 πιστεύσουσιν
953 2459 1032 2532 τῷ
1070 2462 1392 2533 προφητικῷ
1418 2463 1731 2535 πειθόμενοι
1771 2464 1861 2518 λό-

275 2562 389 2616 γῳ,
417 2548 631 2618 χαίρειν
654 2549 781 2613 τοὺς
821 2551 1117 2620 οὐρανοὺς
1145 2554 1510 2622 προσφωνεῖ,
1537 2556 1636 2619 τὰς
1680 2558 1861 2624 οὐρα-

1403 246 1944 322 COMMENTA-Iut
1982 260 2065 323 IN
2104 260 2392 323 ISAIAM.

267 372 638 430 ἀνακαινώσει
668 372 763 426 τοῦ
797 368 915 435 νοδς
948 369 1185 443 saepe,
1234 371 1343 427 ἁπδ
1366 373 1527 445 δόξης
1566 376 1646 437 εἰς
1670 375 1850 440 δόξαν,
1880 378 1927 435 Α

1954 374 2013 430 in
2045 375 2290 431 eamdem
2324 372 2612 444 imaginem
2644 371 2807 446 504
2836 372 3321 443 transformamur,
3368 393 3525 432 reno-

1954 465 2170 521 vatione
2194 463 2392 521 mentis
2412 472 2633 530 nostrae,
2659 477 2689 517 a
2714 464 2887 535 gloria
2910 464 2964 519 in
2987 465 3237 535 gloriam,
3262 477 3524 538 tanquam

1954 569 1986 608 a
2014 553 2230 610 Domini
2258 553 2458 626 spiritu
2486 555 2553 608 3‘.
2588 573 2609 606 ι
2645 553 2825 625 Atque
2851 555 2925 609 ita
2949 571 3049 611 nos
3081 557 3324 627 quidem.
3359 557 3526 618 Decet

1952 658 2085 699 vero
2116 653 2169 699 et
2217 659 2333 710 eos,
2380 643 2475 714 qui
2504 642 2561 697 in
2601 642 2721 713 lege
2750 642 3034 699 servitutis
3068 645 3327 715 spiritum
3359 632 3522 709 acce-

1954 744 2172 806 perunt,
2210 734 2262 788 in
2294 748 2516 790 servum
2562 740 2618 789 et
2642 733 2814 802 ﬁlium
2831 732 3089 806 formari.
3124 735 3183 789 ln
3214 746 3527 808 transgres-

1954 840 2113 883 sores
2137 826 2284 882 enim
2312 826 2425 892 lex,
2475 835 2732 895 tanquam
2763 826 2820 881 in
2856 840 3050 881 servos
3070 869 3085 893 ,
3118 820 3525 887 animadverte-

1953 916 2050 974 bat
2106 934 2123 972 :
2189 932 2314 975 cum
2374 918 2491 988 ipsa
2552 918 2609 973 in
2662 917 2888 973 Christo
2949 917 3203 986 formatio
3263 918 3426 986 lilios,
3473 904 3530 976 et

1954 1009 2269 1067 conformes
2292 1011 2339 1044 δ’
2383 1009 2598 1067 efﬁciat.
2647 1009 2987 1064 Adhortatur
3012 1025 3141 1081 ergo
3172 1009 3431 1067 Israelem
3463 1027 3531 1067 ne

1957 1103 2025 1158 ad
2044 1105 2303 1174 pietatem
2330 1117 2632 1160 conversus
2672 1102 2756 1157 sui
2805 1102 2896 1156 ille
2919 1101 3282 1158 obliviscatur.
3319 1103 3529 1174 Cujus-

1953 1193 2103 1249 modi
2136 1201 2264 1248 sunt
2296 1194 2401 1250 ista
2430 1191 2497 1248 ad
2525 1191 2777 1248 eumdem
2806 1192 3006 1247 alicubi
3039 1209 3053 1246 :
3080 1211 3101 1245 ι
3142 1193 3249 1249 Vos
3270 1194 3364 1265 qui
3388 1194 3531 1249 obli-

1953 1284 2231 1340 viscimini
2288 1285 2392 1339 mei
2451 1291 2506 1339 et
2551 1284 2760 1355 paratis
2811 1283 3083 1340 daemonio
3132 1300 3378 1343 mensam
3407 1327 3423 1354 ,
3475 1293 3532 1345 et

1955 1374 2198 1444 impletis
2226 1373 2481 1430 Fortunae
2508 1373 2749 1429 libamen
2767 1373 2835 1430 ⁸³.
2876 1392 2896 1426 ι
3428 1366 3431 1371 ’

2026 1466 2105 1521 lta
2134 1466 2301 1538 igitur
2327 1464 2422 1520 Dei
2447 1463 2705 1527 oblivisci,
2737 1464 2805 1518 ab
2837 1462 3031 1519 eodem
3064 1464 3328 1521 recedere
3357 1464 3531 1537 signi-

1956 1555 2106 1611 ﬁcat.
2137 1555 2275 1611 Cum
2311 1562 2494 1609 autem
2519 1554 2586 1608 ad
2623 1553 3006 1624 paenitentiam
3043 1553 3306 1610 festinare
3333 1554 3533 1611 adhor-

1958 1655 2127 1713 tatur,
2158 1645 2388 1711 eisdem,
2444 1646 2493 1700 si
2535 1644 2891 1714 resipiscant,
2921 1642 3287 1717 peccatorum
3312 1644 3534 1700 veniam

1957 1737 2282 1804 denuntiat;
2348 1736 2444 1807 qui
2505 1735 2679 1792 delevi
2721 1734 2972 1799 verbum,
3012 1748 3116 1805 pro
3167 1732 3372 1799 delebo,
3420 1748 3534 1789 non

1957 1827 2122 1883 aliter
2157 1840 2322 1897 quam
2352 1825 2421 1881 de
2439 1824 2661 1889 nebula,
2694 1831 2788 1879 aut
2814 1824 3050 1895 caligine
3075 1823 3261 1894 aliqua
3290 1824 3532 1891 locutus,

1958 1927 2210 1992 usurpat.
2229 1919 2424 1977 Futuri
2453 1918 2727 1989 siquidem
2759 1918 3022 1989 temporis
3070 1918 3534 1988 signiﬁcationem

1956 2013 2250 2085 expressit,
2287 2027 2409 2067 cum
2436 2011 2696 2066 redimam
2739 2019 2788 2065 te
2814 2010 3086 2081 adjunxit.
3121 2009 3226 2078 Qui
3263 2011 3409 2066 enim
3441 2009 3536 2066 de-

1959 2101 2143 2155 lenisse
2164 2106 2406 2169 putetur,
2439 2099 2537 2170 qui
2577 2105 2841 2168 tanquam
2887 2113 3144 2155 aversum
3170 2097 3433 2155 Israelem
3463 2101 3536 2158 ad

1958 2192 2344 2249 conversionem
2369 2189 2671 2261 provocat?
2700 2189 2887 2245 Danda
2919 2191 3193 2261 siquidem
3220 2189 3401 2248 fuerat
3424 2206 3541 2253 om-

1958 2280 2123 2337 nibus
2155 2280 2475 2336 delictorum
2505 2278 2758 2335 remissio
2789 2295 2885 2351 per
2903 2279 3210 2343 Christum,
3231 2281 3326 2352 qui
3355 2296 3534 2354 agnus

1960 2371 2248 2427 nobiscum
2302 2379 2550 2427 versatus
2594 2380 2819 2443 peccata
2854 2370 3045 2429 mundi
3082 2373 3329 2427 sustulit.
3376 2372 3538 2440 Quod

1961 2473 2111 2520 certe
2160 2479 2282 2520 cum
2317 2464 2478 2535 longe
2521 2472 2649 2519 ante
2694 2462 2958 2534 propheta
2992 2463 3221 2529 videret,
3256 2480 3321 2519 ex
3356 2465 3537 2535 iisque

1962 2551 2080 2608 fore
2109 2568 2218 2607 non
2249 2568 2475 2623 paucos,
2500 2552 2593 2622 qui
2620 2551 2954 2621 prophetica:
2974 2552 3213 2606 orationi
3268 2550 3535 2607 credituri

274 2640 460 2703 νίους
487 2639 732 2710 δηλονότι
756 2642 1034 2714 δυνάμεις,
1082 2643 1158 2708 ὡς
1201 2644 1269 2698 ἂν
1308 2647 1487 2717 χαρᾶς
1523 2649 1583 2701 ὲν
1611 2647 1862 2720 οὐρανοῖς

1967 2651 2169 2708 essent,
2201 2643 2359 2698 caelos
2399 2643 2571 2713 ipsos,
2600 2642 2655 2697 id
2692 2648 2778 2697 est
2820 2641 3071 2698 calorum
3102 2642 3332 2698 virtutes
3360 2632 3542 2715 [talari

278 2730 658 2799 γενησομένης
708 2732 801 2784 ἐπὶ
851 2735 964 2796 τοῖς
1008 2736 1288 2804 μετανοεῖν
1337 2736 1643 2807 μέλλουσιν.
1694 2738 1862 2795 Ὅθεν

1967 2734 2322 2801 acclamavit,
2380 2744 2638 2807 tanquam
2706 2734 2966 2806 gaudium
3026 2733 3082 2790 in
3148 2735 3305 2791 caelis
3372 2730 3542 2806 super

278 2820 526 2892 Χριστοῦ
552 2822 904 2894 γεννηθέντος
941 2825 1260 2896 ἁνέκραζοψ
1304 2845 1322 2878 t
1347 2826 1484 2893 Δόξα
1514 2829 1572 2882 ἐν
1619 2829 1865 2900 ὑψίστοις

1967 2836 2253 2898 peccatore
2281 2827 2660 2897 pmnitentiam
2683 2834 2879 2881 acturo
2911 2824 3158 2881 futurum
3177 2827 3248 2882 sit
3264 2823 3338 2879 ³⁸.
3361 2824 3540 2896 Atque

280 2912 429 2984 Θεῷ,
461 2914 555 2967 καὶ
583 2914 675 2967 ἰπὶ
708 2914 811 2985 γῆς
853 2916 1066 2986 εἰρήνη.
1095 2935 1113 2968 ι
1150 2918 1469 2979 Σαλπίζειν
1504 2920 1561 2973 δὲ
1592 2920 1864 2991 βούλεται,

1967 2920 2094 2976 inde
2125 2928 2229 2986 est,
2278 2918 2424 2989 quod
2458 2924 2591 2973 nato
2617 2916 2884 2990 Christo:
2915 2936 2935 2971 ι
2968 2916 3157 2972 Gloria
3212 2917 3267 2972 in
3302 2916 3539 2973 excelsis

278 3005 387 3059 καὶ
413 3004 467 3058 ετ
491 3004 636 3068 τινές
663 3005 792 3069 εἰσι,
837 3005 934 3061 καὶ
962 3007 1079 3075 τὴν
1104 3006 1221 3077 γῆν
1270 3009 1439 3080 αὐτὴν
1468 3009 1864 3083 ὑποστηρίζου-

1970 3013 2102 3079 Deo,
2133 3021 2188 3068 et
2214 3012 2267 3066 in
2316 3020 2461 3067 terra
2490 3027 2595 3083 pax
2624 3012 2695 3076 ⁸³,
2735 3029 2754 3063 ι
2787 3011 2969 3083 angeli
3020 3012 3364 3068 cecinerunt.
3412 3012 3542 3070 Vult

284 3114 386 3151 σαι
413 3094 555 3151 θεῖαι
574 3097 855 3169 δυνάμεις,
882 3099 1051 3170 ήγουν
1078 3099 1399 3166 ἀλαλάξαι,
1430 3101 1573 3154 κατὰ
1592 3104 1720 3166 τοὺς
1755 3103 1867 3156 λοι-

280 3190 449 3255 ποὺς,
488 3191 657 3260 ὕμνον
692 3191 1122 3262 ἁναπεμπούσας
1170 3192 1307 3263 Θεῷ.
1342 3193 1503 3257 Εἰκὸς
1547 3194 1604 3248 δὲ
1628 3194 1870 3264 θεμέλια

282 3280 655 3353 χρηματίζειν
683 3282 812 3346 τοὺς
836 3283 1102 3352 θεοφιλεῖς
1134 3284 1340 3349 πάντας
1364 3286 1652 3355 προφήτας
1685 3303 1746 3339 τε
1775 3287 1871 3341 καὶ

281 3373 556 3439 δικαίους,
590 3374 731 3429 κατὰ
760 3376 853 3429 τὸν
891 3376 1215 3431 Ἀπόστολον
1237 3366 1531 3447 λέγονταοι
1567 3379 1871 3433 Ἐποικοδο-

290 3464 563 3537 μηθέντες
591 3466 686 3519 ἐπὶ
725 3465 803 3538 τῷ
852 3466 1088 3539 θεμελίῳ
1123 3469 1236 3523 τῶν
1270 3469 1586 3524 ἀποστόλων
1619 3470 1713 3524 καί
1738 3487 1873 3542 προ-

290 3555 506 3628 φητῶν.
532 3577 551 3609 ι
573 3559 699 3613 Ἐπὶ
710 3558 810 3630 τὴν
839 3560 1076 3631 Χριστοῦ
1104 3563 1214 3633 γὰρ
1246 3562 1436 3633 κλῆσιν
1472 3564 1872 3635 μεγαλοφώνως

289 3650 511 3714 πάντας
563 3651 851 3717 ἐκάλεσαν,
888 3654 1029 3707 κατὰ
1070 3654 1132 3708 τό
1163 3670 1176 3683 ·
1212 3656 1336 3719 «Εἰς
1381 3659 1563 3711 πᾶσαν
1608 3657 1706 3728 τὴν
1769 3656 1872 3727 γῆν

288 3741 520 3811 ἐξῆλθεν
542 3744 570 3795 ὁ
595 3743 831 3812 φθόγγος
862 3744 1062 3801 αὐτῶν.
1094 3763 1114 3798 ι
1161 3744 1444 3800 Ἀπὰντων
1505 3750 1602 3816 μὲν
1649 3747 1757 3818 γὰρ
1783 3752 1874 3802 θε-

288 3833 508 3904 μέλιος
530 3835 560 3886 ὃ
581 3837 821 3908 Χριστός
848 3837 1054 3908 ἀνέχων
1093 3855 1150 3891 τε
1178 3836 1272 3891 καὶ
1298 3839 1608 3911 διακρατῶν
1636 3841 1705 3894 τὰ
1746 3843 1875 3914 ἐρη-

296 3926 587 3997 ρεισμένα.
632 3928 750 3980 Ἐπ’
799 3930 946 3999 αὐτῷ
992 3930 1102 3999 γὰρ
1146 3932 1347 3994 πάντες
1374 3931 1875 4003 ὲποικοδομούμεθα

291 4012 451 4079 οἶκος
473 4018 857 4088 πνευματικός.
906 4021 1167 4074 Κατοικεῖ
1194 4022 1303 4092 γὰρ
1351 4025 1408 4077 ἐν
1453 4027 1570 4088 ταῖς
1625 4025 1876 4096 καρδίαις

292 4106 459 4178 ἡμῶν
486 4107 572 4162 διὰ
599 4109 856 4173 πίστεως.
892 4110 1039 4180 Θεμέ
1054 4115 1158 4165 hoc
1205 4113 1264 4164 δὲ
1295 4114 1736 4187 προσεχέστεροι,
1781 4119 1877 4171 καὶ

292 4199 471 4266 ἐγγὺς
503 4200 722 4269 μᾶλλον,
759 4200 791 4270 ἢ
823 4201 942 4254 καθ’
990 4204 1156 4272 ἡμᾶς,
1210 4205 1260 4257 οἰ
1309 4206 1594 4271 αὐτόπται,
1635 4207 1728 4261 καὶ
1771 4208 1877 4261 ὑπ-

298 4290 510 4362 ηρέται
538 4292 636 4345 τοῦ
673 4292 854 4360 λόγου.
887 4293 1133 4347 Γίνονται
1161 4296 1425 4367 γάρνὴμίν
1452 4297 1539 4350 διὰ
1563 4298 1671 4353 τῶν
1698 4315 1877 4370 παρα-

294 4382 503 4437 δόσεων
556 4385 634 4445 εἰς
679 4383 958 4455 ἑδραίωμα
1008 4386 1282 4451 πίστεως,

296 4472 533 4543 Πέτρος,
584 4474 679 4527 καὶ
728 4476 821 4527 ἐπὶ
860 4475 1035 4548 ταύτῃ
1079 4480 1144 4547 τῇ
1173 4477 1348 4549 πέτρᾳ
1388 4478 1729 4549 οἰκοδομήσω
1770 4498 1872 4549 μου

292 4562 404 4633 τὴν
444 4561 783 4633 Ἐκκλησίαν.
814 4581 835 4615 ι
875 4562 948 4617 Τὸ
984 4564 1092 4634 γὰρ
1126 4565 1226 4634 τῆς
1273 4563 1437 4617 αὐτοῦ
1474 4565 1710 4627 πίστεως
1741 4565 1875 4619 ἀσά-

268 4650 489 4705 λευτον
523 4651 884 4722 ὑπεδήλωσεν.
923 4654 1086 4722 Λέγει
1120 4653 1178 4706 δὲ
1209 4652 1304 4706 καὶ
1333 4652 1528 4707 Δαϐίδ·
1571 4671 1590 4704 ι
1621 4654 1684 4706 Οἱ
1713 4652 1876 4724 θεμέ-

294 4743 600 4798 λιοιαὺτοῦ
635 4746 694 4798 ὲν
739 4748 853 4808 τοῖς
900 4745 1051 4815 ὄρεσι
1101 4748 1215 4809 τοῖς
1258 4745 1455 4813 ἁγίοις,
1508 4763 1527 4796 ›
1581 4746 1713 4817 περὶ
1765 4745 1874 4800 τῶν

294 4835 484 4889 αὐτῶν
536 4834 730 4902 λέγων.
777 4835 842 4890 Ὀ
886 4830 1116 4905 μὲν-οὗν
1149 4836 1354 4906 Μωσῆς
1406 4837 1737 4907 ίσχνόφωνος
1784 4833 1873 4908 ἦν.

308 4926 377 4979 '0
406 4925 512 4997 γὰρ
536 4926 701 4996 νόμος
728 4924 795 4994 ἦν
821 4929 932 4989 τοίς
956 4929 1015 4981 ἐν
1056 4926 1282 4998 Ἰουδαίᾳ
1317 4928 1499 4998 μόνοις
1530 4928 1875 4993 ἐξάκουστος.

1970 3112 2152 3160 autem
2201 3112 2256 3159 et
2302 3105 2536 3163 virtutes
2585 3103 2821 3169 divinas,
2873 3102 2920 3159 si
2951 3118 3072 3173 quae
3124 3113 3321 3162 terram
3362 3104 3538 3177 ipsam

1971 3195 2221 3263 iniciant,
2273 3195 2397 3249 tuba
2425 3211 2648 3260 canere;
2684 3194 2837 3263 sive,
2887 3202 2950 3252 ut
2995 3196 3088 3249 alii
3117 3196 3540 3259 transtulerunt,

1971 3278 2190 3360 hymnis
2243 3287 2298 3342 in
2346 3287 2516 3342 Deum
2564 3287 2854 3341 exsultare.
2901 3285 2998 3344 Est
3043 3287 3207 3342 etiam
3254 3298 3548 3345 consenta-

1970 3393 2134 3433 neum
2160 3377 2629 3448 [undamentorum
2658 3379 2881 3433 nomine
2916 3379 3039 3450 pios
3070 3393 3282 3441 omnes,
3313 3380 3548 3448 prophe-

1971 3479 2181 3539 tasque,
2231 3480 2282 3527 et
2310 3472 2492 3542 justos
2516 3470 2781 3539 intelligi;
2818 3471 2933 3541 qui,
2982 3470 3215 3531 docente
3243 3469 3539 3540 Apostolo,

1973 3561 2345 3631 apostolorum
2385 3573 2441 3615 et
2485 3562 2874 3632 prophetarum
2928 3558 3312 3618 fundamentis
3352 3574 3549 3628 super-

1974 3652 2171 3706 structi
2217 3650 2331 3705 sint
2374 3651 2441 3706 ".
2476 3650 2558 3703 Ad
2589 3649 2797 3705 Christi
2846 3648 2993 3704 enim
3046 3663 3246 3703 nomen
3290 3656 3550 3707 contenta

1976 3755 2105 3795 voce
2133 3748 2403 3794 vocarunt
2445 3755 2674 3803 omnes;
2722 3739 2882 3808 juxta
2925 3737 3059 3791 illud
3107 3753 3123 3792 :
3175 3755 3195 3790 ι
3239 3734 3298 3790 In
3329 3752 3548 3793 onmem

1975 3844 2176 3889 terram
2207 3832 2377 3888 exivit
2405 3846 2574 3886 sonus
2600 3845 2791 3883 eorum
2815 3828 2887 3882 ⁸⁷.
2933 3847 2952 3880 ι
2983 3825 3240 3883 Omnium
3274 3828 3551 3899 siquidem

1954 3925 2380 3997 fundamentum
2410 3921 2669 3978 Christus
2693 3928 2811 3989 est;
2845 3918 2937 3991 qui
2969 3933 3092 3988 quas
3123 3918 3344 3973 admota
3397 3928 3544 3983 sunt,

1977 4017 2081 4071 ﬁxa
2131 4015 2394 4084 ﬁrmaque
2447 4012 2718 4068 sustineat
2760 4022 2814 4065 et
2878 4010 3300 4082 complectatur.
3336 4011 3403 4064 In'
3429 4010 3550 4080 ipso

1977 4107 2247 4179 siquidem
2294 4121 2485 4160 omnes
2539 4103 2875 4159 aedificantur
2919 4102 3114 4158 domus
3148 4101 3454 4171 spiritualis
3478 4100 3546 4154 ⁸⁸.

1978 4195 2138 4267 505
2166 4195 2385 4249 Habitat
2404 4193 2548 4247 enim
2575 4193 2628 4246 in
2649 4188 2911 4246 cordibus
2942 4189 3147 4244 nostris
3169 4204 3266 4259 per
3298 4187 3456 4242 ﬁdem
3478 4188 3548 4243 ⁸³,

1978 4287 2354 4342 Fundamenta
2406 4286 2575 4339 etiam
2629 4283 2811 4337 vicina
2861 4282 3036 4365 magis
3093 4290 3147 4335 et
3209 4278 3547 4355 propinqua,

1332 4387 1475 4440 κατὰ
1520 4388 1581 4440 τό
1605 4405 1617 4418 ’
1676 4407 1695 4440 ι
1719 4390 1792 4443 Σὺ
1827 4385 1871 4442 εἰ

1979 4397 2142 4449 quam
2176 4390 2368 4435 nostro
2401 4377 2623 4440 saeculo,
2651 4377 2755 4448 ipsi
2790 4376 3011 4431 iniciunt
3059 4374 3260 4428 oculati
3304 4381 3468 4427 testes
3500 4383 3555 4427 et

1982 4473 2224 4528 ministri
2260 4472 2444 4536 verbi;
2478 4471 2571 4541 qui
2616 4470 2775 4525 nobis
2833 4471 3054 4539 propter
3103 4465 3446 4531 traditiones,
3497 4465 3552 4517 in

1985 4564 2107 4618 ﬁdei
2139 4563 2573 4619 stabilimentum
2598 4562 2966 4625 exstiterunt,
2994 4561 3148 4632 juxta
3196 4556 3329 4611 illud
3366 4576 3378 4610 :
3416 4576 3432 4606 ι
3470 4552 3553 4608 Tu

1982 4670 2042 4711 es
2072 4654 2293 4719 Petrus,
2328 4663 2382 4709 et
2409 4668 2577 4724 super
2622 4653 2765 4708 hanc
2816 4660 3024 4722 petram
3057 4649 3336 4707 aediﬁcabo
3366 4646 3555 4703 Eccle-

1985 4749 2122 4804 siatn
2156 4746 2431 4803 meum”.
2467 4765 2486 4797 ι
2523 4735 2736 4799 Iudicat
2772 4745 2919 4798 enim
2953 4742 3199 4814 ejusdem
3230 4740 3353 4795 fidei
3391 4739 3555 4795 certi-

1982 4839 2230 4893 tudinetn
2278 4843 2333 4892 et
2381 4820 2770 4891 constantiam.
2812 4834 2955 4900 Quin
3007 4844 3060 4889 et
3106 4832 3245 4902 apud
3296 4832 3554 4886 Davidem

1992 4930 2225 5000 legimus
2266 4946 2280 4981 :
2346 4946 2363 4977 ι
2402 4924 2782 4980 Fundamenta
2833 4924 2954 4994 ejus
2998 4925 3054 4979 in
3104 4921 3381 4978 montibus
3434 4936 3565 4976 sau-

296 5020 639 5073 Σαλπισταί
692 5020 748 5072 δὲ
808 5018 904 5072 καὶ
964 5018 1341 5088 μεγαλόφωνοι
1379 5020 1621 5090 κήρυκες
1681 5019 1732 5072 οἰ
1786 5019 1871 5073 τὸν

1967 5021 2059 5077 :tis
2083 5022 2151 5085 ",
2192 5038 2211 5071 ι
2250 5034 2375 5073 cum
2408 5019 2474 5071 de
2502 5017 2712 5072 eisdem
2760 5017 3027 5086 loquitur.
3072 5014 3221 5069 Voce
3256 5025 3387 5082 ergo
3427 5010 3556 5066 exili

294 5105 539 5181 Χριστὸν
570 5109 849 5179 πανταχοῦ
875 5110 1302 5186 διαγγέλλοντες.

1983 5119 2038 5166 et
2054 5107 2346 5179 praepedita
2377 5104 2479 5159 fuit
2499 5104 2677 5161 Moses
2694 5106 2765 5172 9’,
2790 5106 2935 5176 quod
2960 5107 3132 5176 legem
3158 5105 3214 5158 in
3232 5101 3420 5157 Judaea
3439 5112 3560 5153 tan.

294 5208 423 5258 tum
464 5200 716 5254 exaudiri
743 5215 985 5285 necesse
1012 5210 1191 5265 esset;
1227 5200 1331 5271 ipsi
1384 5208 1565 5256 autem
1594 5216 1885 5273 praecones
1922 5201 2127 5259 Christi
2150 5200 2541 5265 buccinatores,
2588 5212 2895 5268 magnaque
2935 5205 2989 5252 et
3048 5196 3158 5251 alta
3227 5207 3362 5251 voce
3422 5206 3561 5262 prte-

295 5294 429 5360 diti,
472 5302 533 5348 ut
560 5309 683 5348 eum
716 5296 921 5366 ubique
954 5299 1372 5353 annuntiareut.

1412 5389 1506 5444 29.
1580 5389 1628 5422 ⁸³
1665 5390 1771 5446 lsa.
1806 5403 1937 5454 Lvn,
1966 5384 2022 5441 6.
2097 5384 2146 5416 “
2184 5380 2497 5454 Luc._gx!,_
2528 5377 2580 5435 7.
2675 5376 2721 5409 ⁸⁸
2762 5374 2898 5454 L_u_c.
2956 5340 3038 5454 il};
3074 5374 3182 5454 με
3216 5444 3229 5454 _
3266 5373 3313 5439 'j"
3350 5374 3554 5454 Ep"??-

295 5451 503 5525 tt,_20.
566 5455 609 5485 ⁸⁷
646 5453 792 5509 Psai.
820 5456 1060 5523 xvut,5;
1122 5460 1280 5513 Rom.
1331 5451 1388 5525 x,
1428 5460 1514 5515 i8.

288 5524 343 5560 ⁸⁸
384 5521 531 5578 Psal.
585 5539 806 5595 uxxvr,
836 5527 888 5582 1.
996 5521 1055 5560 ’"
1079 5528 1253 5583 Exod.
1280 5521 1477 5596 tv,'i0.

1621 5458 1670 5492 ⁸⁸
1726 5459 1948 5515 lPetr.
2007 5473 2069 5524 Il,
2143 5454 2199 5509 5.

2319 5450 2364 5482 "
2402 5434 2607 5520 preS.
2652 5462 2735 5505 tu.
2796 5444 2885 5503 17.
2992 5434 3040 5479 δ’
3080 5434 3277 5502 Matth.
3327 5434 3438 5511 xvi,
3467 5448 3551 5501 td.

1578 5619 1810 5675 VARIE
1846 5614 2259 5675 LECTIONES.

370 5699 409 5727 -ο
434 5701 523 5756 γρ·
566 5681 744 5758 ἡμῶνο

628 5778 902 5847 Βιτιιοι..
952 5776 1070 5839 Gn.
1096 5775 1471 5840 LXXXVII.

3112 5768 3193 5832 76
