4010 6302
303 273 452 340 2ί13

1441 275 1976 340 COMMENTARII
2005 277 2090 337 ΙΝ
2132 276 2422 338 ISAIAM.

3415 268 3561 336 ειιι

297 386 651 455 ἐστερέωσα
705 385 821 456 τὴν
893 387 1027 457 γῆν.
1095 384 1190 453 Ὶίςέ
1241 387 1442 455 ἕτερος
1496 386 1889 442 διασκεδάσει

1999 395 2209 439 terram.
2257 385 2388 452 Quis
2444 385 2584 438 alius
2634 386 2914 455 dissipabit
2941 386 3091 454 signa
3148 383 3456 454 pythonum,
3509 391 3560 440 et

303 479 530 548 σημεῖα
571 479 1078 548 ἐγγαστριμύθων,
1119 478 1218 532 καί
1265 479 1548 546 μαντείας
1595 478 1713 533 ἀπὸ
1751 492 1892 545 καρ-

1999 475 2340 530 divinationes
2369 476 2434 529 de
2467 475 2668 531 corde?
2697 482 2807 530 etc.

303 567 446 634 δίας
461 586 486 634 ,;
517 586 571 623 κ.
590 586 647 626 τ.
677 570 727 623 λ.

385 661 646 730 Ἔλεγχον
690 660 1142 731 εἰδωλολατρείας
1189 660 1595 732 προεκθέμενος
1646 662 1676 714 ό
1709 660 1888 729 λόγος,

307 756 409 810 καὶ
434 753 510 818 ὡς
543 753 840 807 παύσονται
885 753 1092 824 ταύτης
1126 753 1182 806 οἱ
1225 750 1701 822 τὴνπροφητικὴν
1743 751 1890 804 διδα-

307 847 541 901 σκαλίαν
569 844 910 916 ὠφελημένοι
935 862 949 874 ·
988 843 1081 899 νῦν
1104 844 1206 915 τὴν
1253 846 1318 898 ἐκ
1352 843 1671 907 Βαϐυλῶνος
1717 844 1894 898 ἀπαλ-

305 940 488 1011 λαγὴν
537 939 970 1007 ἐπαγγέλλεται,
1013 938 1095 999 είς
1145 937 1325 1007 ἥνπερ
1375 936 1893 1006 είδωλολατροῦντες

305 1029 679 1100 ἀπήχθησαν,
726 1021 897 1098 οῦπερ
941 1029 992 1081 εί
1041 1028 1347 1084 παύσαιντο
1401 1026 1531 1093 νῦν,
1578 1027 1894 1096 ἐλευθερίαν

309 1121 604 1190 ὑπέσχετο.
691 1120 917 1190 Ἐπειδὴ
964 1119 1023 1172 δὲ
1055 1120 1202 1190 περὶ*
1221 1120 1564 1190 πραγμάτων
1621 1119 1894 1189 μεγίστων

307 1213 552 1273 ἐποιεῖτο
576 1212 702 1275 τοὺς
723 1209 938 1279 λόγους,
963 1211 1058 1263 καὶ
1083 1205 1153 1281 ἦν
1179 1211 1326 1274 εἰκὸς
1357 1209 1706 1264 ἀπιστεῖσθαι
1742 1210 1895 1280 παρά

306 1318 494 1366 τινων,
517 1301 745 1365 εἰκότως
774 1302 872 1372 τὴν
897 1300 1032 1355 ίδίαν
1061 1301 1367 1373 ἀνεκήρυξε
1389 1300 1643 1371 δύναμιν.
1672 1301 1895 1354 Πάντων

307 1394 427 1463 γὰρ
449 1393 527 1446 ὢν
573 1393 826 1464 ποιητὴς,
857 1394 951 1446 καὶ
998 1392 1265 1464 παράγων
1301 1393 1361 1459 ἐξ
1391 1393 1492 1445 οὐκ
1536 1392 1727 1458 ὅντων,
1775 1390 1894 1454 πῶς

307 1487 416 1539 οὐκ
463 1485 528 1540 ἂν
581 1485 694 1555 ἔχοι
743 1485 942 1557 ῥαδίως
977 1486 1116 1556 ὅπερ
1157 1485 1222 1539 ἂν
1255 1485 1428 1539 ἐθέλοι
1458 1487 1668 1550 ποι,εῖν;
1711 1486 1805 1548 Ὦς
1835 1485 1896 1539 δέ

307 1571 574 1630 τοιούτων
601 1575 900 1646 ἐσομένων,
925 1576 1019 1628 καὶ
1047 1576 1160 1630 ἄνω
1195 1575 1604 1647 παρεκελεύετο
1626 1579 1691 1647 τῇ
1718 1575 1896 1630 κτίσει

307 1667 617 1735 δοξολογεῖν
659 1666 752 1719 τὸν
791 1666 947 1732 Θεὸν,
990 1663 1073 1730 οἷς
1111 1666 1423 1732 ἀκολούθως
1475 1668 1640 1739 φησίν
1663 1683 1679 1698 ·
1732 1667 1896 1720 Οὕτω

307 1761 479 1829 λέγει
499 1761 720 1827 Κύριος
765 1762 799 1812 ὁ
835 1759 1302 1827 λυτρωσάμενός
1350 1776 1426 1815 σε
1467 1759 1565 1813 καὶ
1595 1757 1898 1813 πλάσσων

308 1854 488 1907 σεὲκ
534 1853 785 1916 κοιλίας·
843 1850 1026 1922 [ὅπερ]
1078 1851 1350 1922 Ἱερεμίας
1379 1850 1659 1922 ἐδήλωσεν
1699 1848 1894 1906 εἶπών.

319 1965 341 1998 ι
367 1945 479 1998 Καὶ
507 1943 724 2012 ἐγένετο
747 1945 904 2012 λόγος
933 1943 1140 2014 Κυρίου
1169 1943 1306 2012 πρός
1340 1960 1408 2013 με
1437 1941 1632 2011 λέγων’
1665 1940 1780 2012 Πρὸ
1799 1937 1895 1993 τοῦ

313 2052 390 2105 με
445 2033 648 2087 πλάσαι
698 2048 756 2085 σε
809 2034 874 2086 ἐκ
926 2031 1136 2094 κοιλίας
1181 2031 1480 2103 ἐπίσταμαί
1534 2047 1625 2084 σε·
1658 2050 1678 2084 ι
1739 2030 1898 2098 λόγον

308 2123 491 2178 είπὼν
518 2123 723 2194 Κυρίου
751 2122 842 2180 τὸν
864 2122 972 2176 τῶν
1001 2123 1143 2177 κατὰ
1173 2123 1405 2195 γαστρὸς
1437 2123 1896 2192 κυοφορουμένων

308 2215 682 2286 Δημιουργόν.
712 2210 825 2268 Εἶτ’
855 2214 1045 2284 ἐπειδὴ
1085 2215 1215 2286 περὶ
1244 2213 1555 2284 ἐλευθερίας
1611 2214 1896 2286 πρόκειται

308 2308 478 2374 λόγος
501 2322 516 2338 ·
578 2308 991 2376 λυτρούμενον
1055 2307 1247 2361 ἑαυτὸν
1299 2307 1528 2372 εἰκότως
1580 2306 1892 2376 ὠνόμασεν,

313 2395 641 2467 σωματικὴν
692 2395 924 2450 πλάσιν
948 2395 1024 2460 ὡς
1053 2396 1120 2467 δὴ
1168 2399 1500 2466 σωματικοῖς
1546 2395 1725 2463 λέξας.
1751 2393 1896 2463 Ἐγὼ

312 2489 460 2558 εἰμι,
493 2487 674 2558 φησὶν,
715 2486 744 2539 δ
771 2487 835 2539 ἐκ
873 2487 1071 2558 μικροῦ
1105 2504 1164 2539 σε
1207 2485 1451 2552 πλάσας
1509 2485 1893 2554 ὑποκειμένου,

307 2579 418 2633 καὶ
464 2579 538 2642 ὡς
590 2579 658 2631 ἐκ
720 2578 986 2650 σπηλαίου
1053 2579 1198 2642 τινὸς
1259 2577 1543 2647 ἐξαγαγὼν
1593 2577 1891 2643 σκοτεινοῦ,

318 2671 495 2742 μηδὲν
529 2670 656 2740 περὶ
681 2669 874 2724 τούτου
912 2670 1018 2726 τῶν
1047 2670 1250 2740 γονέων
1289 2671 1529 2735 εἰδότων,
1569 2669 1704 2740 ἐμοῦ
1737 2670 1796 2723 δὲ
1835 2669 1897 2724 τὸ

313 2762 600 2816 πλασθὲν
654 2763 1076 2832 ὑποστήσαντος.
1124 2764 1189 2817 Ei
1234 2764 1290 2816 δέ
1341 2763 1573 2834 σμικρόν
1625 2779 1706 2816 σοι
1738 2762 1897 2815 τοῦτο

315 2853 464 2924 πρὸς
495 2851 644 2906 θείαν
677 2853 928 2923 φαίνεται
964 2853 1214 2922 δύναμιν,
1248 2853 1439 2908 σκόπει
1467 2853 1563 2907 τοῦ
1593 2855 1800 2924 κόσμου
1827 2855 1898 2909 τὰ

321 2943 563 3014 μέγιστα
611 2942 777 2997 πόθεν
821 2943 949 3014 ἔσχε
995 2945 1094 3016 τὴν
1125 2944 1564 3016 ῦπαρξιν,λκιαθά
1613 2962 1745 3016 φησι
1799 2946 1896 3000 καὶ

1929 1719 1973 1774 Β

2065 655 2228 740 508
2262 668 2522 739 Exposita
2557 669 2710 738 prius
2747 665 3064 722 idololatriae
3112 664 3560 736 reprehensione,

1993 777 2154 832 quam
2176 761 2418 816 relicturi
2447 769 2596 824 sunt,
2618 761 2709 829 qui
2735 759 3062 830 prophetica
3086 759 3376 828 disciplina
3410 758 3557 810 aucti

1995 860 2148 916 sunt,
2192 850 2516 922 Babylonica
2550 851 2662 919 jam
2697 867 2794 907 eos
2820 851 3103 913 servitute,
3125 850 3176 902 in
3208 863 3311 917 qua
3341 855 3566 916 propter

1995 946 2268 1000 idolorum
2305 946 2512 1000 cultum
2530 944 2936 1006 detinebantur,
2954 941 3000 994 si
3021 940 3209 995 eodem
3229 939 3566 1000 abstineant,

1995 1036 2284 1090 liberatum
2331 1037 2432 1101 iri,
2488 1035 2822 1104 domumque
2879 1046 3200 1087 reversuros
3246 1031 3564 1100 pollicetur.

1995 1126 2266 1192 Quoniam
2297 1136 2476 1180 autem
2513 1125 2769 1180 maximis
2818 1123 2888 1178 de
2919 1123 3084 1177 rebus
3115 1138 3422 1176 sermonem
3465 1120 3566 1174 ha-

1995 1217 2227 1279 buerat,
2273 1232 2373 1272 nec
2406 1231 2598 1276 omnes
2649 1215 2960 1270 credituros
2992 1228 3122 1268 esse
3154 1213 3261 1267 sibi
3301 1211 3562 1281 putabat,

1997 1322 2155 1362 suam
2184 1307 2300 1376 ipse
2328 1307 2522 1362 merito
2556 1305 2879 1374 potentiam,
2915 1319 3155 1372 suasque
3185 1303 3331 1356 vires
3357 1303 3566 1371 deprae-

1997 1396 2218 1451 dicavit.
2242 1396 2378 1451 Cum
2411 1398 2556 1451 enim
2588 1410 2771 1450 rerum
2815 1394 3059 1448 omnium
3089 1401 3283 1448 auctor
3307 1394 3410 1455 sit,
3443 1408 3567 1446 cns-

1997 1501 2104 1557 que
2148 1487 2216 1542 de
2263 1487 2438 1540 nihilo
2489 1485 2830 1556 produxerit,
2880 1484 2974 1555 qui
3010 1499 3118 1539 non
3177 1485 3371 1554 possit,
3418 1483 3566 1553 quod

1997 1577 2148 1640 velit,
2193 1575 2409 1631 edicere
2445 1575 2643 1630 facile?
2674 1575 2956 1644 Tanquam
2981 1582 3164 1628 autem
3189 1584 3372 1628 essent
3400 1589 3566 1627 even-

1999 1680 2120 1726 tura
2153 1669 2302 1733 talia,
2335 1669 2499 1723 etiam
2530 1682 2696 1736 supra
2728 1667 2794 1720 ad
2829 1667 2920 1721 Dei
2965 1667 3156 1722 laudes
3186 1667 3566 1736 prazdieandas

2000 1774 2305 1835 creaturam
2344 1761 2666 1816 adhortatus
2717 1768 2800 1814 est
2832 1779 2844 1812 :
2907 1761 3107 1829 quibus
3136 1760 3248 1828 jam
3301 1761 3445 1813 bono
3475 1775 3568 1813 or-

2000 1854 2128 1908 dine
2161 1853 2352 1922 adjicit
2381 1870 2394 1906 :
2441 1851 2532 1906 Sic
2558 1851 2689 1904 dicit
2724 1850 3010 1917 Dominus,
3042 1853 3129 1920 qui
3165 1840 3384 1903 redemit
3417 1859 3484 1916 te,
3515 1859 3568 1903 et

1997 1947 2088 2016 qui
2111 1945 2358 2017 formavit
2381 1952 2428 1998 te
2456 1958 2520 1998 ea:
2546 1955 2718 1997 utero.
2765 1941 2923 2008 Quod
2964 1941 3233 1997 Jeremias
3284 1941 3567 2001 indicavit.

1999 2053 2124 2092 cum
2160 2039 2274 2092 ait:
2321 2055 2342 2087 4
2382 2034 2450 2090 Ει
2488 2035 2690 2090 factum
2717 2044 2802 2090 est
2831 2035 3057 2098 verbum
3105 2033 3318 2088 Domini
3367 2035 3434 2088 ad
3482 2049 3571 2087 me

1998 2129 2186 2184 dicens
2215 2144 2228 2180 :
2262 2129 2567 2197 Antequam
2598 2141 2701 2196 ego
2737 2125 3031 2181 formarem
3060 2132 3112 2179 te
3141 2140 3207 2178 ex
3230 2135 3406 2188 utero,
3441 2126 3568 2178 novi

1999 2231 2052 2279 te
2069 2225 2152 2287 '5;
2192 2241 2210 2274 ›
2253 2223 2474 2276 verbum
2512 2219 2728 2274 Domini
2775 2220 2920 2273 enim
2957 2218 3261 2289 appellans,
3314 2220 3406 2287 qui
3471 2234 3569 2273 co-

1999 2329 2142 2377 rum,
2183 2313 2274 2382 qui
2306 2322 2542 2367 matrum
2595 2320 2751 2366 utero
2795 2310 3126 2365 clauduntur
3166 2310 3345 2365 adhuc
3382 2311 3572 2366 condi-

2001 2416 2084 2460 tor
2123 2405 2212 2459 sit.
2251 2403 2472 2466 Deinde,
2513 2404 2776 2472 quoniam
2825 2403 2891 2457 de
2926 2403 3178 2457 libertate
3229 2418 3412 2458 sermo
3460 2413 3568 2464 est.

1999 2493 2378 2561 redemptorem
2409 2507 2470 2545 se
2505 2491 2701 2545 merito
2746 2490 3037 2558 appellavit
3065 2507 3080 2554 ;
3115 2489 3294 2558 deque
3321 2494 3571 2558 corporis

1999 2585 2316 2654 formatione
2354 2583 2590 2644 locutus,
2623 2582 2750 2651 quia
2781 2596 2907 2634 cum
2950 2579 3230 2649 corporeis
3258 2580 3368 2649 agit
3402 2600 3414 2633 :
3454 2579 3572 2648 ipse

2000 2691 2144 2740 sum,
2179 2675 2377 2743 inquit,
2413 2673 2504 2742 qui
2536 2679 2588 2726 te
2617 2688 2684 2727 ex
2719 2687 2886 2740 parvo
2923 2671 3184 2741 principio
3228 2671 3476 2739 formavi,
3517 2682 3574 2726 et

1999 2776 2258 2837 tanquam
2303 2765 2371 2820 de
2401 2765 2694 2820 tenebroso
2726 2777 2894 2833 specu
2949 2764 3133 2833 aliquo
3171 2763 3372 2826 eduxi;
3421 2765 3568 2832 quod

2000 2860 2217 2931 penitus
2244 2859 2566 2928 ignorarunt
2604 2855 2991 2926 progenitores
3024 2856 3143 2920 tui;
3186 2870 3310 2910 cum
3351 2855 3570 2910 interim

1999 2951 2143 3022 quod
2169 2950 2456 3019 formatum
2487 2955 2606 3004 erat
2640 2948 3028 3018 producerem.
3067 2945 3222 3013 Quod
3249 2947 3300 3002 si
3334 2947 3431 3002 tibi
3453 2948 3572 3002 leve

316 3034 526 3087 Δασίδ’
571 3052 592 3086 ι
637 3034 696 3089 '0
727 3035 984 3089 ἐκτείνων
1029 3037 1122 3090 τὸν
1162 3037 1398 3107 οὐρανὸν
1437 3037 1570 3091 ὡσεὶ
1620 3037 1824 3108 δέρῤιν.
1872 3056 1892 3090 ι

2002 3041 2146 3097 istud
2177 3041 2244 3096 ad
2295 3039 2494 3093 divinae
2528 3039 2746 3094 virtutis
2789 3037 3252 3107 signiﬁcationem
3305 3045 3527 3106 putatur
3551 3074 3568 3100 ,

316 3126 435 3181 Καὶ
463 3125 643 3179 πάλιν·
674 3145 693 3178 ι
717 3125 1074 3196 Ἐθεμελίωσε
1097 3129 1196 3198 τὴν
1222 3129 1323 3197 γῆν
1345 3129 1439 3181 ἐπὶ
1475 3129 1574 3198 τὴν
1596 3128 1897 3198 ἀσφάλειαν

249 3223 252 3226 ‘
317 3217 516 3288 αὐτῆς.
548 3237 570 3271 ι
621 3217 772 3272 Ἀντὶ
827 3219 886 3272 δὲ
943 3220 1039 3273 τοῦ
1088 3223 1122 3274 ό
1167 3220 1501 3287 συντελῶν,
1549 3224 1584 3276 ὁ
1635 3221 1898 3290 ποιήσας

313 3308 600 3373 ἐξέδωκαν
633 3311 682 3363 oi
716 3309 911 3364 λοιποί.
942 3329 960 3362 ι
985 3311 1168 3365 Πάντα
1203 3313 1311 3382 γὰρ
1353 3313 1420 3366 δι’
1449 3313 1615 3367 αὑτοῦ
1660 3314 1896 3382 ἐγένετο,

316 3403 422 3457 καὶ
443 3403 611 3472 χωρὶς
638 3403 802 3456 αὐτοῦ
824 3403 1041 3472 ἐγένετο
1072 3404 1246 3459 οὐδέν.
1275 3424 1295 3456 ι
1331 3405 1476 3471 Ὅτι,
1509 3426 1528 3457 ι
1551 3407 1724 3471 Αὐτὸς
1751 3404 1895 3476 εἷπε,

314 3495 420 3548 καὶ
453 3493 814 3564 ἐγενήθησαν.
847 3495 1019 3558 Αὐτὸς
1051 3496 1372 3563 ἐνετείλατο,
1392 3499 1490 3552 καὶ
1507 3498 1892 3570 ἐκτίσθησαν.»

328 3584 398 3639 ὐ
415 3585 469 3638 δὲ
495 3585 750 3648 τοσοῦτος
777 3586 831 3639 τί
853 3588 1108 3659 ἐποίησεν
1125 3589 1265 3644 κατὰ
1290 3588 1518 3661 καιροὺς
1549 3592 1895 3662 ἐπενήνοχεν,

311 3675 400 3740 ὡς
441 3677 637 3732 ἀπολεῖ
677 3679 775 3741 τὰς
809 3679 1086 3750 πανταχοῦ
1115 3682 1402 3750 μαντείας
1434 3682 1624 3736 καὶτὰ
1659 3686 1898 3754 χρηστήο

316 3783 420 3838 pta
465 3767 532 3820 δι’
583 3762 659 3822 ὧν
709 3771 758 3827 ei
806 3769 1059 3840 δαίμονες
1107 3772 1428 3840 ἐφενάκιζον
1481 3774 1606 3837 τοὺς
1647 3775 1760 3845 πρὸ
1798 3776 1899 3846 τῆς

316 3857 563 3928 Χριστοῦ
599 3860 922 3926 παρουσίας,
949 3862 1149 3916 ειδέναι
1170 3863 1229 3916 τὸ
1275 3863 1467 3932 μέλλον
1516 3865 1896 3935 πλαττόμενοι,

318 3949 422 4003 καὶ
446 3949 516 4002 τὰ
546 3951 666 4012 ταῖς
703 3949 952 4021 καρδίαις
982 3953 1326 4023 ἐπερχόμενα
1351 3953 1599 4022 λέγοντες
1623 3969 1636 3983 ·
1668 3956 1796 4023 περὶ
1823 3948 1899 4008 ὧν

316 4041 565 4111 ἔφασκεν
651 4043 914 4115 Ἰεζεκιήλ
962 4063 978 4080 ο
1031 4063 1053 4098 ι
1099 4047 1235 4100 Οὐαὶ
1287 4050 1399 4111 τοῖς
1458 4048 1895 4118 προφητεύουσιν

313 4133 437 4189 ἀπὸ
481 4133 706 4204 καρδίας
757 4133 987 4203 αὐτῶν,
1056 4135 1153 4190 καὶ
1231 4138 1290 4190 τὸ
1345 4136 1574 4192 καθόλου
1639 4138 1713 4208 μὴ
1779 4138 1899 4208 βλέ-

317 4224 512 4278 nouat!
545 4242 568 4276 ›
1673 4268 1676 4274 .

396 4493 757 4547 Διεσκέδασε
815 4493 873 4548 δὲ
917 4493 1091 4562 ταῦτα
1135 4497 1228 4549 καὶ
1277 4495 1357 4567 τῷ
1403 4496 1634 4562 παῦσαι,
1685 4497 1779 4550 καὶ
1819 4497 1896 4569 τῷ

315 4587 502 4640 ποιεῖν
531 4587 564 4640 ἆ
590 4587 737 4639 ἐστιν
763 4585 996 4651 ἐκείνοις
1025 4587 1368 4660 ἀτέκμαρτα,
1394 4590 1488 4642 καὶ
1509 4589 1891 4659 άπρόγνωστα.

337 4675 850 4745 Ἀπεστράφησαν
876 4676 933 4731 δέ
960 4678 1057 4731 καὶ
1087 4681 1379 4748 φρόνιμοι.
1413 4680 1714 4751 Φρονίμους
1739 4682 1896 4735 καλεῖ

312 4767 449 4830 τοὺς
480 4767 608 4839 παρ’
640 4767 866 4840 Ἕλλησι
889 4771 1107 4839 σοφοὺς,
1141 4763 1216 4824 ὧν
1243 4772 1543 4840 ἐμώρανεν
1568 4773 1667 4843 τὴν
1699 4773 1891 4842 σοφίαν

310 4856 401 4929 τῷ
438 4858 536 4928 τῆς
576 4859 836 4927 ἀληθείας
867 4861 1210 4938 διαμαρτεῖν,
1249 4863 1520 4934 ἀχρήστου
1561 4865 1662 4934 τῆς
1699 4867 1758 4919 ἐν
1783 4867 1889 4918 αὐ·

309 4952 435 5012 τοῖς
457 4950 873 5022 ἀποδειχθείσης
916 4953 1354 5026 σοφίας⁹ψυχικὴ
1384 4956 1493 5027 γὰρ
1521 4953 1611 5026 ἦν,
1641 4959 1735 5011 καὶ
1766 4960 1891 5012 ἐπί-

311 5057 492 5110 γειος,
543 5041 922 5114 δαιμονιώδης,
954 5044 1020 5114 ἢν
1067 5045 1161 5099 καὶ
1203 5047 1231 5098 ὁ
1277 5046 1486 5111 Παῦλος
1533 5050 1895 5121 μεμωράνθαι

311 5132 506 5203 φησίν·
532 5134 702 5205 ἧγουν
763 5137 892 5200 τοὺς
923 5138 1152 5208 μάγους.
1184 5139 1390 5209 Σοφοὺς
1419 5145 1525 5211 γὰρ
1551 5143 1646 5196 καὶ
1669 5143 1893 5209 τούτους

309 5221 569 5282 ἐκάλουν.
615 5225 800 5279 Ταῦτα
843 5227 940 5295 μέν
971 5226 1065 5280 οὖν
1094 5228 1450 5285 διασκεδάσαι.
1493 5232 1599 5286 Τοῦ
1646 5233 1702 5286 δὲ
1745 5234 1892 5303 ἐμοῦ

320 5314 465 5369 Υίοῦ
497 5315 587 5368 καὶ
612 5317 874 5388 Χριστοῦ,
910 5321 1035 5390 περὶ
1058 5311 1118 5373 οῦ
1149 5321 1319 5374 πολλὰ
1339 5325 1611 5390 προεῖπον,
1644 5326 1744 5380 καὶ
1774 5325 1894 5379 τῶν

303 5406 589 5476 ἀγγέλων
607 5410 796 5465 αὐτοῦ
824 5410 933 5463 τῶν
962 5413 1300 5478 ἀποστόλων,
1332 5415 1542 5481 στήσω
1563 5418 1634 5472 τὰ
1651 5418 1894 5487 ῥήματά

2001 3133 2238 3188 maxima
2271 3133 2385 3194 illa,
2415 3147 2537 3202 quae
2567 3131 2621 3184 in
2655 3131 2860 3185 mundo
2893 3139 3046 3196 sunt,
3097 3129 3242 3186 unde
3275 3130 3568 3193 exsistant,

2002 3227 2238 3281 intuere.
2269 3224 2410 3278 Audi
2465 3224 2735 3278 dicentem
2787 3221 3080 3279 Davidem:
3121 3241 3141 3274 ι
3181 3222 3282 3288 Qui
3318 3222 3571 3278 extendis

2000 3317 2222 3382 caelum,
2271 3318 2415 3371 sicut
2448 3315 2660 3384 pellem
2703 3313 2772 3368 9‘.
2823 3333 2840 3366 ι
2871 3313 3001 3370 Item
3039 3333 3052 3367 :
3092 3333 3108 3364 ι
3155 3313 3268 3380 Qui
3323 3313 3572 3368 [inundavit

2001 3418 2204 3464 terram
2237 3423 2401 3476 super
2431 3406 2786 3461 stabilitatem
2827 3420 2982 3472 suam
3039 3405 3106 3461 ⁸⁷.
3155 3425 3179 3460 ι
3220 3404 3342 3472 Quo
3372 3406 3573 3463 deinde

2001 3503 2142 3565 loco,
2173 3501 2263 3571 qui
2291 3498 2524 3568 compleo
2557 3498 2844 3559 habemus.
2885 3498 2976 3567 qui
3003 3497 3104 3566 feci
3126 3498 3574 3569 interpretantur

2001 3595 2116 3648 alii.
2155 3612 2174 3645 ι
2219 3592 2414 3647 Omnia
2447 3592 2591 3645 enim
2637 3605 2738 3660 per
2767 3590 2942 3659 ipsum
2969 3589 3110 3644 facta
3149 3601 3308 3656 sunt,
3358 3603 3412 3646 et
3451 3592 3573 3647 sine

2003 3686 2122 3754 ipso
2156 3684 2354 3738 factum
2385 3689 2469 3738 est
2496 3681 2632 3736 nihil
2662 3683 2728 3745 ’³,
2764 3699 2782 3731 ι
2813 3682 3080 3750 quoniam
3111 3699 3129 3732 ι
3173 3682 3296 3751 Ipse
3325 3683 3488 3748 dixit,
3519 3693 3575 3738 et

2002 3777 2142 3830 facta
2189 3784 2355 3837 sunt;
2399 3775 2514 3842 ipse
2547 3773 2845 3837 mandavit,
2903 3780 2958 3828 et
3021 3783 3204 3826 creata
3256 3785 3386 3828 sunt
3438 3776 3504 3828 ’³.
3550 3795 3568 3823 ι

2001 3867 2211 3922 Tantus
2246 3875 2426 3920 autem
2467 3863 2598 3932 quid
2649 3861 2914 3932 deinceps
2965 3862 3308 3931 prmstitcrit,
3344 3865 3570 3920 intulit:

2001 3972 2125 4012 cum
2157 3972 2238 4023 se,
2283 3972 2406 4026 qua:
2434 3954 2639 4024 ubique
2670 3960 2880 4016 essent,
2911 3953 3286 4018 divinationes,
3322 3955 3485 4026 509
3516 3967 3574 4011 et

2000 4049 2223 4104 oracula
2257 4048 2561 4104 deletorum
2614 4045 2990 4115 signiﬁcavit:
3045 4045 3247 4114 quibus
3295 4046 3574 4102 daemones

2002 4149 2127 4196 ante
2156 4139 2361 4196 Christi
2401 4138 2692 4194 adventum
2736 4137 2917 4191 futura
2957 4153 3036 4201 se,
3074 4140 3384 4209 mentisque
3413 4143 3575 4210 cogi-

2003 4234 2240 4289 tationes
2291 4232 2590 4302 intelligere
2641 4230 2937 4301 ﬁngebant.
2976 4230 3049 4285 De
3113 4231 3316 4301 quibus
3368 4243 3421 4287 ct
3478 4234 3571 4288 illa

1960 4315 2130 4406 sunt
2167 4321 2516 4376 Ezechielis:
2567 4339 2586 4371 ι
2629 4318 2720 4373 Vae
2778 4319 3235 4406 prophetantibus
3287 4321 3355 4376 de
3407 4323 3574 4378 corde

1927 4392 1971 4446 θ
2003 4427 2122 4477 suo,
2152 4418 2207 4467 et
2241 4409 2462 4473 omnino
2497 4425 2606 4464 non
2633 4409 2947 4464 videntibus
2978 4411 3020 4464 ’l
3057 4429 3075 4460 ι

2070 4505 2179 4559 Ista
2209 4517 2336 4557 vero
2387 4500 2660 4568 dissipavit
2691 4515 2711 4554 :
2741 4502 2938 4570 partim
2998 4501 3122 4570 quia
3152 4517 3371 4558 cessare
3425 4504 3574 4564 fecit.

1999 4598 2196 4668 partim
2222 4594 2368 4666 quod
2397 4609 2461 4648 ea
2487 4601 2743 4662 operatus
2763 4599 2868 4657 est,
2895 4608 3016 4662 quae
3060 4593 3160 4662 ipsi
3221 4596 3385 4650 nullis
3442 4613 3576 4650 eort-

1993 4685 2226 4756 jecturis
2260 4684 2475 4754 assequi
2505 4690 2561 4738 et
2591 4683 2850 4752 praescire
2893 4693 3208 4752 potuerunt.
3234 4686 3417 4742 Λυθνεί
3453 4700 3575 4742 sunt

1995 4792 2164 4848 porro
2189 4787 2240 4832 et
2266 4778 2586 4845 prudentes,-
2615 4791 2724 4844 quo
2748 4776 2968 4831 nomine
2993 4775 3311 4834 Graecorum
3353 4783 3574 4852 sapien-
3644 4831 3649 4834 .

1998 4879 2080 4925 tes
2102 4868 2373 4939 intelligit,
2401 4881 2632 4938 quorum
2663 4865 2988 4935 sapientiam
3043 4883 3107 4922 eo
3163 4868 3282 4938 ipso
3310 4873 3452 4939 quod
3484 4889 3576 4928 ve-

1993 4963 2158 5016 ritate
2185 4959 2525 5022 exciderunt,
2556 4959 2610 5010 in
2635 4958 2925 5012 stultitiam
2954 4962 3293 5014 connuutavit
3322 4979 3343 5025 ε
3373 4964 3423 5018 id
3467 4977 3573 5030 est,

1999 5051 2244 5109 inutilem
2273 5066 2396 5107 esse
2422 5049 2808 5104 demonstravit
2824 5049 2977 5120 (Erat
3006 5052 3150 5106 enim
3184 5053 3439 5110 animalis
3460 5059 3572 5127 illa,

1997 5151 2318 5213 terrena,_et
2372 5141 2637 5198 diabolica
2681 5144 2726 5204 ³,
2761 5158 2943 5212 quam
2993 5144 3196 5199 Paulus
3255 5143 3575 5208 infatuatam

1995 5252 2119 5293 esse
2145 5234 2414 5306 signiﬁcat
2441 5233 2483 5303 ³)
2521 5252 2532 5286 :
2563 5234 2647 5287 vel
2673 5244 2820 5288 certe
2852 5249 3037 5304 magos
3077 5235 3224 5298 illos,
3256 5253 3394 5307 quos
3444 5243 3577 5300 item

1998 5331 2271 5400 sapientes
2293 5326 2788 5397 appellabanthta
2825 5326 3008 5395 igitur,
3036 5327 3234 5396 inquit,
3273 5330 3576 5402 dissipabo.

2002 5420 2233 5491 Filiique
2258 5421 2379 5482 mei,
2412 5419 2462 5472 id
2498 5427 2581 5471 est
2611 5417 2813 5472 Christi
2849 5415 2938 5486 (de
2968 5433 3076 5488 quo
3106 5423 3362 5489 superius
3404 5439 3433 5477 a
3489 5441 3579 5484 me
3661 5474 3663 5476 .

302 5516 380 5552 te
408 5500 504 5552 καί
537 5501 652 5570 τὴν
675 5503 941 5572 βουλήν.
983 5505 1245 5575 Ῥήματα
1269 5506 1324 5560 δὲ
1355 5507 1593 5579 Χριστοῦ
1631 5512 1694 5565 τὸ
1717 5515 1894 5583 σωτή-

2001 5523 2132 5570 sunt
2168 5515 2315 5568 dicta
2341 5513 2628 5583 permulta)
2658 5519 2705 5563 et
2732 5511 3038 5578 angelorum
3068 5513 3220 5581 ejus;
3253 5516 3306 5569 id
3337 5523 3420 5570 est
3441 5514 3576 5588 apo-

389 5614 434 5645 "
473 5613 760 5690 loreum},
792 5618 874 5690 3⁸5.Δ
916 5620 970 5652 ⁸⁸
995 5620 1139 5677 Psal.
1175 5638 1306 5690 cm,
1349 5624 1401 5678 2.

1516 5627 1562 5660 ’⁷
1614 5629 1746 5686 ibid.
1789 5632 1842 5687 5.

299 5689 328 5720 ³
359 5683 483 5740 Jac.
508 5701 589 5752 ιιι,
627 5686 712 5743 lii.
788 5690 808 5719 ³
841 5687 1076 5755 Bom..t,
1115 5691 1204 5746 28.

1939 5632 1988 5664 ⁸⁸
2013 5633 2173 5689 Joan.
2213 5649 2268 5699 ι,
2307 5633 2360 5686 5.

2437 5632 2480 5662 ’9
2521 5630 2665 5684 Psal.
2712 5643 2898 5692 xxxii,
2927 5629 2979 5682 9.
3061 5631 3075 5660 ⁸
3113 5629 3314 5688 Ezcclt.
3344 5647 3472 5700 xm,
3509 5629 3580 5689 i1
