4010 6302
516 234 668 302 2415

1852 238 2207 302 PROCOPII
2271 244 2508 306 ΟΑΖᾸΞΙ

3663 245 3802 311 2416

526 352 813 415 stolorum,
842 352 997 405 verba
1026 361 1073 405 et
1097 350 1375 404 consilium
1398 348 1648 418 ﬁrmabo.
1673 347 1774 403 Ubi
1810 363 1906 414 per
1934 348 2113 412 verba,

2220 365 2335 419 ριον
2378 353 2662 423 κήρυγμα.
2696 350 2901 420 Bauli;
2934 351 2992 404 δὲ
3038 351 3145 404 τῶν
3188 350 3463 421 ἀγγέλων
3509 352 3803 418 αὑτοῦ,τδ

526 445 820 497 salutarem
879 440 1082 495 Christi
1141 440 1587 508 przedicationem
1654 439 1965 504 intellexit;
2021 455 2118 510 per

524 534 805 589 consilium
833 543 1012 589 autem
1041 533 1348 603 angelorum
1380 531 1516 601 ejus,
1545 531 1675 586 illttd
1714 532 1914 602 ipsum,
1946 533 2117 601 quod,

526 626 735 682 scelere
760 634 815 681 et
845 640 1033 681 errore
1061 624 1291 688 relictis,
1321 623 1387 678 ad
1444 623 1716 678 veritatem
1745 631 1799 677 et
1859 622 2116 678 virtutem

522 733 716 773 omnes
743 725 1124 774 accurrerunt.
1159 716 1267 787 Ego
1307 731 1458 780 vero,
1510 715 1713 786 inquit,
1745 715 1839 786 qui
1891 715 1997 771 ista
2032 713 2116 769 fa-

513 818 715 865 cturus
740 824 885 874 sum,
917 810 1031 879 jam
1068 807 1194 864 inde
1223 808 1536 879 praenuntia
1575 815 1629 864 et
1658 808 1924 878 polliceor
1951 805 2116 862 Jeru-

526 903 691 957 salem
742 918 830 958 me
856 917 885 956 a
913 901 1226 973 Babyloniis
1290 916 1560 967 eversam,
1592 900 1854 971 ipsasque
1908 898 2118 954 ludicre

527 996 764 1049 civitates
799 996 1248 1060 iustauraturum,
1271 993 1523 1063 ejusque,
1552 999 1813 1063 tanquam
1853 1005 1881 1044 a
1914 991 2125 1061 princi-.

515 1086 638 1155 pio,
669 1084 879 1140 deserta
914 1086 1278 1139 restituturum
1304 1100 1324 1138 :
1360 1082 1469 1138 imo
1498 1082 1753 1138 vitiorum
1802 1081 2119 1152 multiplici-

525 1184 713 1241 tatem,
752 1193 875 1247 qua:
899 1175 1079 1247 abyssi
1128 1176 1349 1231 nomine
1405 1173 1773 1244 signiﬁcatur,
1830 1173 2113 1230 desolatu-

512 1285 689 1336 rum;
730 1269 1169 1341 Bahylouemque
1204 1268 1406 1323 civium
1466 1266 1709 1336 alioquin
1750 1265 1931 1336 cepia,
1987 1273 2114 1320 tan-

508 1378 686 1429 quam
705 1361 862 1430 aquis
883 1361 1032 1430 ﬂuvii
1049 1359 1445 1421 abundantem.
1461 1358 1679 1428 penitus
1697 1358 2113 1413 exsiccaturum.

521 1452 781 1509 Nonnulli
817 1462 998 1508 tamen
1026 1467 1122 1520 per
1151 1452 1431 1522 abyssum,
1469 1451 1654 1522 populi
1721 1450 2113 1519 frequentiam,

510 1546 619 1615 qui
649 1544 948 1615 Babylonia
977 1543 1386 1607 continebatur,
1423 1542 1580 1597 innui
1612 1548 1942 1613 putaverunt
1971 1558 1985 1595 :
2018 1556 2114 1610 per

510 1638 715 1706 ﬂuvios
748 1646 953 1699 autem,
982 1645 1170 1708 gentes
1199 1636 1254 1693 in
1286 1635 1531 1691 eamdem
1584 1634 1943 1697 conﬂuentes,
1979 1648 2115 1704 quas

2222 444 2613 513 παυσαμένους
2653 445 2864 508 πάντας
2900 443 3101 506 κακίας
3140 444 3238 498 καὶ
3268 445 3482 516 πλάνης
3531 445 3803 515 προσδρα-

2225 534 2346 603 μεῖν
2389 534 2645 601 ἀληθείᾳ
2671 534 2767 586 καὶ
2812 534 3002 605 ἀρετῇ.
3053 533 3196 602 Ἐγὼ
3234 532 3293 587 δὲ
3323 535 3354 588 ὁ
3392 532 3569 588 ταῦτα
3599 534 3804 603 μέλλων

2222 626 2421 690 ποιεῖν,
2456 623 2709 678 ἐντεῦθεν
2732 623 2835 695 ήδη
2861 623 3117 695 προλέγω
3136 623 3233 678 καὶ
3269 623 3712 694 ἐπαγγέλλομαι,
3730 623 3803 686 ὡς

2220 715 2633 788 ἀνοικοδομήσω
2666 717 2765 787 τὴν
2810 716 3212 787 Ἰερουσαλὴμ
3242 717 3311 787 ἢν
3347 717 3365 756 ί
3409 717 3519 771 ὑπὸ
3547 716 3801 771 Βαϐυλω-

2218 808 2350 862 νίων
2393 808 2819 879 καθῃρημένην
2851 809 2951 864 καί
2978 809 3087 876 τὰς
3128 810 3340 877 πόλεις
3356 808 3469 878 τῆς
3495 808 3799 875 Ἰουδαίας,

2217 894 2285 974 ἦς
2310 901 2386 965 ὡς
2424 899 2484 967 ἐξ
2512 901 2690 973 ἀρχῆς
2715 901 2789 955 τὰ
2808 903 2998 972 ἔρημα
3021 902 3185 957 πάλιν
3203 902 3606 970 συστήσεται.
3646 901 3802 955 ‘ms

2219 992 2316 1046 uel
2360 990 2461 1063 τὴν
2502 991 2882 1062 πολυπληθίαν
2918 993 3019 1064 τῆς
3046 993 3247 1056 κακίας
3283 992 3564 1047 ἄϐυσσον
3600 992 3801 1062 ὀνομα-

2220 1081 2460 1151 ζομένην
2509 1081 2716 1153 ἔρημον
2772 1084 3124 1154 καταστήσω.
3177 1082 3290 1146 Καὶ
3344 1083 3446 1155 τήν
3484 1083 3801 1143 Βαϐυλῶνα.

2217 1173 2317 1244 τήν
2354 1172 2618 1257 πλήθεσιν
2659 1174 2965 1246 οἰκητόρων
2991 1174 3071 1239 ὡς
3107 1173 3398 1246 ποταμοῖς
3443 1174 3795 1255 διαρῤέουσαε

2220 1249 2481 1334 ξηρανῶ,
2524 1267 2698 1338 πέρας
2723 1267 2909 1333 αὐτοῖς
2958 1267 3190 1332 ἑπιθείς.
3222 1267 3383 1331 Τινὲς
3422 1249 3484 1322 si
3530 1267 3793 1322 ἄϐυσσοι

2221 1358 2323 1427 μὲν
2341 1358 2403 1411 τὸ
2425 1360 2859 1431 πολυάνθρωπον
2881 1360 3136 1432 εἰρῆσθαι
3155 1360 3258 1430 τῆς
3281 1358 3631 1423 Βαϐυλωνίας
3653 1360 3785 1429 φασί

2217 1452 2533 1522 Ποταμοὺς
2560 1453 2642 1519 δὲ,
2674 1453 2746 1507 τὰ
2776 1455 2859 1517 εἰς
2875 1453 3049 1526 αὐτὴν
3077 1454 3408 1526 ἐπιρρέοντα
3455 1453 3566 1506 τῶν
3611 1451 3802 1516 ἐθνῶν,

2218 1543 2255 1598 ἃ
2288 1543 2452 1614 πέριξ
2477 1545 2649 1615 αὐτῆς
2672 1545 2803 1600 ὄντα
2832 1545 2970 1615 πρὸς
2991 1545 3318 1617 ἐπικουρίαν
3339 1544 3624 1609 ἐκάλεσεν,
3654 1543 3803 1606 ἔθους

2218 1632 2370 1697 ὄντος
2399 1633 2681 1705 Γραφικοῦ
2717 1635 3038 1705 ποταμοὺς
3055 1635 3152 1688 καὶ
3175 1633 3460 1698 θαλάσσας
3486 1633 3584 1687 καὶ
3614 1631 3802 1693 ὕδατα.

525 1732 765 1801 undique
821 1732 873 1784 in
915 1730 1177 1785 auxilium
1236 1729 1643 1794 aecersiverat;
1684 1742 1808 1783 cum
1852 1729 1908 1782 in
1962 1740 2116 1782 more

2223 1724 2399 1779 πολλὰ
2424 1704 2615 1780 καλεῖν
2637 1704 2967 1799 ἔθνη.Λέγει
3001 1728 3113 1799 γάρ
3144 1728 3238 1781 καὶ
3262 1725 3453 1780 Δαϐίδ·
3478 1744 3498 1779 ι
3519 1725 3677 1798 φωνὴ
3696 1726 3803 1781 Ku-

492 1824 811 1893 ~Scriptura
833 1822 1051 1887 haheat,
1084 1821 1393 1891 ﬂuviorum,
1426 1820 1728 1889 marisque,
1761 1825 1814 1872 et
1844 1832 2112 1886 aquarum

2222 1817 2338 1890 ρίου
2360 1818 2576 1872 ἐπὶτῶν
2594 1819 2824 1874 ὑδάτων.
2844 1820 2902 1873 Ὀ
2921 1818 3054 1884 Θεὸς
3069 1818 3170 1889 τῆς
3189 1818 3349 1891 δόξης
3368 1819 3602 1892 ὲϐρόντη
3611 1835 3725 1884 σεν,
3738 1840 3807 1877 »τι

508 1916 766 1980 .nomiue,
802 1912 1123 1983 populorum
1172 1910 1580 1966 multitudinem
1636 1907 1971 1979 signiﬁcare.
2022 1906 2115 1962 Sic

2221 1909 2488 1979 σωτήριον
2522 1910 2793 1982 κήρυγμα
2828 1909 2918 1965 διὰ
2941 1908 3052 1963 τῶν
3094 1909 3268 1964 ὲθνῶν
3305 1909 3688 1981 κεχωρηκέναι
3714 1907 3805 1977 δη-

518 2008 749 2062 enimet
780 2004 981 2058 David:
1021 2022 1039 2054 ι
1070 2001 1185 2058 Vox
1218 2000 1430 2056 Domini
1495 2015 1662 2070 super
1691 2014 1863 2070 aquas
1890 2000 1931 2052 δ.
1974 1997 2115 2054 Deus

2220 1999 2325 2055 λῶν
2346 1999 2523 2072 ὑψηλῇ
2549 2000 2853 2072 βροντῆσαν
2897 2003 3073 2072 φωνῇ.
3093 1999 3349 2055 Τοιοῦτον
3392 2000 3490 2053 καὶ
3509 2001 3594 2068 τὸ,
3623 2018 3645 2051 ι
3683 2000 3801 2053 Ἐπσ

524 2100 711 2162 plurim
741 2097 985 2152 intonuit
1012 2113 1061 2162 ;›
1090 2104 1151 2150 ιιι
1184 2095 1422 2150 salutare
1460 2092 1720 2148 nimirum
1746 2090 1951 2147 Christi
1980 2105 2117 2162 prte-

2220 2091 2359 2162 ῆραν
2381 2093 2432 2145 οἰ
2464 2092 2702 2163 ποταμοὶ
2727 2092 2915 2164 φωνὰς
2937 2091 3140 2146 αὐτῶν.
3156 2111 3176 2144 s
3203 2091 3458 2160 Μεγάλαι
3489 2092 3601 2162 γὰρ
3619 2092 3678 2144 αἰ
3701 2092 3803 2145 τῶν

508 2191 768 2256 ~conium,
828 2188 976 2259 quod
1033 2189 1142 2241 alta
1206 2202 1339 2241 voce
1408 2186 1741 2250 intonuerat,
1801 2183 1871 2239 ad
1926 2190 2116 2253 gentes

2220 2183 2536 2238 ἀποστόλων
2567 2178 2727 2239 οὖσαι
2762 2186 2939 2254 φωναὶ.
2960 2183 3222 2253 γεγόνασι
3250 2182 3545 2255 γνώριμοι.
3577 2182 3802 2255 Εἴρηται

504 2291 847 2353 penetrasse
896 2280 1138 2336 doceret.
1177 2278 1309 2334 Tale
1342 2286 1426 2334 est
1492 2286 1546 2333 et
1590 2277 1767 2333 illud:
1810 2296 1830 2329 ι
1860 2274 2117 2332 Elevave-

2220 2273 2278 2327 δὲ
2324 2277 2421 2328 καί⁵
2464 2275 2594 2346 περὶ
2644 2275 2966 2339 Βαϐυλῶνος
3020 2275 3192 2348 αὐτῆς
3240 2275 3333 2329 καὶ
3375 2274 3622 2345 Νηνευὴ,
3661 2293 3680 2325 ι
3720 2275 3805 2336 Ὧς

505 2384 655 2429 .runt
685 2373 847 2443 διο
876 2371 1099 2426 ﬂumina
1125 2386 1288 2427 voces
1317 2384 1447 2427 suas
1470 2370 1511 2422 '.
1548 2389 1566 2421 ι
1600 2368 1809 2441 Magnae
1844 2367 2117 2439 siquidem

2221 2368 2579 2439 κολυμϐήθρα
2635 2368 2828 2433 ὓδατος
2880 2368 2952 2422 τά
3007 2368 3176 2423 ὕδατα
3224 2367 3416 2438 αὐτῆς.
3466 2384 3487 2419 ι
3542 2366 3702 2429 Τινὲς
3748 2365 3805 2420 δὲ

525 2482 649 2521 cum
675 2465 1258 2535 essentapostolorum
1302 2477 1488 2527 voces,
1516 2462 1679 2517 facile
1711 2462 1842 2532 ipsae
1893 2461 2117 2519 exaudi-

2221 2462 2500 2516 ἄϐυσσον
2539 2463 2797 2534 εἰρήκασι
2839 2463 2939 2533 τὴν
2965 2461 3240 2532 Ἐρυθρὰν
3280 2460 3564 2515 θάλασσαν
3591 2461 3808 2531 ἐρημω-

516 2571 594 2614 ta:
625 2559 932 2631 agnitaeque
988 2568 1137 2614 sunt.
1171 2557 1381 2612 Dicitur
1405 2572 1536 2612 vero
1564 2558 1728 2612 etiam
1750 2556 1819 2611 de
1841 2555 2117 2627 Babylone

2221 2554 2428 2620 θεῖσαν,
2452 2556 2542 2609 ὅτε
2566 2555 2752 2626 διέστη
2783 2555 3077 2628 παριόντος
3096 2556 3273 2626 αὐτὴν
3299 2555 3397 2609 τοῦ
3425 2554 3558 2609 λαοῦ
3584 2570 3600 2585 °
3624 2557 3806 2608 Ποτει-

512 2665 577 2709 -et
602 2653 797 2709 Ninive
827 2669 843 2708 :
878 2671 896 2704 ι
926 2650 1212 2718 Tanquam
1248 2666 1402 2721 aquae
1429 2650 1664 2721 piscina,
1699 2664 1856 2720 aquae
1878 2649 1999 2719 ejus
2021 2650 2061 2703 ‘.
2094 2666 2111 2697 ι

2220 2648 2370 2718 μοὺς
2398 2648 2457 2701 δὲ
2478 2648 2908 2717 ξηρανθέντος,
2925 2650 3016 2702 τὸν
3054 2646 3327 2719 Ἰορδάνην
3355 2644 3802 2718 ἀναχαιτίσαντα.

524 2746 641 2800 Non
670 2746 871 2800 desunt
896 2753 1076 2799 tamen
1100 2744 1193 2812 qui
1217 2743 1397 2812 abyisi
1426 2742 1666 2808 nomine,
1690 2741 1938 2798 Rubrum
1972 2756 2117 2795 mare

2220 2739 2298 2790 Δι’
2319 2731 2394 2790 ὧν
2416 2738 2714 2791 ὑποϐάλλει
2729 2740 2894 2804 νοεῖν,
2911 2736 2988 2801 ὡς
3015 2736 3084 2792 Εἴ
3114 2754 3203 2807 μοι
3228 2736 3459 2800 ἑαυτοὺς
3481 2735 3804 2806 ἑπιδὼσητε,

524 2839 855 2907 intelligunt,
895 2835 1042 2907 quod
1090 2835 1295 2906 populo
1351 2834 1662 2904 trajicieute
1691 2833 1929 2890 divisum
1983 2842 2116 2887 est:

2220 2828 2348 2892 τοὺς
2401 2827 2700 2898 λογισμοὺς
2743 2825 2899 2897 ὑμῶν
2946 2824 3185 2895 κοιμίσω
3229 2824 3675 2894 κυμαινομένους
3716 2821 3809 2876 καὶ

523 2932 668 2985 sicut
703 2946 798 3000 per
826 2929 1121 2983 desiccatos
1164 2928 1370 2998 ﬂuuios,
1404 2925 1722 2992 Jordanem,
1751 2927 1845 2998 qui
1883 2926 1936 2980 in
1972 2926 2117 2995 ejus-

2222 2919 2464 2988 ξηρανῶ
2493 2918 2938 2990 πλημμυρούσας
2981 2917 3084 2981 τὰς
3112 2917 3329 2988 ἡδονάς.
3360 2917 3474 2970 Καὶ
3505 2913 3683 2968 ταῦτα
3712 2914 3809 2985 μὲν

504 3022 647 3078 -dem
676 3024 906 3093 gratiam
933 3029 1246 3077 retroactus
1272 3036 1496 3076 cursant
1523 3020 1811 3090 suspendit
1834 3020 1880 3075 ⁷.
1909 3020 2117 3085 Quibus

2222 3008 2391 3066 οὗτοι.
2428 3012 2509 3065 Τὰ
2539 3012 2598 3064 δὲ
2643 3011 2768 3066 καθ’
2804 3011 2948 3083 ὑμᾶς
2990 3028 3051 3065 τε
3087 3011 3179 3065 καὶ
3216 3009 3600 3072 Βαϐυλωνίους
3630 3007 3809 3061 πάντα

525 3114 744 3182 quidem
783 3113 969 3177 Deuiu,
1004 3113 1049 3168 si
1081 3128 1182 3168 nos
1214 3113 1262 3167 ei
1291 3110 2117 3181 commiscrimus,‘ﬂuctuantes

522 3205 697 3259 animi
725 3203 1089 3272 cogitationes
1124 3217 1184 3258 se
1232 3202 1509 3267 daturum,
1551 3211 1605 3256 et
1639 3202 1981 3272 voluptatum
2016 3218 2117 3256 un-

525 3297 644 3359 das,
678 3294 880 3364 quibus
908 3291 1308 3362 immergimur,
1358 3292 1757 3346 exsiccaturum
1817 3290 2117 3364 significari

517 3386 718 3439 voluit.
744 3384 921 3452 Atque
951 3384 1056 3438 ista
1114 3382 1332 3453 quidem
1382 3382 1482 3437 illi.
1517 3382 1784 3438 Ceterum
1846 3385 1988 3453 quod
2049 3383 2117 3438 ad

526 3490 624 3531 vos
669 3472 1105 3545 Bahyloniosque
1168 3475 1385 3541 attinet,
1417 3488 1581 3530 omne
1603 3489 1707 3545 ego
1735 3475 1889 3540 illud,
1916 3476 2115 3544 inquit,

524 3570 632 3622 viri
667 3582 800 3622 usus
839 3566 1146 3622 ministerio
1170 3567 1503 3638 prmstitero,
1535 3566 1695 3637 cujus
1724 3582 1922 3623 nomen
1959 3567 2118 3637 longe

528 3671 655 3715 ante
687 3660 841 3714 vobis
867 3674 990 3715 esse
1018 3660 1262 3729 ignotum
1287 3674 1396 3715 non
1427 3658 1631 3730 patior,
1674 3657 1875 3729 Cyrum
1932 3658 2117 3729 appel-

511 3756 645 3807 dans
668 3768 876 3821 ,quetu
910 3751 1267 3805 consiliorum
1300 3765 1544 3807 meatum
1574 3751 1886 3805 ministrum
1937 3751 2117 3820 praeli-

527 3848 691 3908 ciam,
722 3845 1088 3914 sapientiaque
1114 3851 1167 3899 et
1196 3843 1397 3915 pietate
1428 3844 1671 3910 ornabo;
1700 3852 1758 3898 ut
1792 3845 2117 3915 qumadver-

526 3952 622 3993 sus
648 3936 975 4007 Babylonem
1002 3937 1111 4007 agi,
1132 3935 1225 4007 qui
1262 3936 1499 4005 populus
1541 3936 1784 4001 liberari,
1812 3936 1907 4006 qui
1957 3936 2116 3991 deni-

527 4047 633 4099 que
661 4029 1127 4102 .lerosolymorum
1153 4030 1350 4093 civitas
1375 4029 1665 4101 ipsumque
1699 4031 1955 4099 templum
2025 4031 2116 4084 in-

528 4121 762 4175 staurari
814 4121 1072 4186 debeant,
1126 4119 1410 4189 intelligat.
1475 4120 1647 4175 Habet
1684 4137 1812 4176 vero
1860 4121 1915 4175 in
1973 4121 2133 4202 hunc.

524 4213 747 4266 modum
816 4211 1133 4284 Symmachi
1172 4211 1591 4282 interpretatio:
1635 4212 1739 4279 Qui
1768 4214 1897 4267 dicit
1936 4213 2118 4295 Cyro:

528 4301 729 4356 Pastor
758 4320 922 4357 meus.
956 4303 1029 4376 _Et
1084 4303 1281 4356 iterum
1316 4320 1329 4355 :
1361 4302 1632 4370 Templum
1667 4317 1838 4360 autem
1870 4307 2119 4376 fundabi-

2227 3104 2461 3176 ποιήσω,
2506 3103 2663 3174 φησί,
2714 3104 2952 3175 διακόνῳ
2979 3105 3328 3175 χρησάμενος
3378 3102 3559 3174 ἀνδρὶ,
3606 3096 3669 3156 οὗ
3719 3101 3809 3155 καὶ

2224 3195 2465 3267 τοῦνομα
2488 3195 2740 3267 προλέγω
2760 3195 2962 3264 Κῦρον
2987 3194 3189 3260 καλῶν,
3213 3194 3274 3249 δν
3299 3196 3685 3266 προστήσομαι
3706 3192 3809 3248 τῶν

2225 3289 2374 3359 ἐμῶν
2417 3288 2800 3359 βουλευμάτων
2840 3287 3110 3353 διάκονον,
3161 3286 3463 3357 φρόνησιν
3512 3285 3669 3356 αὐτῷ
3714 3303 3812 3340 πα-

2221 3379 2450 3451 ρασχὼν
2484 3379 2706 3450 εὐσεϐῆ,
2755 3379 2832 3443 ὡς
2858 3379 2928 3433 τὰ
2958 3379 3102 3433 κατὰ
3140 3378 3465 3441 Βαϐυλῶνος
3511 3376 3809 3446 ἐπιγνῶναι

2227 3477 2501 3547 πρακτέα,
2518 3474 2614 3529 τοῦ
2635 3490 2694 3529 τε
2718 3473 2852 3529 λαοῦ
2870 3475 2971 3545 τήν
2995 3476 3203 3542 ἄνεσιν,
3225 3474 3319 3528 καὶ
3340 3475 3441 3545 τῆς
3454 3472 3809 3545 Ἰερουσαλὴμ

2227 3571 2327 3622 σὺν
2360 3568 2438 3639 τῷ
2471 3566 2584 3638 ναῷ
2626 3569 2725 3639 τὴν
2756 3567 3065 3623 ἀνάκτισιν,
3111 3567 3172 3621 '0
3199 3567 3257 3621 δὲ
3287 3566 3592 3637 Σύμμαχος
3617 3565 3808 3630 ἐξέδω-

2224 3674 2341 3713 κενο
2360 3659 2422 3713 '0
2451 3658 2642 3728 λέγων
2668 3660 2860 3729 Κύρῳ,
2895 3659 3127 3729 Ποιμήν
3142 3675 3284 3728 μου.
3315 3659 3426 3713 Καὶ
3452 3657 3636 3711 πάλινο
3667 3658 3732 3710 '0
3744 3656 3811 3709 δὲ

2224 3753 2372 3819 ναὸς
2418 3752 2945 3823 θεμελιωθήσεται.
2987 3754 3427 3825 Τελευτήσαντος
3475 3754 3587 3823 γὰρ
3614 3752 3808 3819 Κύρου

2225 3846 2530 3901 κεκώλυται
2557 3848 2658 3916 μὲν
2685 3846 2750 3899 ἐκ
2774 3863 2937 3901 τινων
2970 3846 3274 3917 βασκανίας
3300 3848 3334 3917 ή
3357 3846 3470 3899 τῶν
3493 3846 3673 3915 ἔργων
3694 3845 3809 3898 ἐπί·-

2224 3939 2372 4002 δοσις
2401 3939 2555 4011 παρὰ
2587 3938 2685 3993 τοῦ
2724 3938 2842 4009 μετ’
2890 3939 3054 3993 αὑτὸν
3087 3938 3513 4001 βασιλεύσαντος
3550 3939 3644 3990 τοῦ
3682 3933 3805 3989 ναοῦ

2180 4046 2189 4063 ε
2227 4032 2518 4099 θεμελίων
2540 4031 2630 4084 ἐπὶ
2649 4031 2845 4099 Κύρου
2871 4029 3288 4101 προκαταϐεϐλη
3297 4028 3499 4099 μένων,
3519 4026 3806 4097 ἐπληρώθη

2225 4123 2281 4176 δὲ
2312 4121 2450 4191 μετὰ
2477 4121 2653 4176 ταῦτα
2680 4120 2932 4192 βουλήσει
2969 4118 3127 4174 Θεοῦ.
3163 4120 3275 4173 Καὶ
3302 4119 3477 4172 ταῦτα
3517 4117 3808 4188 δεδήλωκεν

2225 4218 2259 4283 ὴ
2295 4215 2507 4285 Γραφή.
2539 4215 2651 4268 Καὶ
2667 4213 2929 4285 Ἰώσηπος
2952 4214 3009 4267 ὲν
3035 4219 3084 4267 α’
3110 4214 3135 4253 ⁸
3162 4214 3259 4284 τῆς
3282 4211 3720 4283 Ἀρχαιολογίας,
3743 4209 3810 4272 ὡς

2218 4306 2634 4377 ⁴ὲπιδειχθείσης
2682 4305 2839 4376 παρὰ
2888 4305 2996 4358 τῶν
3046 4303 3409 4375 αἰχμαλώτων
3462 4303 3560 4372 τῆς
3594 4301 3808 4355 Ἡσαΐου

530 4404 635 4448 tur.
672 4393 811 4463 Cyro
866 4371 1014 4449 euiin
1067 4403 1310 4459 mortuo,
1343 4398 1733 4451 nonnullorum
1798 4400 2027 4463 invidia,
2056 4400 2117 4455 ad

2234 4371 2573 4471 προφητείας
2591 4371 2680 4469 ⁷τῷ
2709 4371 2901 4468 Κίόρῳ,
2926 4371 3190 4452 ταῦτά-τε
3234 4396 3418 4464 γνοὺς,
3453 4371 3547 4447 καὶ
3580 4393 3668 4447 ἐπ’
3697 4391 3807 4444 ὀνό-

526 4484 809 4553 sequeutis
842 4485 984 4554 regis
1009 4484 1323 4540 mandatum
1376 4488 1561 4556 aperis
1589 4491 1892 4559 interrupta
1933 4507 2117 4546 cessa-

2232 4508 2403 4561 ματος
2450 4490 2642 4544 ἑαυτὸν
2682 4488 3025 4559 κεκλημένον
3067 4484 3244 4558 εὑρὼν
3276 4485 3381 4555 πρὸ
3408 4485 3545 4539 δέκα
3580 4483 3676 4537 καὶ
3702 4482 3809 4534 δια·

527 4576 605 4626 vit
631 4577 905 4643 promotio
930 4593 944 4641 ;
975 4591 1099 4631 cum
1136 4585 1346 4633 tantum
1369 4578 1507 4650 Cyro
1529 4583 1823 4651 superstite
1848 4583 1995 4651 jacta
2023 4599 2114 4639 es-

2227 4584 2429 4637 κοσίων
2453 4583 2610 4648 ἑτῶν,
2642 4583 2739 4635 σὺν
2770 4581 2941 4653 πολλῇ
2966 4580 3244 4652 προθυμίᾳ
3265 4578 3336 4632 τὰ
3367 4574 3811 4649 προστεταγμένα

529 4674 649 4719 sent
679 4666 864 4735 templi
892 4668 1238 4737 fundamenta
1263 4712 1275 4725 .
1310 4671 1416 4726 Sed
1443 4682 1526 4728 est
1548 4673 1733 4727 divina
1767 4673 1984 4729 tandem
2018 4691 2113 4730 vo-

2220 4677 2541 4747 πεποίηκεν.

529 4755 741 4812 luntate
766 4765 950 4828 postea
982 4758 1281 4831 perfectum
1316 4762 1759 4832 absolutumque.
1796 4765 1976 4834 Atque
2004 4768 2116 4822 haec
2155 4767 2272 4838 ipsa
2318 4766 2536 4835 quidem
2567 4774 2719 4831 sunt,
2751 4779 2874 4835 quae
2903 4763 3190 4836 Scriptura
3253 4764 3393 4834 ipsa,
3457 4775 3581 4833 quae
3661 4757 3808 4814 lose-

529 4850 672 4921 phus
696 4850 861 4905 etiam
888 4851 1293 4917 inuuunt,cum
1328 4854 1799 4925 isteAntiquitatis
1867 4856 2162 4913 undecimo
2231 4856 2436 4929 Cyrum
2506 4857 2603 4921 ait,
2641 4864 2997 4927 posteaquam
3061 4856 3222 4911 istam
3275 4855 3427 4910 Isaias
3481 4850 3810 4923 prophetiam

510 4944 637 5000 sibi
692 4958 722 4997 a
776 4945 1009 5015 captivis
1054 4947 1483 5003 demonstratam
1540 4948 1783 5022 legisset,
1840 4952 1957 5009 haec
2008 4954 2126 5024 ipsa
2165 4953 2477 5025 agnovisse,
2507 4967 2765 5022 eumque,
2792 4953 2884 5022 qui
2910 4967 3010 5008 suo
3035 4966 3095 5007 se
3156 4951 3380 5007 nomine
3441 4956 3571 5004 ante
3618 4947 3810 5002 ducen-

529 5045 618 5092 tos
644 5046 696 5093 et
718 5037 904 5094 decem
930 5054 1105 5096 annos
1132 5054 1255 5095 esse
1286 5042 1617 5112 appellatum
1656 5045 1864 5102 videret
1915 5062 2114 5121 magna
2154 5047 2441 5104 alacritate
2466 5047 2734 5117 imperata
2767 5047 3110 5118 praestitisse.

505 5148 509 5154 ο
1160 5133 1318 5190 CAP.
1361 5135 1522 5195 XLV.
1770 5132 1773 5135 ’

2822 5142 3074 5196 ΚΕΦΑΛ.
3101 5136 3236 5195 ME'.

600 5220 917 5279 VcnsJ-S.
954 5223 1045 5280 Sic
1071 5225 1204 5279 dicit
1254 5226 1513 5284 Dominus
1563 5231 1703 5286 Deus
1755 5233 1954 5288 christo
2008 5250 2117 5289 meo

2289 5238 2416 5307 α’-η’
2440 5276 2453 5290 .
2477 5235 2640 5290 Οὕτω
2678 5233 2839 5304 λέγει
2871 5233 3086 5301 Κύριος
3111 5235 3144 5286 ό
3175 5233 3321 5299 Θεὸς
3349 5230 3428 5296 τῷ
3454 5227 3675 5300 χριστῷ
3702 5241 3811 5296 μου

502 5316 692 5388 .Cyra,
724 5319 877 5389 cujus
909 5318 1229 5389 apprehendi
1252 5320 1547 5389 dexteram,
1585 5335 1643 5379 ut
1678 5327 1958 5398 subjiciam
2005 5338 2117 5381 antt

2232 5329 2421 5397 Κύρῳ,
2455 5323 2529 5385 οὗ
2566 5326 2873 5397 ἐκράτησα
2905 5324 3016 5394 τῆς
3064 5323 3287 5391 δεξιᾶς,
3337 5321 3671 5378 ἐπακοῦσαι
3718 5317 3811 5387 Et»

502 5526 515 5538 ,
588 5475 629 5565 ⁴⁵
655 5474 813 5545 Psal.
839 5490 1046 5551 sxvnt,
1078 5475 1133 5530 5.
1216 5477 1237 5511 ⁸
1278 5476 1422 5536 Psal.
1454 5495 1586 5546 xcn,
1621 5481 1673 5536 5.
1755 5482 1775 5513 ⁸
1808 5481 2021 5536 Nahqu
2091 5499 2117 5536 ιι

2220 5522 2231 5536 .
2313 5481 2530 5537 Hosne
2595 5485 2766 5548 ιιι,Ιό
2791 5498 2942 5553 seqq.

720 5632 727 5637 .
1854 5597 2083 5653 V'Alllﬂ'l
2131 5598 2538 5656 LECTIONES.

611 5668 641 5717 ’⁸
676 5695 764 5748 ιρι
794 5680 921 5751 τήν.
1000 5685 1024 5722 ⁸
1064 5701 1151 5753 1:0-
1190 5688 1277 5736 ια’·
