4010 6302
164 316 389 383 ..2417

1377 329 1914 394 COMMENTARII
1950 337 2034 397 IN
2068 338 2093 396 Ι
2100 338 2354 399 SAIAM.

3362 315 3506 404 em

254 431 504 495 προσθεν
535 427 727 483 αὐτοῦ
764 422 932 500 ἔθνη,
961 432 1062 487 καὶ
1098 422 1286 504 ’ἰσχὺν
1308 435 1624 500 ,βασιλέων
1656 442 1823 512 διαρο

1927 445 2109 514 faciem
2137 447 2252 515 ejus
2271 455 2469 517 genter,
2493 434 2541 500 et
2571 448 2702 500 vires
2733 463 2910 517 regunt
2958 446 3226 517 frangam.
3257 448 3508 518 Aperiunt

212 576 219 581 ,
247 521 421 592 ῥήξω.
466 521 717 584 Ἀνοίξω
737 524 1083 593 ἔμπροσθεν
1112 528 1304 583 αὐτοῦ
1334 531 1539 601 θύρας,
1572 534 1673 588 καὶ
1708 536 1819 590 πό-

251 617 370 679 λεις
395 614 465 668 οὐ
498 616 1118 684 συγκλεισθήσονται,
1142 635 1196 672 κ.
1223 638 1275 674 τ.
1317 621 1368 677 λ.

322 706 413 759 Ὃν
441 705 533 759 καὶ
558 705 818 774 χριστὸν
862 708 1040 776 καλεῖ,
1070 708 1214 765 οὕτω
1255 714 1385 788 παρ’
1410 715 1702 788 “”Ε6ραίοις
1725 719 1818 774 λε·
1878 764 1881 765 ν

216 878 219 881 Ι
254 796 488 867 ⁴ίομένων
525 796 637 851 τῶν
684 798 789 852 ὑπὸ
824 798 961 853 Θεοῦ
1010 806 1508 877 προχειρισθέντων
1543 811 1625 874 είς
1660 811 1818 881 βασι-

253 886 412 941 λείαν.
480 886 675 959 Ἐλαίῳ
737 888 846 960 γὰρ
906 890 1093 956 αὐτοῖς
1142 896 1192 949 οἱ
1250 894 1494 966 βασιλεῖς
1552 901 1818 957 εἰώθεσαν

253 979 513 1048 χρίεσθαι
559 978 698 1049 πρὸς
728 980 827 1052 τὴν
862 981 1045 1055 ἀρχὴν
1079 985 1493 1058 καθιστάμενοι.
1527 993 1819 1063 Τροπικῶς

250 1068 302 1120 δὲ
333 1068 421 1135 καὶ
459 1070 586 1133 τοὺς
627 1070 815 1139 ἁγίους
846 1070 993 1128 οὕτω
1032 1077 1194 1147 φησὶν
1224 1078 1258 1148 ἠ
1298 1079 1509 1152 Γραφή.
1563 1086 1820 1153 Χριστὸν
1871 1086 1879 1093 ’

251 1153 338 1213 οὖν
359 1159 517 1216 αὐτδν
546 1162 826 1231 ἐκάλεσεν,
850 1164 928 1231 ὥς
962 1168 1028 1222 ἐκ
1050 1168 1183 1223 Θεοῦ
1220 1171 1358 1241 πρὸς
1382 1173 1485 1245 τὴν
1513 1175 1690 1247 ἀρχὴν
1724 1196 1818 1232 κε-

252 1250 345 1321 κλη
353 1251 529 1321 μένον.
546 1253 635 1318 Ὠς
649 1254 705 1308 δὲ
724 1257 1024 1325 τοιούτου,
1045 1260 1234 1330 φησὶν,
1252 1263 1659 1335 ἐπαγγέλλομαι
1678 1285 1821 1336 κρα-

252 1337 421 1406 τῆσαι
446 1339 557 1411 τῆς
580 1340 789 1408 δεξιᾶς
821 1345 961 1417 πρὸς
983 1347 1046 1401 τὸ
1077 1347 1152 1419 μὴ
1179 1351 1650 1422 παρατρέπεσθαι,
1679 1356 1818 1427 μηδὲ

252 1430 532 1501 νικηθῆναι
575 1434 729 1502 παρά
753 1451 898 1500 τινος
926 1437 1253 1508 κρείττονος.
1302 1443 1662 1515 Ἀπιλήψεως
1710 1449 1818 1519 γὰρ

251 1519 398 1575 τοῦτο
447 1527 693 1594 σημεῖον,
732 1526 879 1581 καθά
928 1545 1095 1600 φησιν
1129 1532 1186 1585 ἐν
1232 1533 1513 1605 Ψαλμοῖς·
1556 1554 1575 1588 ι
1622 1537 1819 1609 Ἐκρά-

249 1627 411 1681 τησας
455 1615 556 1684 τῆς
586 1614 769 1688 χειρὸς
795 1618 898 1689 τῆς
928 1618 1108 1685 δεξιᾶς
1155 1638 1281 1691 μου,
1324 1626 1418 1680 καὶ
1459 1629 1517 1680 ἐν
1548 1629 1614 1699 τῇ
1650 1628 1813 1701 βουλῇ

253 1716 341 1754 σου
369 1702 658 1774 ὡδήγησάς
687 1723 777 1778 με.
810 1725 830 1759 ι
866 1707 1197 1777 ’Υποτάξας
1228 1713 1286 1767 δὲ
1331 1714 1620 1780 πλείστους
1644 1719 1812 1790 αὐτῷ,

1919 553 2102 592 coram
2127 554 2186 593 eo
2209 549 2410 607 portas,
2434 546 2482 592 et
2512 539 2664 593 urbes
2696 554 2799 592 non
2831 538 3165 607 claudentur;
3191 549 3293 596 etc.

1989 722 2060 774 At
2091 719 2237 790 quod
2292 719 2551 773 chrislum
2585 717 2899 789 appellarit,
2944 717 3012 773 ad
3045 717 3399 774 Hebraxrum
3427 719 3513 774 lo-

1918 813 2121 882 quendi
2151 807 2606 867 consuetudinem
2642 812 2849 874 retulit,
2882 812 2975 881 qui
3019 813 3125 867 sibi
3184 812 3504 881 designatos
3577 816 3582 820 ’

1920 917 1950 956 a
1985 902 2095 957 Deo
2152 918 2307 974 reges
2363 903 2439 959 ita
2473 903 2891 973 nuncupabant.
2927 901 3061 958 Oleo
3123 904 3393 974 siquidem
3441 904 3512 960 de

1921 1013 2071 1054 more
2103 1013 2199 1054 eos
2231 999 2567 1068 inungebant,
2597 998 2689 1067 qui
2727 1006 2912 1053 essent
2941 998 3009 1052 ad
3041 999 3192 1068 regni
3232 996 3511 1067 guberna-

1919 1087 2042 1140 cula
2075 1087 2300 1142 admoti.
2333 1085 2588 1157 Figurate
2607 1101 2734 1140 vero
2760 1096 2813 1140 et
2864 1093 3087 1140 sanctos
3135 1088 3217 1141 sic
3275 1088 3510 1155 appellat

1922 1176 2226 1245 Scriptura.
2257 1177 2526 1233 Christum
2557 1178 2742 1247 itaque
2794 1192 2920 1231 cum
2970 1176 3207 1242 vocavit,
3250 1185 3511 1247 tanquam

1918 1269 2009 1335 qui
2040 1275 2185 1322 esset
2218 1280 2249 1320 a
2302 1266 2409 1322 Deo
2432 1267 2500 1321 ad
2541 1267 2829 1336 imperium
2879 1275 3129 1322 vocatus.
3159 1266 3328 1338 511'
3374 1269 3512 1323 Cum

1922 1359 2044 1412 talis
2063 1364 2244 1411 autem
2275 1358 2366 1422 sit,
2398 1357 2597 1427 inquit,
2631 1357 2867 1427 ejusdem
2926 1374 3005 1412 me
3033 1357 3332 1423 dexteram,
3375 1376 3442 1413 ne
3477 1378 3510 1414 ει

1920 1461 2195 1519 quoquam
2219 1455 2517 1514 avertatur,
2552 1455 2646 1502 aut
2678 1448 2973 1516 potentiori
3034 1446 3379 1514 succumbat,
3413 1466 3511 1518 ap-

1918 1537 2249 1606 prehendisse
2282 1537 2562 1607 proﬁteor.
2590 1537 2705 1595 Hoc
2742 1541 2887 1594 enim
2919 1540 3256 1597 defensionis
3289 1542 3507 1611 signqu

1919 1639 2022 1693 est,
2052 1630 2192 1685 sicut
2221 1630 2315 1684 illo
2339 1629 2637 1698 iudicatur,
2670 1631 2816 1700 quod
2878 1633 2933 1685 in
2961 1632 3197 1688 Psalmis
3254 1633 3456 1704 legitur
3490 1656 3504 1690 :

1925 1721 2212 1777 «Tenuisti
2254 1737 2474 1776 manum
2536 1721 2818 1778 dexteram
2867 1738 3065 1789 meam,
3106 1734 3160 1778 ct
3216 1723 3269 1777 in
3323 1725 3507 1778 consi‘

251 1791 420 1887 πᾶσαν
456 1792 756 1887 διαρῤήξω
803 1798 902 1885 τὴν
934 1800 992 1854 ἐν
1021 1803 1133 1864 τοῖς
1172 1801 1381 1869 λοιποῖς
1419 1805 1601 1862 ἔθνεσι
1631 1809 1812 1865 δυνα-

1927 1813 1991 1869 lio
2048 1823 2138 1870 tuo
2192 1813 2467 1869 deduxisti
2527 1828 2615 1869 me
2656 1814 2698 1868 ⁸.
2732 1833 2753 1868 ι
2808 1815 2944 1869 Cum
3003 1823 3185 1871 autem
3240 1817 3509 1887 plurimos

249 1884 470 1977 στείαν,
502 1886 658 1977 οὐδὲν
674 1882 875 1977 ἄϐατον
901 1890 1071 1956 ἐάσας
1091 1893 1262 1965 αὐτῷ,
1304 1896 1424 1951 καθ’
1458 1891 1535 1952 ὧν
1561 1899 1628 1955 ἂν
1653 1901 1813 1977 ἐθέλῃ

248 1975 462 2043 χωρεῖν.
515 1976 674 2031 Ἀλλά
699 1978 804 2033 κᾶν
831 1976 865 2054 ᾖ
913 1996 965 2035 τι
997 1981 1222 2039 δυνατὸν
1262 1987 1535 2057 ἐμποδὼν,
1571 1990 1648 2055 ὡς
1676 1975 1815 2061 ὅροξ

249 2067 544 2139 γινόμενον,
571 2070 674 2128 κᾶν
708 2073 925 2146 ἰσχυρὸν
952 2074 1028 2141 ὡς
1059 2079 1288 2147 χαλκὸς
1319 2077 1375 2153 ᾖ,
1413 2083 1507 2137 καὶ
1538 2084 1810 2154 σίδηρος,

250 2158 420 2214 πάντα
467 2165 793 2221 ταπεινώσω
836 2167 930 2222 καὶ
950 2167 1117 2236 λύσω,
1171 2167 1248 2235 ὡς
1289 2173 1425 2244 μηδὲ
1467 2178 1812 2245 θησαυροὺς

247 2249 536 2322 ἀοράτους
562 2258 673 2322 τοῖς
712 2259 843 2329 πρὶν
872 2259 1152 2332 βασιλεῦσι
1172 2262 1360 2318 τοῦτον
1384 2264 1676 2324 διαλαθεῖν.

1918 1904 2094 1961 eidem
2150 1902 2437 1973 subjecero,
2469 1902 2642 1971 addit,
2684 1920 2901 1961 onmem
2956 1904 3218 1976 deinceps
3276 1905 3512 1976 reliqua-

1880 2010 2039 2053 -rum
2089 1999 2329 2068 gentium
2368 2000 2661 2068 potentiam
2710 2000 2981 2081 frangam,
3037 2016 3216 2068 neque
3263 1999 3311 2055 ei
3356 1999 3512 2069 quid-

1919 2103 2245 2159 quam,.quo
2293 2103 2519 2159 pergere
2544 2090 2795 2157 voluerit,
2827 2107 2933 2147 non
2983 2092 3230 2160 pervium
3262 2088 3509 2144 ellieiam.

1920 2178 2058 2242 lmo,
2121 2181 2165 2235 si
2205 2179 2503 2252 quidquam
2562 2181 2841 2252 petentius
2894 2183 3188 2247 obstiterit,
3226 2189 3279 2237 ct
3322 2182 3510 2234 montis

1919 2268 2096 2325 instar
2119 2272 2175 2325 in
2239 2285 2364 2326 eum
2421 2273 2722 2341 attollatur,
2780 2272 2998 2328 etiamsi
3057 2290 3159 2327 rere
3226 2283 3319 2326 aut
3372 2270 3513 2341 ferro

224 2343 472 2419 ualidius
526 2346 620 2413 sit,
644 2348 776 2406 illud
816 2351 1071 2422 dejiciam
1116 2363 1296 2414 tamen
1332 2369 1387 2417 et
1423 2359 1694 2434 frangam,
1731 2374 1910 2433 neque
1939 2362 2269 2429 reconditos,
2301 2362 2686 2435 prioribusque
2744 2363 2963 2434 regibus
3002 2365 3205 2435 ignotos
3239 2362 3507 2417 thesauro;

248 2447 366 2489 eum
404 2437 576 2495 latere
607 2441 809 2511 patiar.

312 2527 468 2595 Τινὲς
501 2531 560 2587 δὲ
587 2502 931 2606 δησαυρούς
966 2558 1099 2611 φασι
1127 2502 1255 2611 robe
1296 2547 1411 2602 ὅσοι
1441 2551 1535 2604 καὶ
1576 2549 1809 2621 μάλιστα

245 2618 456 2676 δυνατοὶ
490 2625 645 2698 παρά
681 2629 782 2700 τὴν
814 2629 1003 2700 ἔφοδον
1030 2638 1230 2705 Κύρου
1256 2628 1544 2710 σπήλαίοις
1570 2618 1810 2711 ἐγκατα-

1973 2541 2228 2600 Νοηηυιιί
2276 2556 2372 2613 per
2430 2543 2885 2607 thesauros,eos
2942 2542 3093 2595 innm
3148 2540 3511 2608 arbitrantur,

1907 2634 1999 2705 qui
2032 2632 2113 2688 vel
2138 2632 2374 2687 maxime
2395 2641 2664 2701 potentes,
2696 2629 2836 2700 Cyro
2865 2644 2990 2683 cum
3015 2629 3258 2684 exercitu
3310 2629 3514 2685 adven-

247 2711 428 2780 δύντες
455 2717 770 2776 ἐλάνθανον.
802 2724 868 2777 Ὃ
897 2724 961 2796 δὴ
989 2727 1195 2796 μαθὼν,
1228 2730 1392 2799 δᾷδας
1420 2731 1669 2797 ἐξάπτων
1690 2733 1817 2798 τοὺς

1927 2732 2083 2791 .aute,
2115 2723 2168 2778 in
2204 2723 2481 2794 speluncis
2537 2737 2659 2778 sese
2694 2721 3139 2787 abdiderunt;in
3205 2722 3406 2790 quibus
3457 2732 3514 2778 et

246 2801 441 2894 ἀνδρας
493 2808 839 2882 ἀνεύρισκεν.
894 2816 1068 2871 Γνῶθι
1112 2818 1170 2872 δέ
1210 2820 1241 2861 h
1285 2821 1491 2877 τούτων
1542 2824 1818 2894 ἐσομένων

247 2893 411 2965 ὅστις
445 2901 592 2970 εἰμὶ,
617 2904 647 2956 ὁ
683 2904 793 2977 πρὸ
814 2906 1085 2964 τοσούτων
1108 2910 1315 2982 χρόνων
1341 2913 1458 2981 τὴν
1484 2914 1611 2984 σὴν
1635 2893 1820 2984 προσ-

245 2990 493 3080 ηχοοριαν
534 2993 740 3052 εἰπών.
784 2998 921 3068 Εἰμὶ
966 2999 1076 3072 γὰρ
1124 3004 1269 3070 Θεὸς
1335 3005 1607 3074 Ἰσραὴεότ
1636 3008 1696 3062 ὃν
1742 3009 1818 3080 μὴ

246 3077 463 3147 ἀγνόει.
498 3082 577 3137 Δι’
614 3085 777 3139 αὑτὸν
809 3088 917 3161 γάρ
961 3107 1044 3145 σοι
1076 3092 1347 3164 τοσαύτην
1384 3094 1704 3161 δυναστείαν
1732 3077 1820 3152 δεέ

1914 2817 2041 2889 ipsi,
2067 2832 2191 2872 cum
2221 2831 2402 2885 regem
2446 2816 2617 2871 latere
2644 2831 2752 2870 non
2791 2816 3123 2885 potuissent,
3157 2813 3369 2869 facibus
3413 2829 3507 2869 ac-

1923 2908 2105 2963 censis
2130 2906 2345 2977 (ιυωεὶιί
2396 2906 2705 2977 repertique
2727 2915 2873 2961 sunt.
2916 2905 3074 2961 Disce
3118 2922 3279 2969 vero,
3309 2906 3509 2977 inquit,
3574 2976 3580 2984 _

1924 3018 1994 3060 ex
2023 2999 2145 3055 istis
2174 2997 2338 3054 rebus
2363 2997 2562 3052 futuris
2591 3000 2836 3066 quisnam
2874 2997 2988 3067 ipse
3016 2998 3114 3051 sim
3139 3013 3160 3062 ;
3195 2999 3285 3068 qui
3317 3007 3368 3053 te
3401 3010 3510 3052 tam

1925 3094 2089 3160 longo
2128 3098 2252 3142 ante
2279 3089 2544 3157 temporis
2574 3086 2860 3141 intervallo
2883 3094 2972 3140 tuo
2995 3089 3205 3140 nomine
3236 3102 3511 3158 ttuttt‘tep't-

247 3168 524 3244 δώρημαι.
565 3174 738 3245 Ἐμύς
771 3156 1052 3250 γάρνέστιν
1082 3184 1148 3236 ἐκ
1177 3156 1397 3239 πάντων
1423 3156 1691 3256 έκλεγεὶς
1717 3189 1824 3243 τῶν

1927 3184 2047 3237 rim.
2082 3180 2194 3252 Ego
2219 3180 2362 3235 enim
2386 3195 2502 3232 sum
2555 3177 2700 3232 Deus
2734 3176 2931 3245 Israel,
2959 3192 3120 3249 quem
3187 3187 3237 3233 le
3291 3178 3512 3231 minime

248 3261 414 3318 ἐθνῶν
450 3268 525 3336 τῇ
577 3268 716 3340 πρὸς
758 3270 887 3334 τοὺς
935 3271 1115 3329 αὐτῶν
1140 3274 1398 3346 -πατέρας
1436 3280 1593 3348 τιμῇ.
1637 3280 1729 3332 Διό
1752 3296 1827 3333 σε

250 3358 689 3432 προσεδεξάμην,
736 3362 813 3427 ὼς
859 3364 1101 3435 ἐμαυτοῦ
1157 3367 1379 3434 οἰκεῖον,
1447 3369 1647 3442 καίπερ
1715 3373 1826 3426 οὐκ

245 3446 553 3517 ἐγνωκότα
564 3470 663 3522 με,
683 3456 750 3525 τῇ
779 3454 914 3509 δὲέκ
938 3456 1196 3529 πατέρων
1226 3459 1636 3533 είδωλολατρείᾳ
1657 3478 1826 3532 προσ-

248 3540 531 3611 κείμενον.
576 3542 665 3608 Ὠς
690 3544 769 3598 ἂν·
798 3546 876 3617 μὴ
915 3546 1080 3619 δοκῇς
1115 3547 1498 3621 προλασούσης
1545 3550 1825 3615 εὐσεϐείας

245 3631 385 3703 γέρα
427 3650 520 3687 σοι
544 3633 718 3689 ταῦτα
742 3636 1012 3692 δεδόσθαι.
1056 3638 1195 3692 Ἀλλ’
1237 3640 1287 3694 εί
1332 3641 1425 3694 καὶ
1456 3640 1532 3710 μὴ
1562 3640 1825 3712 πρότερον

245 3719 438 3791 ἔγνως,
469 3725 559 3779 ὅτι
581 3726 774 3795 μόνος
799 3728 917 3797 εἰμὶ
948 3727 1103 3793 Θεὸς,
1139 3729 1279 3800 μάθε
1311 3731 1364 3799 γ’
1390 3730 1487 3784 οὖν
1519 3730 1579 3796 ἐξ
1607 3724 1682 3787 ὧν
1709 3733 1824 3785 δια-

243 3814 555 3885 πράξομαι,
586 3816 655 3871 δι⁹
677 3810 755 3874 ὧν
780 3819 982 3884 πάντες
1008 3820 1248 3877 εἴσονται
1281 3824 1434 3878 Θεὸν
1462 3820 1826 3894 εἶναιμόνον

240 3907 367 3976 ἐμὲ,
396 3910 498 3964 καὶ
528 3909 595 3963 δι’
640 3910 981 3983 ἀλλοφύλων,
1019 3913 1114 3969 καὶ
1158 3915 1259 3985 τῆς
1305 3916 1444 3986 ἐμῆς
1493 3915 1659 3980 ξένων
1688 3916 1824 3988 θρη-

241 4000 454 4069 σκείας,
483 4001 559 4056 τὰ
591 4002 854 4059 δοκοῦντα
881 4004 1371 4079 διαπραττόμενον.
1396 4007 1508 4061 Καὶ
1540 4007 1606 4061 δι’
1626 4001 1702 4063 ὧν
1733 4009 1824 4063 τὸν

241 4091 376 4162 ἐμὸν
420 4093 578 4159 λαὸν,
614 4096 785 4165 ἡνίκα
829 4097 927 4167 μὲν
973 4097 1223 4162 παιδείας
1263 4095 1332 4170 ἦν
1378 4100 1591 4171 καιρὸς,
1634 4099 1824 4174 ῶσπερ

240 4181 393 4254 ὀργῇ
418 4186 519 4239 καὶ
546 4187 751 4253 σκότῳ
779 4187 867 4242 διά
895 4188 998 4258 τῆς
1026 4188 1276 4253 παιδείας
1316 4191 1621 4261 κατήφειαν
1678 4209 1823 4264 παρ-

240 4271 442 4331 έδωκα.
492 4276 693 4331 Ἦνικα
726 4277 786 4330 δὲ
810 4276 1006 4342 σώζειν
1038 4278 1145 4333 ἔδει
1175 4279 1540 4349 διορθωθέντα
1572 4281 1699 4351 φῶς
1729 4284 1823 4338 καὶ

235 4364 503 4435 είρήνην
522 4367 611 4420 ἐπ’
642 4368 808 4422 αὐτὸν
837 4369 1118 4424 ἀνατεῖλαι
1165 4370 1465 4441 πεποίηκα,
1500 4372 1587 4425 διὰ
1629 4374 1727 4445 τὴν
1758 4377 1823 4427 ἐκ

235 4454 339 4524 τῆς
374 4458 636 4526 ἀφέσεως
669 4458 780 4512 τῶν
815 4459 1032 4531 δεσμῶν
1060 4459 1423 4532 εὐφροσύνην.
1455 4464 1565 4516 Καὶ
1602 4464 1711 4534 γὰρ
1740 4468 1821 4519 ει-

227 4541 433 4611 ρήνης
463 4545 586 4615 εἰμὶ
635 4546 731 4599 καὶ
780 4547 976 4616 φωτὸς
1026 4549 1285 4619 χορηγὸς,
1325 4551 1588 4618 σκότους
1633 4568 1693 4606 τε
1726 4556 1822 4607 καὶ

233 4632 344 4687 τῶν
373 4634 665 4706 λυπηρῶν,
694 4636 732 4691 ἀ
751 4637 816 4710 δὴ
844 4638 1028 4693 καλεῖν
1056 4638 1205 4694 κακά
1231 4638 1386 4710 φίλον
1411 4642 1530 4695 ἐστὶ
1553 4645 1669 4707 τοῖς
1694 4644 1823 4698 πολ-
1866 4671 1874 4680 ·

233 4721 370 4791 λοτς,
402 4720 485 4782 ὧν
520 4728 632 4797 ἐγὼ
656 4729 888 4800 ποιητὴς
925 4729 1064 4800 πρὸς
1090 4730 1190 4801 τὴν
1210 4731 1368 4799 ἀξίαν
1398 4733 1538 4788 αὐτά
1566 4735 1820 4806 χορηγῶν

230 4816 323 4869 ἐπ’
354 4817 608 4891 ὠφελείᾳ
629 4819 742 4876 τῶν
771 4821 1099 4893 δεχομένων.

1926 3274 2050 3329 ideo
2078 3274 2235 3329 decet
2269 3273 2539 3342 ignorare,
2578 3270 2722 3341 quod
2774 3281 2993 3342 propter
3046 3272 3249 3341 ipsum,
3306 3279 3510 3324 tantam

1926 3368 2021 3422 tibi
2051 3366 2345 3436 potentiam
2374 3364 2604 3434 largitus
2634 3379 2774 3419 sum.
2808 3363 2900 3419 Est
2927 3365 3072 3420 enim
3103 3365 3196 3419 ille
3221 3364 3350 3417 mihi
3373 3380 3507 3417 cun-
3532 3404 3537 3409 .

1927 3460 2030 3514 ctis
2058 3474 2087 3514 e
2111 3458 2365 3529 gentibus
2400 3468 2618 3527 patrum
2653 3471 2879 3512 suorum
2919 3456 3088 3526 gloria
3117 3464 3171 3510 et
3234 3472 3508 3510 common.

1927 3551 2150 3607 datione
2181 3551 2424 3605 setectus.
2453 3549 2582 3603 Inde
2607 3564 2707 3619 ego
2733 3550 2787 3603 te
2820 3548 2984 3603 veluti
3024 3549 3341 3603 familiarem
3383 3547 3512 3600 mli

1927 3657 2050 3697 cum
2084 3642 2186 3698 mei
2214 3642 2383 3710 plane
2418 3641 2633 3709 ignarus
2679 3655 2819 3692 esses
2853 3647 2907 3692 et
2973 3639 3130 3692 avitae
3187 3638 3514 3693 idololatria:

1928 3742 2182 3797 sectator,
2211 3730 2485 3799 assumpsi
2511 3745 2526 3794 ;
2551 3744 2619 3782 ne
2651 3735 2757 3782 tute
2792 3727 2895 3782 ista
2926 3728 3167 3797 pristina:
3204 3727 3393 3795 pietati
3425 3726 3514 3779 de-

1925 3823 2037 3879 bita
2068 3822 2290 3893 rependi
2324 3817 2779 3893 putareleerum
2812 3818 3161 3886 quantumvis
3188 3828 3241 3871 tu
3265 3833 3343 3870 me
3375 3832 3514 3872 non—

1927 3915 2052 3970 dum
2079 3913 2252 3969 solum
2272 3928 2384 3967 esse
2416 3911 2586 3965 Deum
2632 3911 2933 3977 didiceris;
2971 3912 3054 3964 vel
3084 3924 3151 3964 ex
3202 3911 3286 3965 his
3343 3920 3511 3977 certe,

1926 4019 2048 4075 quae
2116 4009 2372 4074 gesturus
2419 4017 2541 4057 sum
2594 4000 2692 4055 tibi
2739 4001 3020 4070 patuerit;
3070 4000 3271 4070 quibus
3322 4015 3515 4056 omnes

1926 4111 2088 4149 unum
2111 4110 2193 4148 me
2213 4109 2345 4156 esse,
2367 4105 2571 4164 perque
2586 4100 2826 4157 exteros,
2844 4101 2897 4146 et
2926 4106 2957 4145 a
2989 4107 3109 4146 meo
3132 4092 3279 4146 cultu
3305 4093 3515 4148 alienos

1924 4203 2046 4259 quae
2084 4186 2245 4242 libuit
2284 4185 2517 4252 efﬁcere,
2549 4185 2811 4239 credituri
2840 4193 2965 4240 sunt
2991 4202 3007 4251 ;
3035 4184 3125 4254 qui
3162 4200 3256 4254 per
3289 4183 3516 4239 eosdem

1924 4278 2086 4334 etiam
2120 4278 2381 4348 pepulum
2414 4291 2617 4341 meum,
2650 4273 2871 4344 quando
2916 4275 3208 4353 opus_fuit,
3257 4285 3518 4345 tanquam
3603 4327 3615 4338 ,

1926 4371 2023 4424 ira:
2078 4378 2133 4425 et
2187 4369 2437 4435 tenebris,
2495 4375 2719 4439 propter
2768 4368 3131 4438 correptionis
3189 4368 3518 4434 molestiam,

1925 4460 2292 4517 tradiderim:
2348 4475 2473 4515 eum
2521 4470 2702 4514 autem
2754 4467 2903 4515 recte
2974 4467 3223 4531 agentem
3298 4476 3519 4515 servare

1928 4551 2134 4619 decuit,
2164 4550 2221 4605 in
2245 4551 2494 4605 eumdem
2553 4556 2777 4620 propter
2830 4550 3040 4619 adeptae
3082 4550 3349 4606 libertatis
3385 4551 3521 4604 lani-

1926 4647 2083 4713 tiam,
2116 4645 2285 4700 lucem
2341 4655 2389 4700 et
2416 4661 2596 4713 pacem
2651 4643 2855 4698 exoriri
2892 4643 3138 4699 fecerim.
3189 4643 3321 4700 Sum
3362 4628 3512 4700 enim

1921 4738 2071 4807 pacis
2103 4737 2330 4806 largitor
2362 4745 2410 4790 et
2447 4734 2621 4797 lucis;
2670 4733 3005 4787 tenebrarum
3039 4734 3259 4799 deinde,
3314 4746 3364 4788 el
3421 4750 3517 4788 eo-

1924 4845 2068 4894 rum,
2111 4826 2272 4897 512
2299 4840 2420 4896 qua:
2450 4825 2691 4879 dolorem
2718 4822 2996 4887 adferunt,
3022 4839 3142 4893 qua:
3180 4825 3341 4894 vulgo
3377 4824 3521 4877 mala

231 4909 418 4966 solent
441 4914 747 4984 appellari;
773 4930 1006 4986 quorum
1042 4932 1143 4988 ego
1171 4932 1273 4990 pro
1316 4919 1495 4976 meriti
1554 4920 1823 4993 cujusque
1862 4923 2099 4988 ratione,
2125 4921 2181 4975 in
2211 4935 2397 4976 eorum
2418 4917 2784 4983 commodum,
2858 4916 2949 4987 qui
3021 4917 3149 4971 talia
3212 4919 3517 4987 patiuntur.

229 5000 465 5059 eﬂ‘ector
494 5015 553 5061 et
580 5013 774 5062 auctor
808 5007 925 5079 ipse
943 5024 1087 5066 sum.

302 5093 474 5159 Τινὲς
516 5095 577 5149 δὲ
607 5097 734 5166 φῶς
777 5100 873 5154 καὶ
916 5104 1160 5172 σκότος,
1198 5107 1412 5180 ἡμέραν
1449 5111 1707 5182 εἰρήκασι
1734 5115 1831 5167 καὶ

2010 5107 2129 5164 Non
2156 5106 2355 5160 desunt
2385 5110 2590 5167 tamen,
2623 5101 2717 5170 qui
2745 5101 2879 5154 lucis
2909 5107 2962 5155 et
2988 5090 3322 5153 tenebrarum
3341 5093 3519 5152 norni-

228 5184 436 5242 νύκτα.
459 5188 533 5242 Οἳ
554 5190 650 5244 καὶ
673 5192 822 5246 κακά
841 5193 913 5247 τὰ
940 5196 1303 5268 ἐπενεχθέντα
1328 5204 1441 5266 τοῖς
1468 5202 1824 5269 Βαϐυλωνίοις

1938 5218 2028 5269 ne,
2060 5200 2203 5255 diem
2236 5204 2290 5252 et
2325 5203 2539 5248 noctem
2565 5199 2756 5261 putent
2779 5190 3100 5261 signiﬁcari,
3125 5206 3300 5260 eaque
3321 5195 3517 5245 damna

231 5276 396 5342 φασὶ,
428 5276 507 5330 δι’
536 5278 602 5347 ἦν
635 5280 983 5348 ἐπεδείξαντο
1004 5287 1146 5340 κατά
1175 5288 1284 5341 τῶν
1321 5289 1382 5353 ἐξ
1429 5289 1644 5363 Ἰσραὴλ
1686 5293 1828 5363 ἡλω-

228 5364 415 5421 κότων
453 5369 744 5440 ὠμότητα,
777 5373 852 5437 ὡς
891 5375 980 5430 διὰ
1007 5377 1279 5450 Ζαχαρίου
1317 5381 1409 5435 τὸν
1441 5381 1575 5437 Θεὸν
1613 5385 1830 5459 εἰρηκέ-

210 5530 241 5547 ’λ
293 5545 317 5579 ⁸
360 5545 530 5602 Psal.
565 5516 731 5617 Luxu,
757 5552 850 5609 Ἡ.

333 5736 363 5779 ll
394 5735 491 5791 ῗσ.
530 5737 689 5791 λείπ.
730 5739 815 5793 ἐκ.

1935 5295 2120 5359 etiam,
2157 5304 2278 5361 quae
2310 5285 2593 5356 Babylonii
2637 5282 2945 5354 patiuntur,
2980 5280 3103 5334 ideo
3134 5280 3346 5346 inferri,
3374 5284 3518 5348 quod

1938 5385 1992 5438 in
2026 5384 2274 5453 captivos
2312 5376 2592 5435 lsraelitas
2628 5374 2856 5430 nimium
2887 5389 2945 5429 sc
2976 5371 3271 5427 crudeliter
3329 5385 3517 5444 gesse.

1543 5651 1811 5709 .'VAlll.E
1865 5652 2276 5709 LECTIONES.
