4010 6302
282 293 434 362 2425

1398 294 1935 365 COMMENTARII
1968 303 2055 366 IN
2086 306 2377 371 ISAIAM.

3422 304 3569 368 2426

284 405 546 461 τοσοῦτον
572 403 1046 479 ἔργονπανταχοῦ
1074 407 1176 479 τῆς
1203 396 1534 482 οἰκουμένης
1570 410 1875 479 ὀνύσασιν;

1996 416 2158 501 ipsas,
2189 416 2242 473 id
2283 410 2700 483 est'Ecclesias,
2721 410 3013 471 renovavit.
3035 413 3253 483 Quibus
3280 415 3572 478 conveniet

285 499 455 563 Τινὲς
485 497 544 552 δὲ
564 497 744 563 οὕτως
767 498 980 554 ἄνωθεν
1018 499 1363 573 ἐξηγήσαντο
1392 517 1408 533 ο
1441 502 1561 573 Τὴν
1586 504 1770 560 αἰτίαν
1803 505 1884 559 δί-

284 588 429 644 δωσι
455 586 526 643 δι’
567 589 636 661 ἢν
687 586 1067 661 ἔνηνθρώπισε
1122 589 1330 658 λέγων·
1369 592 1512 662 Ἐγώ
1535 595 1655 664 ειμι
1690 597 1726 649 ὁ
1755 595 1882 650 κτίά

289 694 416 748 σας
439 694 535 736 σε.
569 680 646 734 Τὸ
673 679 732 733 δὲ
754 680 1024 752 εὶμὶμιὴν
1047 667 1221 753 ἆληθῆ
1251 682 1596 755 παρέστησεν
1627 685 1883 757 ὓπαρξιν,

286 774 390 828 καὶ
430 772 532 845 τὴν
586 771 757 837 ὅντως
807 767 974 827 οὖσαν
1000 771 1169 844 ζωήν.
1198 774 1454 829 Ἔκτισα
1481 774 1539 828 δέ
1563 790 1640 829 σε
1670 776 1758 830 ἐπ’
1781 777 1886 846 ἀφ.

290 865 523 936 θαρσίᾳ,
552 863 785 919 θάνατον
821 863 896 936 μὴ
926 865 1185 936 ποιήσας,
1222 865 1377 920 οὐδέν
1394 883 1456 920 τε
1486 866 1627 932 ζῶον
1655 867 1748 921 ἐπὶ
1779 868 1886 939 γῆς
1948 870 1951 871 ⁷

286 956 558 1021 ἀπέδειξα
588 955 996 1028 παραπλήσιον·
1028 955 1105 1009 σὲ
1132 955 1241 1026 γὰρ
1257 957 1456 1026 μόνον
1481 957 1563 1024 ὡς
1590 958 1886 1028 κεραμεὺς

292 1047 493 1119 χερσὶν
524 1046 688 1112 ἰδίαις
711 1046 1019 1101 διέπλασα
1042 1049 1108 1117 τῇ
1144 1049 1253 1120 ἐμῇ
1287 1049 1531 1119 τιμήσας
1552 1050 1723 1104 εἰκόνι
1748 1050 1886 1121 πρὸς

284 1143 362 1212 τῇ
409 1139 608 1194 πλάσει
651 1139 748 1193 τοῦ
806 1138 1080 1210 σώματος.
1140 1140 1278 1211 Περὶ
1320 1135 1387 1196 οὗ
1436 1142 1532 1195 καὶ
1582 1142 1718 1213 πρὸς
1760 1140 1887 1195 Ἱὼὸ

288 1230 572 1301 ἔφασκεν·
608 1249 628 1283 ι
652 1228 734 1293 Ἦ
767 1233 832 1285 σὺ
889 1229 1070 1294 λαϐὼν
1100 1241 1139 1270 ιιι
1189 1230 1436 1296 ἔπλασας
1463 1230 1622 1298 ζῶον,
1661 1234 1755 1287 καὶ
1787 1234 1884 1288 λα-

289 1324 458 1397 λητὸν
485 1323 618 1379 αὐτὸ
643 1323 767 1377 ἔθου
804 1323 901 1377 ἐπὶ
926 1324 1025 1394 τῆς
1047 1323 1150 1395 γῆς
1176 1339 1191 1390 ;
1222 1342 1241 1375 ι
1269 1324 1382 1377 Καὶ
1409 1323 1575 1377 Δαόιδ
1598 1324 1654 1378 δέ
1681 1342 1848 1396 φησιν
1867 1340 1887 1373 °.

297 1435 319 1469 ι
359 1415 714 1479 Ἠλάττωσας
745 1415 910 1468 αὐτὸν
940 1414 1119 1485 βραχύ
1134 1432 1184 1469 τι
1212 1414 1344 1486 παρ’
1377 1414 1668 1485 ἀγγέλους.
1693 1435 1714 1469 ›
1751 1414 1886 1470 Εἶτα

292 1511 416 1575 τοῖς
449 1508 509 1573 ἐξ
543 1506 764 1579 Ἰσραὴλ
807 1505 1137 1576 ἐγκαλοῦσιν
1191 1507 1340 1578 αὐτῷ
1372 1509 1473 1579 τὴν
1502 1509 1697 1563 ἐκτῶν
1728 1526 1887 1580 νομι-

1985 516 2041 564 et
2056 502 2201 571 illud
2233 524 2246 561 :
2285 505 2432 562 Num
2470 515 2698 579 propter
2731 522 2829 564 eos
2871 508 3082 579 pudore
3111 505 3439 567 adicientur,
3474 507 3567 577 qui

1986 607 2200 655 tantum
2235 614 2374 671 opus
2400 600 2606 670 ubique
2626 596 2912 654 terrarum
2947 595 3352 654 absolverunt?
3381 596 3573 667 Nequa

1986 705 2118 747 vero
2143 691 2367 756 desunt,
2403 691 2496 760 qui
2529 690 2662 746 sica
2694 687 2971 759 principio
3000 687 3297 757 explicent,
3352 695 3412 741 ut
3438 701 3573 742 cau-

1987 796 2127 847 sam,
2157 796 2265 851 qua
2289 781 2488 835 ductus
2519 779 2922 833 humanitatem
2952 779 3278 847 assumpsit,
3307 791 3432 830 eum
3460 775 3572 846 Ego

1986 889 2126 938 sum,
2158 872 2249 941 qui
2281 871 2454 926 creari
2485 878 2531 924 te
2557 868 2718 935 dicit,
2752 866 2940 922 allerri
2966 866 3310 923 existiment.
3345 863 3571 930 Deinde,

1986 970 2042 1021 et
2067 963 2289 1019 verbum
2308 978 2427 1016 sum
2454 954 2748 1037 adiecisse,
2782 968 2842 1014 ut
2868 973 3052 1015 veram
3083 973 3143 1020 se
3168 957 3573 1023 exsistentiam,

1985 1071 2289 1126 veramque
2323 1055 2491 1109 vitam
2536 1068 2662 1109 esse
2691 1052 3128 1107 demonstraret.
3151 1049 3424 1118 Denique,
3455 1048 3570 1117 for-

1987 1149 2130 1204 mavi
2162 1159 2211 1202 te
2248 1147 2478 1213 dixisse,
2515 1154 2576 1200 ut
2606 1145 2672 1199 ad
2707 1142 3183 1212 incorruptionem
3207 1156 3285 1202 se,
3307 1140 3401 1211 qui
3424 1155 3577 1194 mor-

1988 1249 2098 1297 tem
2139 1254 2252 1295 non
2299 1238 2531 1303 fecerit,
2578 1236 2781 1306 cuique
2818 1236 3030 1289 nullum
3076 1233 3131 1287 in
3185 1240 3332 1288 terra
3392 1231 3576 1287 simiie

1990 1332 2195 1387 animal
2219 1345 2343 1386 esse
2366 1328 2624 1393 voluerit,
2649 1341 2871 1383 creasse
2885 1324 3182 1395 iudicaret.
3202 1322 3272 1378 Te
3303 1323 3573 1392 siquidem

1989 1440 2156 1478 unum
2192 1421 2333 1479 meis
2378 1423 2500 1491 ipse
2535 1421 2815 1482 manibus,
2843 1416 3045 1486 inquit,
3088 1424 3345 1484 tanquam
3377 1413 3575 1483 ﬁgulus

1988 1511 2287 1581 eﬂ'ormavi,
2321 1524 2554 1579 meaque
2582 1516 2637 1563 te
2662 1505 2924 1579 imagine,
2949 1516 3075 1575 pOSt
3105 1504 3341 1560 ellictum
3374 1518 3576 1573 corpus

289 1599 413 1655 κῶν
462 1598 650 1653 τύπων
701 1599 1026 1671 ἀπαλλαγὴν
1072 1600 1210 1671 πρὸς
1250 1599 1509 1671 ἀληθείας
1569 1600 1884 1672 μετάθεσιν,

1996 1603 2224 1661 honoris
2260 1616 2395 1674 ergo
2432 1600 2655 1662 donavi,
2689 1607 2749 1652 ut
2781 1599 2847 1652 ad
2874 1594 3074 1651 Jobum
3107 1595 3382 1651 dicentem
3418 1609 3577 1665 repe-

287 1692 571 1757 δνειδίζει.
600 1691 828 1760 Ἔλεγον
883 1691 1016 1764 γὰρ,
1068 1710 1088 1744 ι
1122 1692 1185 1745 El
1215 1687 1285 1763 ἦν
1322 1684 1478 1757 οὗτος
1513 1693 1667 1763 παρὰ
1696 1692 1834 1748 Θεοῦ
1858 1693 1886 1745 6

1990 1696 2103 1752 rias
2121 1697 2207 1751 his
2221 1692 2432 1751 verbis:
2454 1712 2472 1746 ι
2498 1691 2639 1748 Num
2660 1699 2717 1746 tu
2745 1692 2861 1745 luto
2886 1698 3112 1759 accepto
3145 1688 3349 1743 tinxisti
3376 1687 3579 1742 animal

287 1777 606 1849 ἄνθρωπος,
664 1778 766 1832 οὐκ
816 1777 939 1831 ἔλυε
959 1779 1023 1833 τὸ
1052 1779 1357 1837 Σάϐϐατον.
1398 1799 1418 1833 ›
1477 1781 1740 1852 ’Λροτριᾷ
1777 1783 1888 1855 γάρ

1996 1796 2045 1846 et
2073 1788 2267 1845 vocale
2288 1788 2423 1844 illud
2446 1785 2683 1859 posuisti
2721 1785 2773 1839 in
2809 1795 2953 1839 terra
2981 1782 3067 1835 ἀἳ
3099 1800 3118 1834 ι
3158 1781 3222 1835 Et
3253 1781 3396 1851 apud
3422 1782 3579 1835 Davi-

288 1883 405 1936 τις,
433 1868 622 1940 φησὶν,
660 1869 759 1941 οὐχ
815 1869 905 1924 ῐνα
957 1870 1116 1942 μόνον
1170 1871 1497 1941 ἁροτριάσῃ
1536 1888 1550 1902 ·
1610 1873 1676 1927 ἐκ
1703 1874 1760 1928 δὲ
1778 1874 1888 1929 τῶν

289 1961 795 2035 καταϐαλλομένων
829 1963 1165 2035 σπερμάτων
1205 1964 1460 2036 καρποὺς
1509 1964 1890 2037 προσδεχόμε-

289 2070 411 2118 νος.
456 2052 632 2124 Κάγὼ
685 2048 877 2109 τοίνυν
928 2055 1098 2126 ὑμᾶς,
1133 2054 1210 2120 ὡς
1242 2056 1351 2127 γῆν
1395 2055 1773 2128 ὑλομανοῦσαν
1802 2057 1891 2113 διὰ

290 2142 402 2214 τὴν
429 2143 896 2217 είδωλολατρείαν,
918 2145 999 2217 τῷ
1020 2146 1271 2210 Μωσέως
1323 2147 1659 2216 ἠροτρίασα
1713 2147 1891 2219 νόμῳ,

289 2234 383 2307 τῷ
407 2236 528 2307 ἐμῷ
551 2236 1005 2309 προευτρεπίζων
1059 2237 1171 2304 Υἱῷ
1195 2237 1295 2309 τὴν
1325 2237 1434 2290 τῶν
1469 2237 1692 2308 ἀγαθῶν
1719 2255 1891 2311 σπερ-

296 2327 494 2399 μάτων
549 2328 881 2402 κατασολήν.
906 2329 972 2382 Τί
1006 2323 1100 2384 οὖν
1151 2328 1243 2383 διὰ
1291 2329 1495 2394 παντὸς
1528 2331 1622 2393 τὸν
1666 2330 1893 2400 ἀρότην

297 2420 564 2493 στέργετε
596 2422 783 2493 νόμον,
827 2423 916 2477 ὅτε
939 2423 1135 2495 καιρὸς
1162 2424 1261 2493 τῆς
1286 2423 1355 2477 δι’
1387 2422 1587 2488 ὕδατος
1608 2424 1704 2478 καὶ
1737 2423 1897 2479 πνεύ-

298 2529 476 2585 ματος
520 2514 914 2582 ἀναπλάσεωςς
969 2515 1108 2586 πρὸς
1147 2517 1214 2587 ἢν
1261 2514 1588 2580 ὑπείκοντας
1616 2516 1765 2586 ὑμᾶς
1793 2516 1895 2571 οὐκ

300 2605 441 2678 ἔχω,
474 2606 609 2678 μηδὲ
641 2605 734 2661 τὸν
764 2605 973 2676 πηλὸν
1025 2606 1272 2679 ὁρῶντας
1315 2606 1411 2660 τοῦ
1465 2607 1787 2677 κεραμέως,
1819 2608 1909 2674 ὡς,

296 2698 517 2753 ἐκείνου
563 2698 862 2753 πλάττεται
895 2715 955 2753 τε
982 2698 1080 2752 καὶ
1137 2697 1582 2769 μεταπλάττεται
1637 2699 1895 2771 νεύματι,

302 2790 481 2863 μηδὲν
500 2791 600 2862 τὴν
646 2791 1046 2863 δημιουργικὴν
1077 2790 1431 2861 μεμφόμενον
1476 2789 1666 2860 χεῖλοα.
1700 2791 1777 2854 ὡς
1794 2790 1897 2863 τῆς

298 2880 662 2946 ἀναπλάσεως
716 2881 1031 2952 ἐπιστήμην
1084 2881 1187 2934 ούκ
1235 2880 1505 2952 έχουσαν;
1532 2880 1649 2934 ἀλλ’
1714 2882 1835 2935 οὐδὲ
1868 2883 1897 2936 ὁ

297 2973 669 3046 τεχθήσεσθαι
695 2974 910 3046 μέλλων
927 2974 1261 3029 πυνθάνεται
1288 2974 1397 3028 τοῦ
1428 2974 1687 3042 πατέρος
1714 2976 1769 3028 sl
1784 2973 1899 3042 ἄρα

299 3066 615 3139 γεννήσει.
632 3066 698 3121 Τί
723 3063 819 3122 οὖν
850 3067 1013 3138 ὑμεῖς
1041 3067 1117 3139 μὴ
1148 3066 1227 3138 τῷ
1262 3066 1483 3121 πάντων
1511 3068 1890 3138 παραχωρεῖτε

1990 1880 2156 1937 dem:
2196 1897 2217 1932 ι
2256 1877 2506 1934 Minuisti
2540 1891 2667 1932 eum
2694 1875 2859 1946 paulo
2894 1871 3081 1928 minus
3109 1872 3179 1927 ab
3214 1870 3430 1941 angelis
3463 1870 3581 1940 glo-

1991 1974 2074 2029 ria
2094 1973 2161 2026 ".
2197 1990 2218 2025 ›
2246 1969 2516 2049 Israelitis
2538 1967 2758 2035 deinde,
2789 1965 2886 2038 qui
2912 1965 3119 2036 ﬁguras
3144 1978 3267 2019 eum
3296 1962 3498 2033 legales
3512 1966 3579 2015 ad

1991 2065 2280 2123 veritatem
2302 2063 2593 2118 traducere
2631 2060 3089 2120 criminarentur,
3130 2056 3450 2126 exprobrat.
3483 2052 3579 2107 Di-

1991 2157 2194 2213 cebant
2215 2155 2363 2210 enim
2394 2171 2409 2209 :
2441 2172 2462 2206 ι
2505 2150 2565 2207 Si
2586 2152 2677 2207 hic
2692 2151 2859 2207 homo
2887 2158 3035 2206 esset
3059 2163 3088 2202 a
3115 2147 3244 2214 Deo,
3276 2145 3579 2201 Sahbatum

1990 2263 2105 2305 non
2138 2248 2381 2304 solveret
2415 2245 2486 2302 ³⁸.
2526 2265 2546 2300 ι
2577 2245 2713 2299 Arat
2735 2244 2890 2299 enim
2922 2241 3188 2313 quis,ait,
3221 2256 3337 2296 non
3367 2247 3581 2293 tantum

1988 2354 2053 2399 ut
2083 2352 2232 2409 aret,
2269 2342 2367 2399 sed
2393 2348 2452 2395 ut
2492 2355 2562 2396 ex
2593 2339 2867 2394 mandatis
2908 2336 3077 2391 lmmo
3101 2334 3429 2398 seminibus,
3466 2330 3582 2385 fru-

1993 2440 2118 2489 ctus
2133 2434 2299 2489 etiam
2319 2431 2611 2503 percipiat.
2642 2428 2830 2498 Itaque
2853 2435 2911 2483 et
2943 2441 3044 2482 vos
3066 2440 3170 2497 ego
3191 2432 3355 2480 terra:
3383 2424 3579 2481 instar.

1996 2524 2197 2594 inquit,
2232 2529 2460 2594 propter
2492 2519 2863 2575 idololatriam
2884 2517 3249 2579 luxuriantis,
3279 2512 3587 2580 Mosislegc
3702 2522 3709 2529 '

1996 2616 2268 2681 subactos,
2293 2613 2436 2669 Filio
2463 2612 2630 2683 518
2649 2627 2764 2666 meo
2799 2610 2868 2665 ad
2903 2608 3065 2664 bonae
3091 2605 3356 2661 sementis
3386 2618 3588 2672 excep-
3698 2630 3701 2634 -
3740 2609 3748 2618 '

1996 2712 2202 2766 tionem
2253 2707 2580 2779 prmparavi.
2641 2704 2785 2771 Quid
2833 2702 3004 2775 igitur
3039 2700 3146 2771 ipsi
3202 2698 3389 2754 studio
3429 2704 3588 2749 tanto

1995 2803 2170 2873 legem
2202 2801 2259 2855 in
2289 2806 2558 2853 aratorem
2590 2810 2809 2867 semper
2838 2792 3093 2849 retinetis
3125 2807 3140 2856 ;
3193 2804 3306 2860 quo
3340 2796 3586 2856 tempore
3690 2829 3698 2837 .

1998 2890 2236 2945 maxime
2271 2903 2413 2959 aqua
2454 2897 2510 2943 et
2555 2888 2751 2957 spiritu
2790 2887 2845 2940 in
2895 2885 3128 2939 formam
3174 2882 3338 2936 aliam
3384 2879 3587 2933 mutari

1998 2978 2194 3048 valetis
2220 2995 2234 3045 ;
2264 2994 2427 3060 quam
2454 2979 2561 3048 ipsi
2588 2976 2863 3047 rcfugitis,
2887 2990 3026 3046 quos
3055 2975 3225 3039 latere
3253 2986 3359 3025 non
3385 2976 3586 3039 potest,

2003 3069 2172 3123 lutum
2210 3058 2740 3143 pro’ﬁgul‘iarhitrio
2768 3065 2932 3121 aliam
2965 3072 3131 3133 atque
3164 3061 3329 3115 aliam
3357 3058 3589 3129 ﬁguram

301 3131 644 3229 λημιουργῷ
685 3156 777 3212 τὺν
822 3131 1270 3229 τρδποντείδέναι
1309 3156 1409 3226 τῆς
1462 3131 1889 3222 ἀναπλᾶσεως,

2007 3160 2154 3231 pati;
2190 3131 2701 3230 nequ'e'quidquam
2730 3172 2878 3223 esse,
2907 3131 3057 3226 quod
3087 3150 3319 3207 artiﬁcis
3344 3164 3583 3208 manum.

302 3252 446 3323 περὶ
473 3245 541 3324 ἦς
564 3250 816 3322 λέγοντος
872 3250 975 3305 τοῦ
1026 3248 1265 3321 Χριστοῦ
1309 3251 1624 3321 Νικόδημος
1678 3249 1895 3320 ἐλεγενο

311 3363 335 3398 ι
357 3343 451 3413 Μὴ
484 3342 708 3398 δύναται
762 3342 1049 3414 ἄνθρωπος
1100 3342 1280 3413 γέρων
1295 3341 1371 3395 ὣν
1400 3342 1486 3421 είς
1542 3341 1663 3419 τὴν,
1690 3341 1899 3396 κοιλίαν

301 3434 414 3507 τῆς
443 3435 675 3506 μητέρος
703 3434 869 3513 αὐτού
909 3434 1167 3505 δεύτερον
1199 3432 1465 3489 εἰσελθεῖν
1497 3435 1593 3489 καὶ
1616 3423 1899 3505 ’γεννηθῆ-

302 3543 440 3593 ναι;
470 3549 492 3583 ›

2007 3259 2271 3320 tanquam
2323 3247 2562 3321 fingendi
2611 3246 2899 3303 scientiam
2935 3259 3042 3299 non
3096 3243 3312 3305 habeat,
3360 3253 3594 3309 arguere

2008 3339 2239 3396 audeat?
2269 3340 2338 3394 At
2372 3338 2596 3393 minime
2624 3339 2720 3410 qui
2750 3338 3068 3393 nasciturus
3102 3343 3208 3399 est,
3242 3348 3272 3387 a
3310 3343 3461 3403 patre
3495 3347 3594 3384 suo

2009 3441 2430 3510 generaturusne
2474 3432 2568 3499 sit,
2614 3430 2941 3500 postulabit.
2980 3426 3126 3495 Quid
3158 3426 3323 3497 igitur
3351 3424 3593 3480 omnium

1983 3524 2197 3595 ~opilici
2240 3524 2372 3589 Deo,
2419 3524 2644 3580 modum
2678 3522 2831 3577 illum
2879 3518 3153 3589 formandi
3200 3516 3439 3572 retinere
3483 3528 3597 3567 non

306 3621 645 3690 conceditis,
679 3622 748 3678 de
773 3638 884 3696 quo
905 3622 1188 3690 Christum
1214 3623 1516 3695 alloquitur
1542 3621 1902 3688 Nicodemus,
1941 3619 2072 3676 dum
2107 3621 2183 3676 ait
2211 3637 2225 3674 :
2268 3640 2287 3671 ‹
2314 3620 2468 3675 ‘Num
2499 3625 2683 3691 potest
2713 3618 2906 3681 homo,
2952 3602 3080 3670 cum
3163 3613 3235 3668 sit
3304 3623 3494 3676 senex,
3539 3608 3594 3661 in

308 3723 564 3774 ventrem
592 3718 920 3774 matrissuae
949 3719 1148 3774 iterum
1180 3718 1412 3784 intrare,
1443 3729 1500 3774 et
1533 3717 1755 3774 renasci
1778 3716 1867 3770 ὀἳ
1905 3709 1931 3769 ι’
1982 3726 1991 3734 ·

1986 3820 1995 3823 '
2077 3805 2136 3859 Si
2188 3803 2359 3860 tutum
2399 3811 2532 3868 ergo
2574 3794 2741 3865 ﬁgulo
2777 3788 3128 3854 succensuit,
3178 3787 3395 3858 inquit;
3440 3786 3599 3855 sique

288 3814 297 3819 ’
390 3812 455 3866 Et
476 3811 808 3883 ἐπετίμησεν
840 3810 956 3878 οὖν,
993 3813 1185 3881 φησὶν,
1221 3816 1255 3868 ὀ
1288 3813 1491 3883 πηλὸς
1520 3811 1601 3878 τῷ
1636 3809 1905 3882 κεραμεῖ,

310 3902 418 3960 καὶ
449 3902 629 3974 μήπω
674 3920 769 3971 τις
814 3903 1048 3974 τεχθεὶς
1091 3905 1347 3961 ἐπύθετο
1397 3905 1506 3960 τοῦ
1553 3904 1817 3982 πατέρος
1852 3904 1910 3957 τι

310 3995 553 4061 τέξεται
574 4012 590 4028 ο
617 3997 938 4069 ἐρωτήσατε
988 3997 1084 4051 καὶ
1102 3996 1261 4068 ὑμεῖς
1283 3997 1334 4049 οἱ
1361 3994 1613 4068 ἐσόμενοι
1641 4011 1743 4067 μου
1770 3992 1913 4047 κατὰ

312 4091 548 4161 καιροὺς
570 4088 677 4143 υίοί
704 4105 765 4143 τε
795 4089 891 4144 καὶ
914 4088 1238 4161 θυγατέρες,
1266 4089 1393 4144 τίνα
1425 4088 1589 4143 τοῦτο
1614 4088 1917 4159 γενήσεται

311 4182 545 4254 τρόπον.
597 4181 979 4237 Ἑντείλασθέ
997 4200 1100 4253 μοι
1128 4182 1227 4237 καὶ
1257 4181 1393 4251 περὶ
1423 4181 1542 4236 τῶν
1575 4180 1766 4250 ἔργων
1789 4179 1910 4233 τῶν

314 4271 539 4345 χειρῶν
591 4290 733 4343 μου.
774 4274 922 4329 Ἀντὶ
966 4272 1086 4338 τοῦ,
1119 4272 1409 4340 διατάξατε
1460 4271 1578 4336 πῶς
1631 4271 1908 4343 ποιητέον,

313 4368 399 4432 ὦς
434 4366 738 4436 ἀγνοοῦντι.
765 4366 901 4437 Σιγῇ
943 4366 1052 4438 ἄρα
1100 4363 1241 4437 μετὰ
1273 4365 1487 4420 Παύλου
1520 4365 1747 4439 ῥητέον·
1793 4383 1813 4417 ι
1844 4365 1910 4417 Ὢ

320 4457 492 4531 βάθος
536 4458 772 4513 πλούτου
822 4460 918 4512 καὶ
948 4458 1139 4527 σοφίας
1159 4457 1257 4512 καὶ
1284 4456 1542 4527 γνώσεως
1568 4456 1737 4512 Θεοῦῐ
1767 4475 1786 4508 ι
1815 4456 1911 4510 καὶ

2008 3898 2254 3957 nondum
2276 3895 2330 3948 in
2359 3893 2536 3948 lucem
2568 3887 2754 3944 editus
2787 3900 2919 3956 puer
2943 3901 2977 3965 a
3004 3893 3155 3953 patre
3182 3897 3301 3947 suo,
3332 3878 3462 3951 quid
3504 3879 3598 3931 ille

2008 3994 2290 4066 geniturus
2320 3987 2414 4050 sit,
2436 3982 2694 4056 quaesivit
2727 4000 2741 4035 :
2770 3980 3113 4049 interrogate
3138 3984 3191 4030 et
3217 3974 3344 4044 ipsi,
3379 3972 3473 4043 qui
3500 3971 3597 4025 lilii

2011 4061 2066 4139 et
2102 4081 2229 4136 ﬁlia:
2249 4073 2554 4147 aliquando
2582 4070 2714 4126 mihi
2735 4068 2915 4134 eritis,
2934 4077 3175 4138 quanam
3197 4062 3350 4141 istud
3381 4061 3602 4116 ratione

2017 4171 2265 4226 futurum
2310 4166 2403 4222 sit.
2457 4161 2715 4219 Mandate
2771 4159 2903 4214 mihi
2938 4166 3203 4230 praeterea
3253 4159 3320 4210 de
3355 4154 3601 4224 operibus

2017 4277 2276 4317 manuum
2316 4273 2558 4313 mearum
2584 4270 2604 4310 :
2648 4253 2705 4309 id
2734 4261 2841 4319 est,
2879 4251 3038 4315 mihi,
3077 4261 3340 4319 tanquam
3384 4247 3599 4318 ignaro,

1990 4353 2221 4426 ‘agendi
2264 4350 2490 4407 modum
2535 4346 2786 4404 statuite.
2828 4346 2929 4400 Est
2972 4342 3217 4417 profecto
3261 4356 3386 4396 cum
3430 4337 3605 4392 Paulo

2017 4448 2182 4504 tacite
2238 4442 2540 4501 dicendum
2575 4455 2592 4492 :
2630 4458 2650 4492 ι
2683 4437 2729 4494 Ο
2757 4436 2992 4492 altitudo
3030 4433 3347 4490 divitiarum
3373 4471 3388 4495 ,
3418 4440 3474 4486 et
3512 4443 3607 4485 sa-

284 4634 291 4639 _
316 4524 394 4606 τὰ
417 4551 511 4622 ἐφ’
536 4551 684 4624 ἑξῆς,
717 4552 911 4624 ἑτέρας
932 4524 1114 4621 λέγειν
1141 4524 1635 4622 παραγγελλούσης
1664 4549 1898 4623 Γραφῆς

2022 4539 2264 4612 ρίοηιὶαξ,
2307 4544 2362 4592 et
2409 4532 2660 4591 scientia:
2682 4530 2775 4586 Dei
2807 4530 2888 4585 ³⁸1
2940 4548 2960 4581 ι
2997 4535 3304 4595 cateraque
3327 4524 3440 4589 illa,
3481 4537 3607 4592 quae

330 4663 354 4697 ο
374 4644 500 4699 Ὀτι
518 4645 705 4700 ’πάντα
723 4643 972 4709 δύνασαι,
1020 4644 1280 4698 ἀδυνατεῖ
1306 4643 1364 4698 δέ
1393 4660 1476 4697 σοι
1506 4643 1682 4698 οὺδέν.
1710 4660 1730 4695 ›
1759 4638 1917 4697 Οἶδεν

320 4734 441 4806 γὰρ
499 4736 837 4806 μεταποιεῖν,
889 4733 1032 4788 καθὰ
1089 4733 1179 4788 διὰ
1216 4732 1312 4788 τοῦ
1389 4732 1653 4802 Ἰεζεκιήλ
1713 4749 1914 4804 φησιν,

321 4828 420 4882 ὅτι
453 4845 473 4879 ι
501 4827 799 4883 Ἐκσπάσω
824 4829 924 4900 τὴν
974 4827 1202 4898 καρδίαν
1244 4828 1428 4882 αὐτῶν
1458 4827 1558 4899 τὴν
1605 4826 1815 4898 λιθίνην
1853 4827 1920 4881 ἐκ

322 4921 432 4993 τῆς
454 4921 654 4993 σαρκὸς
678 4921 879 4986 αὐτῶν,
905 4920 1004 4976 καὶ
1030 4919 1190 4975 δώσω
1233 4920 1419 4984 αὐτοῖς
1457 4919 1688 4991 καρδίαν
1734 4918 1925 4989 σαρκί-

2018 4642 2350 4704 sequuntur.
2398 4626 2558 4696 Quod
2594 4634 2648 4681 et
2687 4624 2821 4680 alibi
2858 4621 3148 4691 Scriptura
3195 4619 3440 4684 indicat,
3479 4631 3605 4671 cum

1993 4718 2096 4781 Lait
2125 4744 2139 4781 :
2173 4744 2192 4779 ι
2223 4721 2421 4779 Omnia
2450 4726 2632 4791 putes,
2668 4731 2846 4786 neque
2887 4704 3186 4785 quidquam
3214 4722 3319 4777 est,
3352 4708 3499 4781 quod
3528 4707 3609 4764 el—

2018 4817 2186 4873 ﬁcere
2215 4829 2325 4869 non
2347 4824 2522 4883 queas
2542 4810 2609 4862 ²¹.
2635 4826 2655 4860 ι
2689 4804 2855 4861 Novit
2888 4804 3037 4859 enim
3070 4805 3125 4857 in
3151 4801 3348 4857 melius
3369 4813 3617 4855 commu-

2019 4919 2159 4976 tare,
2184 4916 2240 4963 et
2274 4907 2618 4968 instaurare;
2652 4900 2803 4955 sicut
2853 4896 2999 4967 apud
3031 4894 3368 4950 Ezechielem
3410 4892 3466 4945 in
3497 4890 3611 4944 haec

288 5022 295 5027 ‘
485 4976 578 5068 τοῦ
614 4976 815 5068 ε’ίδέναι
865 4976 1067 5077 αὐτοὺς
1117 5012 1240 5085 ἐμὲ,
1272 5013 1355 5067 ὅτι
1381 4976 1495 5082 ε’γὼ
1523 4976 1746 5083 ιξύριος.
1773 4976 1898 5064 ›“Διὲ

2028 5001 2198 5058 verba
2236 4997 2471 5068 legimus
2506 5009 2521 5047 :
2561 5010 2580 5044 ι
2609 4989 2857 5044 Evellam
2879 5000 2977 5041 cor
3002 4998 3194 5040 eorum
3242 4979 3518 5050 lapideum
3543 4976 3612 5031 de

324 5069 545 5178 statam
574 5105 710 5160 ἰδίαν
733 5069 1179 5176 ἐπιδεικνύμενος
1200 5069 1452 5176 δύναμιν,
1486 5069 1637 5175 Ἐγῶ
1660 5069 1898 5172 ἐποίησε

2030 5106 2199 5151 carne.
2222 5102 2438 5153 eorum,
2467 5093 2524 5142 et
2556 5083 2702 5138 dabo
2726 5081 2837 5137 illis
2865 5093 2964 5135 cor
2991 5090 3282 5139 carneum,
3302 5080 3363 5127 ut
3396 5070 3498 5142 ipsi
3524 5069 3611 5124 vi-

278 5186 283 5191 .
328 5196 474 5270 γῆν,
497 5162 607 5252 καί
629 5197 947 5267 ἄνθρωπον
983 5162 1090 5252 ἐπ”
1124 5162 1573 5269 αύτῆςίὈΙγὰρ
1603 5196 1795 5259 κτίσας
1820 5162 1898 5251 ’κα

2032 5183 2197 5239 deant
2232 5195 2338 5245 me,
2384 5176 2516 5248 quia
2547 5189 2648 5246 ego
2682 5186 2807 5227 sum
2847 5168 3119 5223 Dominus
3142 5166 3207 5219 ⁸³.
3252 5183 3272 5215 ι
3320 5162 3513 5231 Itaque
3556 5167 3613 5213 ct

327 5248 1305 5359 sitsi..."attigs;saga:
1320 5248 1486 5343 at;
1503 5248 1716 5358 est;
1736 5248 1837 5341 .5.
1851 5248 1898 5339 δι

2002 5326 2005 5327 ν
2033 5289 2190 5334 suam
2232 5272 2351 5342 ipse
2395 5267 2658 5324 virtutem
2686 5262 3102 5323 demonstrans,
3128 5265 3323 5309 terram
3353 5267 3409 5306 se
3434 5261 3485 5305 et
3515 5248 3612 5303 fw—

327 5342 501 5435 οὖ
513 5342 702 5434 ὦτοι
719 5342 1022 5449 πεποίηκεν
1033 5342 1191 5431 ΫΥίῶ.
1212 5342 1352 5446 ιήΤῷ
1374 5374 1536 5445 Λόγῳ
1550 5342 1692 5445 ’γαρ
1711 5368 1898 5442 Κυρίοι

2030 5368 2223 5422 minem
2244 5364 2301 5418 in
2337 5378 2400 5418 ea
2443 5358 2625 5429 fecisse
2678 5353 2778 5409 ait.
2826 5348 3019 5405 Potest
3072 5346 3219 5403 enim
3261 5342 3406 5399 idem
3446 5342 3614 5397 etiam

384 5474 458 5529 ’⁸⁸
502 5492 607 5550 Job
664 5510 721 5558 ι,
745 5493 800 5550 9.
875 5494 921 5526 ⁸⁷
963 5492 1103 5549 Psal.
1135 5508 1254 5558 vm,
1288 5492 1356 5559 6;
1399 5489 1647 5555 llebrm,
1692 5486 1743 5541 7.
1821 5484 1898 5549 ’⁸,

1996 5496 2060 5536 ιιι.
2099 5478 2281 5546 11,16.
2356 5476 2402 5507 ”
2425 5470 2581 5530 Joan.
2615 5483 2698 5543 tu,
2722 5466 2774 5520 4.
2852 5462 2897 5495 ³ο
2927 5459 3087 5516 Rom.
3119 5473 3196 5523 χι,
3229 5456 3322 5515 '53.
3396 5453 3438 5487 ³¹
3472 5450 3606 5522 Sap.

278 5588 420 5637 κῃ,
455 5566 542 5624 l8.
618 5564 665 5599 ³⁸
688 5563 891 5622 Ezech.
926 5579 1006 5632 xu,
1036 5562 1123 5630 l9,
1169 5564 1262 5619 20.
1833 5610 1839 5616 .

1304 5678 1313 5693 ι
1624 5646 1860 5707 VIA-Rm}
1895 5647 1898 5653 “

1996 5640 2296 5702 CTIONE’Sa

448 5746 485 5769 π’
519 5750 608 5808 ιον.
640 5749 799 5806 λειπ.
847 5745 1043 5820 πηλόν.
