3946 6306
201 325 356 392 9429

1353 322 1886 386 COMMENTARII
1926 321 2008 382 ΙΝ
2051 321 2336 382 ISAIAM.

3335 310 3478 375 2430

220 442 497 512 Ἰσραὴλ,
525 443 600 508 ὡς
635 444 800 500 πάλαι
822 443 1136 498 σεσωκότα
1202 443 1308 495 τὸν
1339 441 1598 510 Ἰσραήλ·
1621 441 1790 512 ἦγονν
1820 495 1822 503 λ

1927 440 2278 512 djiciuntur:
2328 435 2531 507 quibus
2573 433 2889 488 salvatorem
2922 427 3144 484 lsraelis
3187 441 3312 482 eum
3357 441 3479 480 esse

207 536 239 588 Ἰ
253 535 424 605 τραὴλ
441 534 673 605 ληπτέον
689 534 782 586 νῦν
805 533 896 586 τὸν
911 533 1122 602 ὁρῶντα
1138 533 1291 586 Θεὸν.
1331 549 1348 582 ι
1371 533 1444 584 Οὐ
1464 531 1571 602 γὰρ
1595 531 1795 593 πάντες

1901 543 2160 604 tanquam
2220 531 2314 601 qui
2369 530 2554 600 ipsum
2598 527 2730 583 olim
2807 523 3060 587 servarit,
3128 519 3476 590 proﬁtentur.

206 628 261 680 οί
287 628 347 694 ἐξ
391 625 668 694 Ἰσραὴλ,
698 619 848 680 οῦτοι
889 625 1132 696 Ἰσραήλ.
1175 642 1195 676 ι
1229 626 1291 677 Ui
1322 623 1378 677 δὲ
1406 623 1799 693 ἀνθεστηκότες

1925 623 2014 680 lisi
2077 623 2238 678 malis
2291 635 2441 676 nunc
2493 617 2717 674 Israeiis
2763 615 3146 687 appellatione,
3207 627 3360 674 eum,
3386 610 3480 680 qui

212 719 392 792 αὐτῷ,
432 720 533 790 τὴν
560 716 727 772 αὑτοῦ
760 717 835 788 μὴ
861 717 1221 787 ἀδικήσαντες
1243 715 1427 780 δόξαν,
1459 716 1796 783 αἰσχύνον-

209 827 332 865 ται·
357 809 572 862 ἔσονται
599 809 707 881 γὰρ
743 810 824 871 εἰς
849 807 1040 878 ὅρασιν
1059 808 1208 878 πάσῃ
1236 806 1423 878 σαρκί.
1458 807 1592 860 Ἀπὸ
1609 806 1666 858 δὲ
1684 803 1802 858 τῶν

213 902 560 970 Διτυπτιων
620 901 716 952 καὶ
752 898 862 951 τῶν
909 899 1148 970 ὁμόρων,
1195 899 1288 952 ἐπὶ
1324 897 1389 951 τὸ
1429 896 1666 950 καθόλου
1694 896 1804 950 τῶν

219 994 395 1048 ἐθνῶν
414 993 504 1048 τὸν
518 991 676 1061 λόγον
693 992 960 1063 ἀνήγαγε,
984 992 1221 1060 νήσους
1235 990 1417 1044 καλῶν
1433 990 1532 1054 τὰς
1553 989 1614 1054 ἐξ
1631 988 1804 1042 ὲθνῶν

232 1083 560 1154 Ἐκκλησίας
576 1083 684 1136 τῶν
708 1082 1210 1153 ἑγκεκαινισμένων
1233 1084 1313 1145 εἰς
1325 1081 1620 1149 καινότητα
1636 1079 1800 1149 ζωῆς,

221 1176 582 1248 ἀποθεμένων
611 1175 709 1248 τὴν
726 1175 1086 1248 παλαιότητα,
1106 1174 1320 1228 Παύλου
1352 1173 1802 1247 προστάττοντος

233 1267 568 1321 Ἐκδύσασθε
631 1267 720 1321 τὸν
779 1267 1012 1322 παλαιὸν
1086 1265 1403 1337 ἄνθρωπον·
1475 1266 1569 1319 καὶ
1621 1263 1803 1318 πάλιν·

233 1359 562 1415 Ἐνδύσασθε
620 1360 712 1413 τὸν
740 1361 863 1413 νέον
886 1360 976 1413 τὸν
997 1346 1456 1430 ἀνακαινούμενον
1487 1355 1605 1412 κατ’
1623 1357 1809 1410 εἰκόνα

221 1452 324 1506 τοῦ
377 1452 664 1516 κτίσαντος
685 1452 868 1506 αὐτόν.
903 1451 1016 1505 Kal.
1046 1451 1208 1506 πάλιν
1230 1467 1246 1482 ·
1294 1447 1712 1504 Ἀνακαινοῦσθε
1740 1449 1806 1518 τῇ

221 1542 596 1596 ἀνακαινώσει
645 1542 738 1596 τοῦ
779 1543 898 1606 νοὸς
949 1543 1126 1612 ὑμῶν.
1169 1526 1594 1612 Ἐγ-καινισμὸς
1629 1535 1721 1593 οὖν
1743 1538 1812 1592 τά

223 1633 354 1687 καθ’
389 1635 550 1702 ἡμᾶς,
580 1651 599 1684 ι
633 1632 781 1697 εἴτις
807 1637 866 1686 ὲν
885 1633 1105 1706 Χριστῷ
1124 1633 1284 1706 καινὴ
1299 1634 1497 1695 κτίσις.
1532 1651 1553 1684 ι
1581 1631 1735 1692 Τινὲς
1754 1630 1812 1684 δὲ

223 1725 340 1778 ἀπὸ
360 1725 476 1788 τοῦ,
496 1725 584 1794 μὴ
606 1728 639 1778 ὀ
662 1724 1155 1793 ἀροτριῶν,οὓτως
1170 1724 1508 1795 ἐξηγήσαντο
1531 1739 1545 1753 ·
1567 1719 1811 1793 Παραὸοι

223 1816 400 1880 λικῶς
431 1818 802 1888 προτρέπεται
837 1817 1037 1880 αὐτοὺς
1060 1817 1409 1886 δικαιοσύνης
1440 1815 1628 1886 φέρειν
1673 1829 1809 1884 καρ-

225 1909 387 1971 πούς.
435 1907 630 1960 Θέλετε
687 1908 796 1976 γάρ
823 1925 912 1978 με,
952 1909 1105 1977 φησὶ,
1143 1908 1305 1978 μόνον
1340 1903 1626 1976 ἀροτριᾷν
1655 1901 1810 1973 ὑμῶν

223 2000 333 2062 τὰς
355 1998 555 2070 ψυχὰς,
577 1998 791 2070 καρπὸν
812 1999 1016 2070 μηδένα
1043 1999 1400 2070 παρέχοντες.
1423 1991 1812 2050 Εἶταπαιδεύει

227 2093 434 2174 αὐτοῦς
463 2095 576 2157 τοῖς
605 2093 698 2146 τοῦ
735 2091 870 2146 Θεοῦ
905 2093 1166 2163 περὶτῶν
1186 2089 1357 2146 ἐθνῶν
1384 2091 1555 2144 εἴκειν
1590 2089 1814 2160 βουλεύ-

231 2199 394 2254 μασι,
426 2183 579 2253 μήτε
611 2184 812 2252 πηλοῦ
838 2184 1233 2254 ἀνθισταμένον
1262 2183 1343 2250 τῷ
1367 2183 1631 2250 πλάστῃ,
1675 2182 1813 2252 μήτε

228 2276 434 2328 τέκνον
484 2275 716 2346 πατέρα
770 2275 1071 2340 κωλύοντος
1126 2275 1159 2346 ἢ
1200 2274 1425 2344 μητέρα
1489 2272 1815 2337 σπεύδοντας

231 2367 381 2439 προς
440 2366 616 2422 ἄλλων
673 2368 802 2422 υἱῶν
846 2368 1224 2433 παιδοποιίαν,
1283 2367 1416 2438 μηδὲ
1458 2365 1664 2436 μέμψιν
1722 2363 1816 2417 ἐπὶ

230 2461 415 2532 τούτῳ
439 2461 829 2532 προσάγοντος.
864 2462 921 2515 Ὀ
945 2463 1176 2531 ποιήσας
1202 2460 1279 2526 δὲ,
1307 2460 1462 2529 φησι,
1485 2458 1557 2512 τὰ
1576 2457 1820 2527 ἐπερχό-

227 2570 396 2626 μενα
453 2554 544 2608 art
581 2554 682 2624 τῆς
735 2553 1121 2624 προγνώσεως,
1165 2551 1432 2605 δυσωπῶν
1483 2551 1682 2614 αὐτοὺς
1740 2551 1820 2614 είς

232 2643 567 2712 κατανόησιν
621 2642 721 2712 τῆς
757 2642 892 2703 ἰδίας
939 2641 1248 2710 δυνάμεως.
1282 2639 1466 2693 Ἔστω
1495 2641 1626 2709 γὰρ,
1660 2641 1818 2708 φησὶ,

235 2732 516 2788 ποιοῦντι
564 2733 708 2802 ὑμᾶς
751 2733 847 2788 καὶ
893 2733 1223 2787 πλάττοντι
1263 2733 1323 2786 ού
1354 2731 1821 2803 παρηκολουθεῖτε

232 2827 310 2894 τῇ
335 2822 564 2892 γνώσει·
597 2823 670 2894 μὴ
692 2825 786 2876 καὶ
832 2824 1256 2895 προαγορεύοντι
1281 2825 1350 2877 τὰ
1374 2824 1638 2895 μέλλοντα
1683 2823 1822 2875 ἀπι-

235 2916 472 2985 στήσετε
500 2931 517 2980 ;
559 2915 703 2969 κατά
724 2915 888 2987 μέρος
932 2916 1034 2986 μὲν
1077 2915 1187 2987 γὰρ
1207 2917 1498 2986 γίνεταιτά
1526 2916 1786 2986 γινόμενα
1806 2932 1820 2947 ·

234 3007 418 3078 ἀθρόα
438 3007 498 3060 δὲ
519 3007 672 3077 αὐτῷ
694 3007 1020 3077 ΙΙΕνιηγνῶσίς
1055 3009 1173 3060 ἐστι
1198 3009 1330 3080 παρ’
1372 3008 1519 3078 ἐμοί.
1571 2990 1717 3078 Πλὴν
1749 3007 1824 3076 μὴ

1901 716 2073 772 Deum
2107 714 2312 779 videat,
2357 709 2654 781 signiﬁcari
2715 715 2934 778 putare,
2958 720 3082 759 eum
3131 718 3240 759 non
3291 715 3483 757 omnes

1901 824 2027 866 esse
2070 808 2374 870 lsraelitas,
2410 803 2506 874 qui
2553 818 2617 858 ex
2657 799 2864 858 lsraele
2915 805 3069 861 sunt,
3104 795 3380 852 scribatur
3413 792 3482 846 δ’.

1903 896 2172 953 Caeterum
2205 896 2299 965 qui
2332 895 2383 949 ei
2433 891 2707 948 adversati
2759 897 2912 954 sunt,
2965 901 3090 943 cum
3139 886 3261 957 eius
3302 886 3490 958 gloria

1905 987 2123 1044 allicere
2171 985 2540 1056 nequiverint,
2591 981 3002 1053 confundentur.
3039 978 3213 1034 Erunt
3241 978 3387 1034 enim
3429 977 3495 1032 in
3552 965 3562 980 ’

1905 1091 2262 1148 conspectum
2319 1079 2592 1134 universae
2642 1077 2830 1130 carni.
2886 1074 3210 1128 Orationem
3253 1085 3386 1125 vero
3417 1068 3499 1125 ab

1909 1169 2178 1241 Egyptiis
2199 1182 2499 1238 eorumque
2523 1167 2721 1222 vicinis
2763 1165 2830 1220 ad
2857 1164 3077 1234 generis
3121 1161 3362 1216 universi
3395 1174 3492 1214 na-

1908 1264 2085 1320 tiones
2115 1261 2414 1325 transtulit,
2453 1275 2576 1315 cum
2600 1258 2900 1313 insularum
2931 1255 3175 1318 nomine,
3221 1251 3489 1307 eonilatas

1908 1371 1940 1412 e
1983 1356 2241 1426 gentibus
2289 1352 2588 1415 Ecclesias,
2619 1350 2713 1420 qui
2761 1349 2942 1419 posito
2999 1347 3170 1402 veteri
3205 1344 3402 1400 exuvio
3433 1344 3489 1398 in

1876 1447 2037 1502 'vitm
2064 1446 2362 1503 novitatem
2392 1444 2636 1498 renovati
2685 1449 2837 1505 sunt,
2885 1455 3011 1495 cum
3054 1437 3220 1492 Paulo
3275 1433 3491 1504 signiﬁ-

1911 1539 2094 1604 cavit;
2136 1537 2218 1592 uti
2247 1544 2483 1590 veterem
2523 1533 2798 1587 hominem
2829 1542 3032 1600 ponere
3079 1527 3172 1598 qui
3199 1540 3400 1580 novum
3423 1523 3490 1577 ad

1913 1629 2193 1685 Creatoris
2239 1625 2531 1695 imaginem
2588 1623 2955 1677 instauratum
2996 1617 3222 1673 induere
3269 1614 3334 1678 “,
3395 1611 3492 1681 qui

1915 1721 2151 1791 denique
2200 1716 2457 1772 renovari
2513 1715 2864 1770 renovatione
2881 1697 3122 1772 mentis,
3171 1708 3402 1776 imperat
3422 1702 3488 1756 δτι

1915 1814 2025 1884 Ipsi
2053 1826 2185 1881 ergo
2213 1825 2395 1865 sumus
2432 1805 2690 1868 innovati,
2729 1805 2775 1858 si
2807 1817 2915 1872 qua
2970 1801 3024 1854 in
3075 1799 3300 1853 Christo
3352 1806 3506 1848 nova;

1912 1913 2166 1959 creatura
2191 1900 2257 1955 “.
2291 1897 2548 1953 Nonnulli
2581 1911 2612 1951 a
2642 1895 2822 1950 verbis
2853 1894 2996 1955 istis,
3028 1905 3200 1945 nonne
3227 1888 3320 1958 qui
3346 1895 3493 1953 arat,

1913 1995 1987 2049 ita
2025 1992 2328 2062 explicant,
2377 1995 2438 2042 ut
2491 1985 2855 2042 similitudine
2886 1982 2954 2037 ad
2990 1981 3218 2052 justitiae
3265 1977 3497 2032 .i'ructus

1912 2085 2156 2140 edendos
2185 2078 2466 2134 adhortari
2509 2076 2702 2130 velint.
2735 2074 2919 2128 Vultis
2961 2072 3106 2126 enim
3149 2084 3253 2134 me,
3293 2067 3495 2136 inquit,

1914 2176 2129 2230 animas
2196 2182 2412 2226 vestras
2501 2183 2660 2221 arare
2726 2171 2979 2229 tantum;
3040 2160 3252 2214 fructus
3313 2165 3496 2211 autem

1915 2269 2099 2325 nullos
2141 2264 2324 2322 edere.
2375 2259 2500 2322 Illas
2549 2271 2767 2315 rursum
2818 2252 2914 2312 Dei
2945 2251 3204 2314 consilio,
3254 2247 3398 2321 quod
3431 2247 3500 2303 de

1917 2362 2184 2418 Gentibus
2220 2358 2422 2422 innuit,
2463 2355 2660 2412 cedere
2697 2349 2994 2422 praecepit;
3052 2345 3274 2418 quando
3327 2358 3503 2412 neque

1921 2455 2090 2509 lutum
2121 2450 2283 2521 ﬁgulo
2314 2460 2618 2518 repugnare
2659 2444 2866 2506 soleat;
2901 2454 3079 2516 neque
3125 2447 3354 2507 patrem,
3406 2443 3498 2488 aut

1920 2556 2142 2601 matrem
2199 2543 2268 2597 ad
2321 2556 2522 2596 novam
2571 2539 2810 2593 ﬁliorum
2864 2532 3302 2604 procreationem
3344 2525 3500 2580 festi-

1921 2645 2118 2693 nantes
2163 2633 2453 2704 impedire,
2498 2642 2733 2699 eamque
2780 2636 2897 2679 rem
2942 2621 3054 2676 illis
3110 2619 3246 2672 vitio
3291 2624 3507 2670 vertere

1923 2730 2090 2784 illius.
2147 2725 2303 2791 Quod
2353 2731 2536 2777 autem
2573 2729 2796 2775 ventura
2845 2713 3043 2770 fecisse
3080 2709 3238 2772 dixit,
3271 2707 3337 2762 ad
3370 2719 3510 2776 pra-

1923 2819 2214 2876 seientiam
2268 2815 2481 2877 retulit,
2526 2820 2585 2867 ut
2620 2809 2832 2882 pudore
2873 2805 3112 2862 excitato
3169 2799 3392 2856 eosdem
3438 2795 3508 2851 ad

1924 2922 2039 2970 suae
2065 2910 2290 2966 virtutis
2317 2905 2837 2975 contemplationem
2866 2901 3152 2971 provocet.
3174 2892 3308 2947 Esto
3336 2889 3507 2952 enim,

1925 3004 2145 3073 inquit,
2195 3001 2338 3072 ejus,
2375 2999 2468 3071 qui
2507 3013 2603 3052 vos
2640 2995 2789 3064 fecit,
2820 3000 2875 3046 et
2921 2987 3201 3060 formarit,
3234 2979 3508 3052 cognitio-

233 3069 529 3168 ἀπογνῶτε
580 3069 680 3170 τὴν
738 3069 1037 3171 σωτηρίαν,
1059 3099 1136 3164 ὡς
1164 3101 1229 3158 ἄν
1259 3069 1326 3164 με
1363 3069 1548 3154 λαθεῖν
1571 3069 1822 3171 uua-prcit;

1929 3110 2052 3151 nem
2106 3109 2215 3148 non
2257 3069 2693 3151 estisassecuti,
2746 3097 2930 3138 annon
2974 3087 3029 3134 et
3077 3077 3127 3132 ei
3189 3075 3380 3137 etiam,
3415 3069 3511 3140 qui

235 3205 425 3253 νοντες
459 3190 532 3260 μὴ
554 3189 864 3259 δυνάμενοι.

1919 3187 2104 3242 futura
2153 3180 2445 3252 praedicit,
2503 3177 2664 3232 ﬁdem
2715 3167 3115 3242 denegabitis?
3174 3161 3512 3252 Singillatim

237 3281 392 3336 enim
419 3282 601 3353 omnia
625 3296 748 3351 quae
777 3282 1042 3348 existunt,
1081 3280 1386 3338 efficiantur
1428 3282 1688 3352 quidem;
1724 3281 1822 3337 sed
1860 3291 2053 3336 eorum
2081 3249 2371 3330 confertim
2402 3279 2516 3324 tota
2553 3267 2685 3322 mihi
2711 3266 2766 3320 in
2790 3266 3050 3334 promptu
3089 3264 3177 3312 est
3249 3249 3508 3324 cognitio.

239 3374 485 3429 Tantum
507 3375 610 3443 ipsi
644 3372 840 3427 salutis
874 3347 1033 3441 Spem
1053 3387 1161 3427 non
1199 3371 1355 3442 521
1392 3347 1820 3444 abjiciatist;qui
1860 3353 2196 3438 nepeccare
2229 3364 2474 3435 quidem,
2503 3358 2651 3430 quod
2719 3372 2808 3412 me
2861 3355 3053 3417 lateat,
3081 3347 3295 3404 valetis.

320 3465 618 3534 Κρείττους
638 3464 695 3516 δὲ
714 3461 1006 3530 γεγονότες.
1024 3463 1148 3532 ἐμοὶ
1171 3463 1240 3515 τὰ
1305 3462 1426 3516 καθ’
1467 3463 1664 3526 αὐτοὺς
1699 3463 1824 3514 ἐπι-

239 3555 508 3628 τρέψατε.
566 3554 642 3607 Ού
687 3553 798 3623 γὰρ
829 3553 1024 3624 δέομαι
1046 3553 1147 3622 τῆς
1178 3553 1236 3619 ἐξ
1255 3553 1410 3624 ὑμῶν
1441 3554 1824 3624 ὑπομνήσεως,

239 3647 326 3705 ὡς
349 3646 414 3699 ἂν
443 3643 604 3708 ὄντας
632 3643 745 3714 ὲμά
772 3644 1056 3714 ποιήματα
1083 3645 1172 3697 καὶ
1203 3647 1290 3710 είς
1309 3645 1482 3710 υίοὺς
1511 3644 1608 3698 καὶ
1648 3647 1827 3714 θυγα⁶

243 3737 427 3805 τέρας
458 3735 874 3804 λελογισμένονς
925 3733 1155 3800 ἀξιῶσαι
1210 3735 1487 3806 προνοίας.
1543 3734 1676 3788 Οὐδὲ
1721 3733 1830 3804 γὰρ

244 3827 481 3900 ἐμαυτῷ
508 3826 600 3880 τὸν
632 3827 891 3894 οὐρανὸν
907 3826 1144 3896 ἐποίησα
1181 3827 1276 3879 καὶ
1311 3827 1411 3898 τὴν
1443 3825 1582 3896 γῆν,
1638 3828 1717 3890 είς
1774 3826 1832 3880 δὲ

247 3920 451 3992 χρείαν
502 3918 797 3989 ὑμετέραν.
835 3917 948 3972 Καὶ
975 3918 1276 3987 γινομένων
1314 3918 1560 3988 ἀστέρων
1592 3916 1834 3988 ἐθαύμαο

247 4011 355 4078 ζον
384 4007 629 4078 ἄγγελοι.
672 4008 898 4063 Πάντων
925 4003 1018 4062 οὖν
1041 4008 1133 4060 ὑπ’
1192 4006 1329 4077 ἐμοῦ
1379 4008 1832 4078 κυϐερνωμένων,

248 4102 382 4157 οὐδὲ
431 4100 498 4154 τὰ
563 4101 657 4152 ἐπὶ
734 4099 840 4170 γῆς
901 4099 998 4169 τὴν
1041 4098 1179 4168 ἐμὴν
1219 4098 1484 4168 ἐκφεύγει
1548 4097 1832 4168 διοίκησιν.

251 4193 571 4266 Τοιγαροῦν
593 4192 689 4245 καὶ
709 4191 904 4260 Κῦρος
931 4190 1024 4244 ὑπ’
1048 4189 1183 4261 ἐμοῦ
1234 4190 1501 4260 κινηθεὶς,
1541 4191 1642 4244 οὐκ
1674 4189 1838 4254 αὐτὸς

254 4288 343 4344 ὣν
374 4287 624 4356 εὐσεϐὴς,
662 4285 729 4338 τὰ
749 4284 872 4338 καθ’
909 4284 1055 4354 ὑμᾶς
1087 4282 1465 4354 διορθώσεται.
1535 4281 1688 4336 Ἐπεὶ
1744 4282 1840 4336 καὶ

255 4379 532 4451 πρότερον
553 4377 697 4447 ὑμᾶς
717 4377 775 4441 ἐξ
795 4376 1123 4446 Αἰγύπτου,
1148 4376 1333 4446 φησὶν,
1360 4373 1732 4445 ἠλευθέρωσα,
1746 4375 1840 4428 καὶ

255 4473 385 4534 ταῖς
435 4473 596 4540 ἐμαῖς
639 4469 910 4540 ἀπείρηκε
966 4466 1238 4537 μάστιξιν.
1302 4466 1490 4537 Ὑμεῖς
1553 4466 1610 4519 δὲ
1678 4466 1841 4520 πάλιν

258 4564 679 4635 ἁμαρτάνοντες
706 4561 806 4615 οὐκ
854 4559 1124 4613 ὲπαύεσθε
1175 4558 1270 4612 καὶ¹
1349 4555 1841 4628 ματαιοπονοῦντες

261 4657 366 4712 ἐπὶ
387 4658 504 4717 ταῖς
531 4653 738 4709 ἑαυτῶν
765 4651 1098 4721 ἐμπορίαις.
1160 4649 1300 4704 Ἀλλ’
1343 4649 1496 4720 ὅμως
1564 4648 1668 4718 ἐμὲ
1692 4657 1721 4686 ιι
1751 4663 1844 4700 πι-

2001 3454 2107 3511 Ubi
2141 3462 2327 3509 autem
2361 3452 2627 3508 meliores
2659 3443 2989 3510 evaseritis;
3028 3453 3151 3510 quae
3176 3441 3354 3492 vestra
3387 3439 3512 3487 sunt

1927 3548 2066 3604 mihi
2125 3545 2452 3619 permittite.
2505 3539 2627 3596 Non
2672 3538 2819 3594 enim
2865 3541 3046 3590 vestra
3095 3532 3214 3600 ipse
3259 3523 3516 3581 admnniv

1931 3641 2080 3696 tione
2126 3616 2279 3710 opus
2335 3637 2514 3692 habeo
2558 3644 2622 3690 ut
2663 3639 2932 3695 vestrum,
2967 3641 3110 3696 quos
3139 3624 3257 3692 ipse
3290 3619 3420 3684 feci,
3461 3616 3519 3670 in

1929 3731 2176 3800 ﬁliosque
2223 3737 2275 3783 et
2308 3727 2452 3795 ﬁlias
2487 3720 2767 3792 adoptavi,
2803 3717 3096 3780 recorder,
3133 3723 3366 3780 meaque
3405 3720 3542 3776 pro-

1929 3824 2175 3879 videntia
2198 3821 2395 3889 dignos
2425 3815 2656 3870 habeam
2681 3829 2696 3878 ;
2737 3808 2828 3881 qui
2864 3807 3052 3861 calum
3087 3813 3143 3858 et
3173 3802 3386 3864 stellas,
3413 3813 3519 3851 an-

1932 3915 2084 3988 gelos
2123 3913 2178 3966 in
2210 3907 2631 3964 admirationem
2654 3901 2953 3972 rapientes,
2989 3905 3288 3963 terramque
3318 3892 3520 3958 ipsam,

1933 3978 2043 4060 non
2083 4003 2138 4056 in
2188 4014 2390 4061 meam,
2443 3993 2540 4052 sed
2587 3993 2642 4046 in
2686 3998 2924 4045 vestram
2959 3984 3250 4039 utilitatem
3277 3978 3520 4034 condidi.

1936 4097 2068 4164 Quae
2087 4093 2270 4150 omnia
2288 4104 2416 4147 eum
2437 4087 2504 4142 ad
2524 4099 2706 4140 meum
2731 4082 2898 4138 unius
2914 4077 3205 4136 arbitrium
3231 4079 3521 4142 regantur,

1936 4162 2046 4242 non
2079 4189 2313 4256 possunt
2339 4193 2462 4252 qua
2497 4179 2552 4232 in
2583 4183 2733 4230 terra
2761 4179 2910 4236 sunt,
2941 4184 2970 4223 a
3020 4181 3107 4222 me
3131 4179 3240 4219 non
3293 4162 3528 4217 admini-

1938 4280 2124 4338 strari.
2156 4277 2346 4345 Itaque
2375 4279 2429 4329 et
2448 4271 2618 4343 Cyrus
2650 4269 2768 4340 ipse
2799 4281 2910 4321 non
2934 4264 3003 4319 ab
3033 4261 3163 4328 alio,
3185 4273 3351 4330 quam
3384 4271 3414 4309 a
3439 4268 3528 4310 me

1937 4370 2219 4432 incitatus,
2250 4379 2374 4420 cum
2431 4376 2622 4418 verum
2649 4359 2745 4415 Dei
2778 4356 2984 4412 cultum
3033 4368 3142 4408 non
3183 4353 3527 4420 agnosceret,

1941 4459 2170 4516 aﬂlictas
2187 4472 2276 4512 res
2298 4461 2510 4510 vestras
2534 4460 2822 4507 erecturus
2841 4453 2950 4509 est,
2977 4443 3123 4499 sicut
3151 4448 3206 4496 et
3229 4454 3327 4495 vos
3371 4442 3531 4492 antea

1943 4549 2177 4621 Egypto
2209 4545 2462 4608 liberavi,
2501 4558 2627 4597 cum
2665 4539 2802 4594 meis
2833 4537 2925 4591 illa
2973 4533 3172 4589 cedere
3209 4527 3534 4585 verberibus

1944 4617 2141 4698 coacta
2190 4646 2273 4694 est
2301 4654 2316 4692 :
2373 4651 2472 4690 vos
2503 4642 2684 4688 autem
2719 4642 2943 4684 rursum
2992 4639 3221 4696 peccare
3249 4629 3305 4677 et
3332 4617 3534 4675 vestris

264 4746 598 4808 στεύσαντες
630 4708 1026 4810 ἕξετεδπάντας
1059 4708 1427 4802 ὑποσπόνδοῦς
1439 4708 1822 4802 τοὺςένδόξονς

1925 4729 2400 4805 Inegotiationilms
2446 4725 2683 4781 inaniter
2731 4719 2928 4792 agitari
2976 4733 3090 4772 non
3129 4711 3439 4772 destitistis.
3475 4708 3537 4763 In

263 4839 370 4895 καὶ
401 4822 750 4908 φρονήματος
784 4833 1075 4906 γέμοντας,
1141 4832 1238 4887 καὶ
1283 4831 1505 4901 ἀγάπης
1569 4828 1844 4901 δεδεμένοι

264 4928 521 4998 δεσμοῖς
567 4927 998 4996 καταντήσουσιν
1047 4925 1125 4988 είς
1185 4922 1566 4994 Ἰερουσαλὴμ,
1618 4921 1693 4984 ὡς
1765 4922 1845 4984 είς

268 5017 585 5079 θεοσεϐείας
619 5015 1023 5078 διδασκαλεῖον,
1048 5013 1145 5066 καὶ
1188 5011 1550 5084 μακαριοῦσιν
1582 5010 1747 5080 ὑμᾶς,
1773 5007 1850 5072 ὡς

272 5109 402 5176 Θεῷ
426 5107 507 5176 τῷ
528 5110 696 5180 μόνῳ
739 5108 1164 5175 λατρεύοντας,
1221 5105 1296 5158 ὃν
1345 5103 1613 5175 ἠγνόουν
1659 5100 1852 5155 αὐτοί.

286 5202 476 5273 ’Υμῶν
535 5198 594 5254 δὲ
654 5199 791 5269 πρὸς
844 5201 1134 5274 μετάνοιαν
1188 5195 1605 5266 ἀμελούντων,ὁ
1627 5193 1856 5264 ’μονογε-

1949 4803 2249 4885 metamcn
2274 4825 2385 4893 iam
2422 4819 2470 4874 si
2498 4817 2748 4880 creditis,
2780 4819 3072 4884 quotquot,
3116 4809 3280 4862 laude
3333 4803 3544 4872 aliqua,

1951 4919 2039 4975 vel
2068 4914 2376 4990 prudentia:
2400 4911 2626 4966 nOmIne
2659 4906 2796 4961 clari
2843 4910 2997 4966 sunt,
3029 4900 3328 4955 imderatos
3353 4901 3408 4949 et
3447 4905 3541 4946 so-

1955 4981 2085 5068 cios-
2104 5004 2344 5063 habituri
2371 5001 2534 5067 estis,
2561 4997 2651 5068 qui
2681 4993 2997 5070 dilectionis
3025 4988 3233 5045 uinculo
3262 4981 3538 5048 obstricti,

1959 5101 2029 5157 ad
2059 5096 2389 5161 Jerusalem,
2431 5101 2695 5161 tanquam
2734 5086 2801 5141 ad
2836 5083 3056 5156 pietatis
3104 5077 3349 5135 scholam
3390 5071 3540 5128 tobis

1961 5192 2086 5248 ideo
2118 5192 2438 5248 occurrent,
2469 5185 2770 5248 beatosque
2801 5172 3201 5247 prmdieabunt,
3231 5164 3401 5236 quod,
3428 5161 3540 5215 Deo

409 5311 511 5364 μου
560 5260 858 5366 nuptas—at-
884 5291 1010 5355 Υἱὸς
1059 5260 1500 5359 Ἶεροῦσαλὴμο
1564 5260 1822 5357 γενόμενα

1962 5283 2066 5340 soli
2097 5278 2367 5343 servietis,
2392 5290 2545 5346 quem
2579 5271 2681 5342 ipsi
2715 5266 3036 5359 nesciebant,
3081 5260 3178 5314 Sin
3210 5263 3390 5311 autem
3423 5265 3542 5321 pce-

280 5343 381 5438 :5
409 5343 734 5450 ξἰούδιιιςῐᾶιτ
841 5343 1301 5451 “gestarem,
1339 5343 1453 5434 febr
1471 5343 1728 5452 σφραγῖδι
1760 5392 1822 5430 κα

1963 5376 2142 5432 nitere
2179 5343 2482 5444 negligitis,
2507 5364 2649 5422 mihi
2665 5360 2842 5419 Filius
2868 5343 2976 5415 non
3007 5351 3184 5412 deerit
3225 5343 3542 5417 unigenitus

367 5525 413 5562 ⁸⁸
441 5525 604 5581 Rom.
625 5539 707 5590 ιι,
734 5522 788 5580 6.
848 5522 896 5557 “
919 5520 1128 5579 Coloss.
1162 5535 1243 5585 ιιι,
1273 5517 1330 5581 9,
1361 5514 1448 5570 l0.
1514 5509 1558 5542 "
1587 5510 1787 5581 Ephes.
1817 5524 1822 5563 ι

1925 5503 2011 5560 es.
2079 5503 2126 5535 ιε
2147 5476 2350 5586 Περι.
2379 5513 2436 5568 v,
2475 5493 2565 5553 l7.

1621 5604 1854 5666 νΑιιΙΑῑ
1893 5597 2296 5660 LECTIONES.

361 5723 774 5796 -ογρ,αὺτῶν.
850 5727 877 5762 ιι
914 5721 1000 5782 τά.
1039 5715 1184 5787 una
1261 5723 1285 5752 °
1322 5725 1415 5783 τρο
1457 5705 1706 5781 Ἰσραήλ

1898 5851 1916 5858 ι.
1935 5848 2018 5858 σοι-..ι
