4010 6302
484 289 623 356 2431

1803 312 2166 377 PROCOPII
2192 318 2435 381 GAZ/EI

3597 319 3747 383 2432

489 403 684 473 Israel,
742 388 968 480 ipseque
1004 408 1198 481 Iudas,
1232 416 1440 488 in,quo
1483 421 1730 489 orabunt,
1788 426 2049 497 cujusque

2158 429 2347 501 ἄνδρες
2368 433 2597 502 πονηροὶ
2644 433 2742 485 καὶ
2788 431 3047 502 δαίμονες
3107 434 3537 506 ἡττηθήσονται.
3575 433 3747 489 Ἰστο-

487 498 649 569 signo
678 508 732 553 ct
757 502 1009 559 scelerati
1055 507 1330 575 homines,
1362 521 1417 567 et
1445 513 1723 573 daemones
1761 517 1867 588 ipsi
1900 533 2059 588 pros-

489 599 795 647 ternentur.
828 592 1105 654 Historice
1150 610 1334 656 autem
1381 604 1549 659 etiam
1583 606 1653 661 de
1699 606 1842 678 Cyro
1871 609 2061 665 istbaec

482 682 666 751 (cuius
689 684 981 742 adversarii
1006 706 1186 746 omnes
1221 694 1631 770 confundantur)
1663 710 1715 755 et
1745 700 1812 756 de
1838 701 2058 767 Israele,

482 773 581 839 qui
618 772 689 827 ab
719 777 922 831 exsilio
955 793 1233 847 reversus,
1276 786 1617 842 reluctantes
1671 803 1863 846 omnes
1893 806 2060 862 supe-i

474 873 711 921 iraturus
739 876 1064 937 est,queant
1088 876 1365 945 usurpari.
1394 877 1658 948 Rursum,
1680 881 1825 951 quod
1853 884 2059 939 insulas

483 954 647 1021 dixit,
686 957 991 1019 Jerusalem
1030 981 1143 1020 non
1193 968 1353 1040 longe
1409 970 1658 1026 dissitam
1710 975 2057 1045 signiﬁcavit,

474 1062 607 1117 qua:
636 1052 878 1123 undique
923 1058 1228 1115 vicinarum
1277 1063 1517 1132 gentium
1568 1065 1885 1133 insultibus,
1932 1079 2058 1124 tan--

480 1156 648 1210 quam
679 1144 843 1200 undis
876 1149 1200 1217 agitaretur,
1241 1169 1473 1222 quarum
1505 1156 1840 1224 impietatem
1889 1176 2058 1217 aemu-

484 1232 585 1288 lari
626 1233 824 1291 incolis
858 1240 1098 1306 proclive
1124 1258 1342 1315 semper
1399 1246 1520 1301 fuit.
1569 1249 1747 1319 Atque
1795 1250 1922 1306 hinc
1950 1262 2056 1318 est,

482 1325 632 1394 quod
649 1341 768 1381 eam
794 1329 1066 1400 imprimis
1088 1335 1843 1407 adhortatur,’utinnovetur;
1869 1355 2059 1413 postea

482 1427 617 1468 vero
668 1429 766 1471 eos
832 1417 997 1472 etiam
1070 1424 1256 1477 statim
1304 1428 1396 1494 qui
1443 1429 1510 1482 de
1564 1433 1819 1501 gentibus
1859 1435 2060 1506 ubique

478 1503 727 1560 locorum
760 1506 857 1563 Dei
880 1512 1256 1579 cognitionem
1289 1516 1471 1588 adepti
1501 1532 1649 1575 sunt.
1699 1522 1755 1578 Si
1789 1528 1931 1580 enim
1962 1503 2057 1597 qui

482 1597 652 1654 tantis
694 1599 863 1655 rebus
910 1601 1109 1673 dignus
1159 1605 1379 1666 habitus
1435 1619 1553 1666 erat
1617 1614 1813 1685 Israel,
1854 1617 2059 1689 Deique

480 1695 710 1744 vocatus
741 1690 909 1756 filius,
934 1693 1189 1751 desertor
1229 1706 1413 1756 tamen
1445 1703 1692 1772 ejusdem
1740 1707 2053 1779 benignita-

479 1783 590 1833 tem
620 1789 880 1851 expertus
908 1792 1015 1847 est,
1046 1798 1253 1856 quanto
1277 1793 1449 1862 magis
1475 1769 1537 1847 iet
1564 1810 1661 1850 vos
1688 1797 1814 1866 ipsi,
1862 1769 1954 1871 qui
1987 1801 2056 1858 de
2087 1769 2130 1824 Β

478 1866 685 1925 divinis
708 1871 925 1941 legibus
949 1876 1083 1929 nihil
1118 1878 1445 1935 audivistis?
1472 1881 1663 1943 Insula
1679 1885 1838 1958 522
1862 1866 2056 1946 rursus

468 1960 661 2014 omnis
692 1964 853 2017 etiam
895 1966 1076 2019 anima
1115 1966 1279 2038 hujus
1311 1972 1434 2026 vitae
1484 1976 1854 2047 voluptatibus
1880 1989 1936 2035 et
1958 1997 2055 2036 cu-

478 2060 668 2102 rarum
723 2052 1091 2110 amaritudine
1136 2058 1291 2126 prius
1347 2060 1610 2117 inundata
1660 2067 1894 2132 dicatur,
1933 2086 2054 2141 quae

477 2135 591 2191 Deo
623 2140 795 2193 semet
828 2143 1035 2211 agnito,
1084 2148 1462 2219 peccandique
1518 2153 1709 2208 relicta
1755 2135 2053 2214 consuetu-

478 2226 610 2283 dine
639 2229 850 2286 viribus
875 2237 1173 2305 resumptis
1200 2238 1505 2308 innovatur,
1537 2258 1768 2316 quinque
1803 2250 1872 2304 ab
1901 2235 2067 2308 omni

479 2318 810 2377 confusione
877 2333 1130 2394 semota,
1194 2328 1448 2402 deposito
1506 2336 1679 2392 veteri
1732 2336 2001 2407 fermento
2031 2383 2046 2408 ,

475 2408 683 2465 Christi
714 2411 888 2467 forma
917 2415 1181 2475 induitur.

548 2499 716 2592 Vtilis.
754 2503 941 2562 18-26.
976 2507 1072 2563 Sic
1093 2509 1227 2566 dicit
1260 2512 1540 2582 Dominus,
1574 2522 1665 2590 qui
1688 2525 1809 2592 fecit
1839 2528 2045 2584 curtum.

473 2588 585 2644 Iste
602 2590 763 2659 Deus,
779 2597 872 2665 qui
895 2601 1125 2655 ostendit
1157 2611 1376 2673 terram,
1405 2617 1455 2662 et
1484 2588 1606 2678 fecit
1629 2588 1766 2681 eam,
1799 2619 1910 2684 ipse
1937 2620 2049 2674 dis-

458 2681 638 2737 .tt'nicit
668 2700 807 2741 eam.
840 2685 968 2743 Non
995 2689 1203 2759 frustra
1231 2695 1359 2765 fecit
1406 2715 1543 2765 eam,
1593 2704 1686 2757 sed
1735 2716 1792 2760 ut
1820 2681 2048 2766 thabita-

470 2781 639 2837 retur,
695 2777 981 2846 plasmauit
1032 2800 1174 2844 eam.
1205 2785 1320 2858 Ego
1368 2806 1487 2845 sum
1523 2793 1799 2863 Dominus,
1849 2810 1901 2854 et
1943 2819 2048 2858 non

471 2871 551 2918 est
589 2865 753 2924 alius.
781 2867 908 2926 Non
950 2876 1006 2928 in
1038 2874 1349 2934 abscondito
1376 2880 1605 2952 locutus,
1638 2903 1801 2957 neque
1839 2890 1894 2945 in
1931 2891 2045 2949 loco

473 2958 773 3033 tenebroso,
799 2971 910 3021 etc.

544 3156 704 3229 523
741 3158 950 3220 Ordine
989 3164 1092 3221 ista
1127 3166 1237 3225 illis
1275 3168 1610 3237 inferuntur,
1651 3176 1853 3243 quibus
1887 3177 2047 3235 inno-

471 3252 589 3302 vari
635 3252 703 3306 ad
748 3268 808 3309 se
854 3255 1091 3326 insulas,
1120 3268 1321 3331 etquae
1362 3263 1620 3335 deinceps
1665 3277 1851 3323 secuta
1894 3279 2043 3338 sunt,

473 3341 784 3412 imperavit.
827 3346 929 3402 Ubi
970 3351 1113 3405 enim
1151 3353 1220 3408 de
1254 3354 1545 3421 Ecclesiis.
1579 3358 1755 3429 dequo
1783 3364 2047 3430 apostolis

470 3432 640 3487 verba
683 3432 896 3505 fecerit,
925 3440 1059 3495 nihil
1103 3458 1156 3496 se
1202 3443 1259 3497 in
1310 3446 1621 3504 abscondito
1661 3449 1891 3505 locutum
1932 3456 2049 3509 "esse

454 3520 787 3594 ‘subjunget.
846 3525 1060 3584 Interea
1117 3546 1249 3587 vero
1309 3533 1377 3589 ad
1438 3533 1628 3591 tantae'
1661 3541 2046 3608 promissionis

469 3615 916 3683 persuasionem,
969 3620 1063 3677 Dei
1120 3622 1277 3679 ﬁdem
1335 3635 1391 3681 et
1437 3629 1821 3687 auctoritatem
1872 3634 2046 3690 inter-

438 3703 691 3775 ~miscet,
731 3715 786 3763 et
816 3725 927 3780 quo
957 3712 1011 3767 in
1042 3713 1270 3772 honoris
1300 3720 1472 3788 gradu
1512 3723 1827 3778 mortalium
1868 3741 2043 3795 genus

469 3797 615 3865 apud
662 3800 919 3857 eumdem
971 3804 1044 3860 sit
1083 3805 1197 3877 (qui
1251 3825 1348 3867 eos
1397 3814 1735 3869 vocationem
1782 3819 2042 3888 consequi

469 3887 767 3942 salutarem
819 3892 1077 3966 voluerit)
1121 3899 1316 3967 aperit.
1358 3900 1548 3972 Neque
1589 3919 1717 3960 vero
1762 3887 2043 3962 Dominum

469 3977 796 4049 simpliciter
850 3987 1128 4056 appellat,
1185 3992 1330 4061 quod
1383 4009 1449 4049 eo
1505 3997 1726 4053 nomine
1776 4000 1930 4054 multi
1986 4001 2041 4055 in

448 4066 601 4121 .caeto
647 4079 700 4123 et
741 4078 884 4126 terra
932 4089 1335 4147 nuncupentur,
1381 4081 1476 4137 sed
1509 4097 1574 4137 ex
1615 4083 1704 4150 iis,
1740 4102 1859 4156 qua:
1890 4086 2039 4155 fecit,

468 4160 730 4228 quidnam
778 4163 897 4233 ipse
944 4167 1038 4231 sit,
1068 4168 1412 4226 demonstrat
1449 4190 1465 4227 :
1505 4190 1572 4230 ex
1609 4178 1751 4232 cretis
1793 4181 2040 4249 quidem,

444 4251 561 4307 ~ubi
587 4251 849 4324 degerent
881 4259 1090 4328 angeli;
1120 4276 1189 4316 ea:
1218 4271 1359 4317 terra
1397 4273 1600 4333 autem,
1642 4270 1735 4325 ubi
1765 4271 2038 4342 homines,

467 4341 562 4409 qui
598 4340 755 4398 beate
792 4354 849 4399 et
878 4342 1111 4402 feliciter
1158 4349 1378 4421 degere,
1418 4352 1698 4427 Deumque
1734 4360 1934 4430 ipsum,
1971 4340 2038 4420 ad

2164 521 2331 594 ρικῶς
2350 522 2407 576 δὲ
2438 524 2531 576 καὶ
2564 524 2659 577 ἐπὶ
2687 525 2870 596 Κύρου
2894 524 3148 597 ληπτέον,
3175 520 3224 593 ᾧ
3284 524 3405 592 πᾶς
3430 527 3729 581 ἐναντιού-

2155 628 2342 682 μενος
2384 615 2881 684 αἰσχυνθήσεται.
2908 618 3021 671 Καὶ
3066 618 3159 671 ἐπὶ
3205 617 3301 672 τοῦ
3330 618 3606 687 Ἰσραὴλ,
3658 621 3745 683 ώς

2161 704 2556 771 ἐπανελθόντες
2587 708 2653 761 ἐκ
2703 708 2805 780 τῆς
2868 709 3250 779 αἰχμαλωσίας
3293 711 3425 774 τοὺς
3482 712 3744 765 ἀντιστα-

2159 797 2380 864 τοῦντας
2413 804 2746 873 νικήσουσιν.
2796 799 2929 856 Εἶτα
2971 802 3206 871 νήσους
3248 803 3443 874 εἰπὼν,
3467 804 3619 876 δηλοῖ
3639 809 3739 861 καὶ

2159 892 2259 965 τὴν
2290 893 2650 967 Ἰερουσαλὴμ
2674 896 3045 967 συνεχομένην
3068 897 3173 951 ὑπὸ
3207 897 3314 952 τῶν
3360 899 3530 972 αὐτὴν
3579 918 3737 971 περιέ

2160 986 2506 1042 κυκλούντων
2532 988 2703 1042 ἐθνῶν
2727 989 3203 1063 περικλυζομένην
3228 1010 3308 1057 τε,
3368 994 3479 1048 τῶν
3513 996 3734 1064 οἰκητό-

2162 1094 2269 1148 ρων
2295 1080 2408 1142 toi;
2436 1068 2826 1150 ἁμαρτήμασιν
2843 1080 3153 1152 ζηλούντων
3173 1081 3261 1136 ἀεὶ
3276 1082 3375 1152 τὴν
3402 1083 3513 1136 τῶν
3526 1101 3737 1153 περιοι-

2159 1166 2397 1221 κούντων
2422 1168 2694 1224 ἀσέϐειαν.
2739 1170 3177 1242 Προηγουμένως
3226 1166 3320 1225 οὖν
3355 1172 3525 1243 αὐτὴν
3584 1175 3733 1228 dra-

2158 1260 2543 1328 καινισθῆναι
2581 1264 2972 1332 προτρέπεται.
3004 1263 3147 1333 Ἤδη
3169 1263 3224 1317 δὲ
3252 1264 3350 1318 καὶ
3412 1265 3591 1318 πάντα
3639 1266 3734 1317 τό·

2158 1367 2259 1404 πον
2287 1349 2455 1404 ἐθνῶν
2515 1352 2614 1422 τὴν
2646 1352 2740 1406 τοῦ
2793 1352 2928 1406 Θεοῦ
2967 1353 3232 1417 λαϐόντας
3286 1355 3601 1425 ἐπίγνωσιν.
3668 1357 3733 1408 Εἰ

2158 1439 2268 1511 γὰρ
2291 1441 2321 1493 ὁ
2380 1441 2648 1495 τοσούτων
2685 1443 2936 1509 ἀξιωθεὶς
2958 1445 3203 1513 Ἰσραὴλ
3252 1447 3347 1501 καὶ
3378 1448 3734 1517 χρηματίσας

2157 1535 2272 1598 υίὸς
2296 1534 2538 1599 ἀποστὰς
2583 1535 2740 1602 Θεοῦ,
2804 1538 3217 1609 φιλανθρωπίας
3273 1539 3538 1608 ἠξίωταν
3579 1541 3734 1611 πόσῳ

2163 1626 2364 1696 μᾶλλον
2400 1628 2559 1699 ὑμεῖς
2587 1630 2637 1681 οί
2667 1629 2776 1683 τῶν
2801 1629 2964 1683 θείων
3010 1630 3233 1701 ἀνήκοοι
3271 1631 3485 1702 νόμων;
3536 1632 3734 1699 νῆσος

2159 1716 2217 1778 δὲ
2246 1718 2340 1771 καὶ
2368 1720 2519 1772 πᾶσα
2552 1718 2701 1789 ψυχὴ
2728 1720 3167 1793 περικλυζομένη
3227 1723 3347 1784 ταῖς
3374 1721 3588 1792 ἡδοναῖς
3636 1722 3733 1774 ἁλ-

2160 1811 2361 1880 μυραῖς
2408 1826 2467 1863 τε
2514 1811 2836 1880 φαντασίαις
2886 1812 2982 1866 τοῦ
3040 1812 3181 1884 βίου.
3213 1812 3376 1876 Ἠτις
3429 1813 3729 1879 ἐπιγνοῦσα

2156 1899 2290 1953 Θεὸν
2337 1902 2434 1954 καὶ
2477 1904 2803 1976 παυσαμένη
2868 1904 2964 1957 τοῦ
3016 1903 3383 1974 πλημμελεῖν,
3416 1904 3728 1961 ἀνακαινι-

2155 1992 2450 2062 σθήσεται
2493 1995 2594 2059 τὰς
2662 1995 2863 2066 ἑαυτῆς
2932 1996 3278 2051 ἀναλασοῦσα
3312 1997 3594 2067 δυνάμεις,
3633 2000 3731 2051 καὶ

2155 2086 2392 2141 παλαιὰν
2414 2087 2591 2158 ζύμην
2612 2087 2944 2160 ἀποθεμένη,
2976 2090 3234 2158 γεγονυῖά
3289 2106 3349 2143 τε
3396 2089 3579 2160 πάσης
3644 2092 3731 2144 αἱ·

2156 2176 2355 2247 σχύνης
2382 2178 2558 2247 ἐκτὸς,
2591 2177 2686 2233 τοῦ
2707 2178 2947 2252 Χριστοῦ
3002 2180 3101 2252 τὴν
3156 2179 3443 2253 μόρφωσιν
3493 2184 3726 2253 «reptet-5-

2155 2285 2347 2340 ρουσα.

2222 2539 2427 2613 ιη’-κςη
2467 2543 2665 2610 Οὕτως
2712 2541 2877 2613 λέγει
2922 2542 3140 2610 Κύριος
3195 2542 3230 2596 ὀ
3307 2540 3574 2609 ποιήσας
3622 2540 3731 2594 τόν

2148 2636 2430 2703 οὐρανόν.
2456 2632 2646 2702 Οὗτος
2671 2638 2704 2689 ὁ
2739 2631 2903 2701 Θεὸς,
2938 2638 2971 2688 ὁ
2996 2631 3353 2699 καταδείξας
3422 2631 3538 2699 τὴν
3588 2631 3724 2701 γῆν,

2148 2727 2248 2781 καί
2278 2727 2542 2796 ποιήσας
2573 2725 2789 2794 αὐτὴν,
2818 2725 3003 2790 αὐτὸς
3034 2723 3313 2791 διώρισεν
3355 2725 3570 2788 αὐτὴν.
3602 2725 3725 2778 Οὐκ

2148 2818 2236 2882 εις
2259 2817 2443 2870 κενὸν
2485 2815 2777 2883 ἐποίησεν
2836 2814 3052 2882 αὐτὴν,
3104 2813 3266 2868 ἀλλὰ
3326 2812 3727 2867 κατοικεῖσθαι

2147 2909 2425 2963 ἔπλασεν
2451 2907 2664 2975 αὑτήν.
2698 2904 2849 2975 Ἐγώ
2876 2906 2992 2974 ειμι
3025 2905 3259 2972 Κύριος,
3292 2904 3396 2958 καὶ
3425 2906 3536 2958 οὐκ
3555 2906 3726 2958 ἔστιν

2147 2996 2255 3050 ἐτι.
2289 2998 2411 3051 Οὐκ
2448 2996 2519 3049 ἐν
2563 2993 2778 3064 apum}
2799 2993 3135 3064 λελάληκα,
3161 2993 3306 3049 οὐδὲ
3329 2994 3401 3047 ἐν
3428 2995 3592 3061 τόπῳ
3615 2993 3726 3063 γῆς

2069 3103 2112 3162 c
2151 3085 2459 3151 σκοτεινῷ,
2482 3104 2538 3139 κ.
2560 3102 2611 3139 τ.
2637 3085 2690 3137 λ.

2230 3175 2561 3239 Ἀκολούθως
2577 3175 2936 3243 ἐπενήνεκται
2960 3171 3133 3228 ταῦτα
3149 3171 3247 3243 τῷ,
3275 3190 3295 3224 ι
3319 3171 3723 3240 Ἐγκαινίζεσθι

2146 3267 2284 3335 πρός
2308 3282 2396 3336 με,
2415 3267 2586 3336 νῆσοι,
2605 3285 2623 3317 ι
2652 3265 2875 3328 καὶτοῖς
2893 3263 3043 3335 ἑξῆς.
3075 3264 3212 3335 Περὶ
3229 3263 3338 3333 γὰρ
3361 3263 3469 3318 τῶν
3497 3262 3725 3331 Ἐκκληρ

2148 3358 2277 3411 σιῶν
2322 3357 2550 3411 καὶτῶν
2594 3355 2907 3411 ἀποστόλων
2965 3354 3155 3421 εἰπὼν,
3204 3356 3419 3410 ἐποίσει
3457 3356 3538 3419 τὸ,
3600 3357 3725 3409 Οὐκ

2145 3450 2214 3503 ἐν
2263 3447 2474 3518 κρυερῇ
2535 3448 2680 3517 ὑμῖν
2730 3448 3179 3517 λελαλήκατει).
3223 3446 3311 3511 Ὦς
3365 3446 3584 3517 δὲπρδς
3621 3447 3723 3516 τὴν

2144 3540 2414 3612 τοσαύτην
2450 3539 2782 3607 ἐπαγγελίαν
2807 3538 2868 3592 τὸ
2915 3537 3233 3605 ἀξιόπιστον
3284 3536 3583 3608 παρίστησι
3630 3534 3722 3589 τοῦ

2143 3631 2302 3694 Θεοῦ,
2334 3632 2429 3684 καὶ
2450 3631 2693 3684 διδάσκει
2725 3631 2893 3684 πόσον
2934 3629 3083 3699 αὐτῷ
3110 3628 3410 3699 τετίμηται
3471 3627 3582 3680 τῶν
3624 3629 3723 3681 ἀν-

2146 3721 2381 3792 θρώπων
2411 3720 2471 3773 τὸ
2503 3721 2680 3788 γένος,
2705 3721 2781 3783 ὡς
2803 3720 2900 3773 καὶ
2924 3719 3170 3788 κλήσεως
3205 3716 3480 3788 σωτηρίου
3513 3717 3718 3786 τυχεῖν.

2144 3813 2253 3867 Καὶ
2273 3813 2371 3882 οὐχ
2391 3811 2602 3875 ἁπλῶς,
2626 3812 2862 3880 Κύριος,
2887 3810 3022 3880 φησὶ
3046 3808 3314 3879 (πλεῖστοι
3342 3807 3453 3879 γὰρ
3476 3808 3723 3876 λέγονται

2140 3904 2350 3975 ψευδῶς
2378 3905 2449 3958 ἐν
2463 3901 2717 3972 οὐρανῷ,
2752 3904 2847 3956 καὶ
2879 3903 2949 3956 ἐν
2974 3901 3099 3970 γῇ),
3125 3900 3238 3955 ἀλλ’
3262 3902 3292 3954 ὁ
3331 3900 3398 3953 δι’
3428 3893 3505 3954 ὧν
3532 3900 3725 3970 ἐποίη-

2142 4013 2257 4062 σεν,
2294 3998 2431 4067 ὅπερ
2468 3996 2587 4049 ἐστὶ
2643 3992 2818 4063 δηλῶν
2846 4010 2860 4025 ·
2888 3993 3154 4060 οὐρανὸν
3205 3991 3306 4062 μὲν
3363 3992 3446 4054 είς
3472 3991 3722 4058 ἀγγέλων

2139 4087 2422 4158 διατριϐήν
2452 4099 2469 4117 ⁸
2520 4084 2637 4156 γῆν
2676 4085 2734 4137 δέ
2755 4085 2867 4148 τοῖς
2916 4083 3226 4155 ἀνθρώποις
3244 4081 3528 4152 διαίτημα.
3547 4081 3723 4148 οἷπερ

2141 4178 2404 4249 ἠδύναντο
2431 4173 2490 4232 εὖ
2516 4194 2574 4231 τε
2630 4176 2751 4247 ζῇν,
2782 4175 2879 4228 καὶ⁸
2918 4172 3209 4242 γινώσκειν
3242 4172 3420 4254 ἱΘεδν,
3451 4171 3550 4225 ἅτε
3601 4174 3721 4224 κατ’

2142 4270 2326 4324 είκόνα
2372 4268 2676 4338 γενόμενοι,
2705 4266 2845 4321 κὰπ)⁵
2877 4264 2989 4336 γῆς
3012 4261 3172 4327 εἶναι,
3202 4266 3342 4335 ὅπερ
3373 4274 3403 4314 «ι
3431 4265 3489 4316 αἱ
3536 4263 3722 4333 νοεραὶ

2146 4361 2406 4431 δυνάμεις
2427 4360 2498 4414 ἐν
2529 4357 2787 4427 οὐρανῷ.
2819 4359 2930 4411 Καὶ
2960 4357 3078 4426 τὴν
3105 4355 3226 4426 γῆν
3258 4356 3368 4427 γὰρ
3400 4355 3470 4409 δι’
3521 4355 3721 4416 αὐτούς

442 4432 630 4499 cujus
664 4433 955 4506 imaginem
998 4440 1204 4496 conditi
1244 4452 1396 4510 sunt,
1429 4461 1728 4517 agnoscere
1762 4461 2034 4521 poterant,

2151 4471 2253 4524 pqc
2278 4464 2300 4491 ι’
2343 4451 2833 4506 κατασκευάσασαν
2857 4461 2880 4489 ⁸
2912 4448 3041 4519 ἔφη,
3107 4450 3198 4503 ἵνα
3239 4447 3385 4502 κατὰ
3410 4448 3493 4501 τό·
3533 4466 3552 4498 ι
3586 4448 3722 4500 Συν-

438 4554 439 4559 η
470 4531 768 4594 terramque
813 4526 1010 4596 ipsam,
1041 4546 1149 4587 non
1192 4534 1353 4591 aliter
1382 4552 1545 4608 quam
1581 4541 1769 4595 cretum
1809 4546 2041 4601 rationis

469 4622 523 4668 et
551 4614 927 4685 intelligentia
952 4634 1188 4690 capaces
1226 4626 1484 4696 virtutes,
1519 4630 1785 4688 incolere.
1820 4633 2042 4690 Terram

468 4716 709 4774 namque
737 4707 902 4760 etiam
926 4718 1148 4779 propter
1172 4728 1269 4771 eos
1299 4714 1500 4773 factam
1533 4731 2044 4802 ornatamqueOesse

430 4800 704 4851 .tcstatus
735 4804 841 4864 est,
868 4798 1027 4869 juxta
1061 4803 1192 4861 illud
1230 4824 1244 4861 :
1292 4826 1312 4859 ι
1349 4807 1765 4882 Congregentur
1793 4798 1949 4885 aqua;
1986 4818 2042 4873 in

469 4885 651 4940 locum
687 4904 878 4959 unum,
921 4902 978 4948 et
1014 4908 1272 4966 appareat
1313 4899 1467 4954 arida
1511 4900 1581 4956 δ’.
1614 4921 1635 4954 ι
1676 4902 1849 4975 Igitur
1881 4909 2035 4976 mihi,

432 4978 670 5048 .inquit,
706 4997 838 5038 caro
880 4994 934 5040 et
975 4989 1240 5057 pretioso,
1281 4991 1411 5046 data
1455 4991 1737 5066 Evangelii
1773 5001 2040 5068 praedica-

470 5070 547 5123 tio
585 5088 600 5125 :
638 5073 720 5128 sic
762 5081 882 5130 eam
934 5078 1050 5149 ipse
1099 5084 1375 5150 omnibus,
1417 5092 1677 5159 tanquam
1727 5094 2036 5149 communis

432 5159 674 5230 opifex,
707 5178 818 5218 non
861 5164 1066 5225 Iudaeis
1118 5180 1352 5239 tantum,
1403 5175 1624 5249 largiar.
1677 5179 1856 5251 Atque
1907 5184 2038 5238 hinc

465 5263 569 5320 est,
594 5256 743 5326 quod
772 5274 828 5313 se
849 5259 1038 5327 Deum,
1076 5278 1238 5333 neque
1266 5265 1432 5320 alium
1460 5278 1654 5337 prater
1686 5287 1742 5325 se
1769 5287 1881 5326 esse
1914 5289 2033 5326 am-

382 5400 385 5403 _
434 5364 437 5367 ·
465 5342 627 5412 ptius,
648 5354 743 5432 aut
762 5348 820 5403 in
840 5350 1044 5406 occulto
1067 5352 1357 5423 quidquam
1378 5356 1611 5414 locutum
1629 5377 1743 5417 esse
1763 5362 2029 5432 adiunxit,

495 5479 540 5514 ⁸⁸
572 5480 710 5540 Gen.
744 5501 785 5551 1,
827 5486 880 5543 9.

546 5670 578 5713 Ρ
609 5662 1004 5747 η’λελάληκα
1026 5670 1189 5747 τέως..
1274 5683 1300 5724 ιι
1335 5692 1424 5744 γρ.
1459 5674 1668 5747 ὥσπερ.

478 5729 508 5764 ⁸
538 5729 842 5803 γρῖδώσω.
913 5729 941 5779 ἦ
967 5738 1069 5810 ἄρ.
1096 5729 1210 5796 καί.

2138 4543 2358 4614 αχθὴτω
2387 4542 2448 4595 τὸ
2478 4540 2624 4612 ὕδωρ
2672 4541 2755 4605 είς
2811 4538 3136 4611 συναγωγὴν
3192 4538 3343 4602 μίαν,
3387 4538 3483 4591 xui.
3502 4536 3723 4607 ὁφθήτω

2139 4637 2173 4706 ἡ
2205 4634 2392 4705 ξηράηο
2426 4652 2446 4685 υ
2479 4633 2555 4697 ὥς
2596 4629 2690 4688 οὖν
2728 4630 2855 4701 ἐμοὶ
2881 4630 3049 4701 τιμίῳ
3102 4633 3118 4667 ⁸
3151 4629 3246 4684 καὶ
3272 4629 3336 4683 τὸ
3385 4628 3482 4682 τοῦ
3542 4627 3722 4695 Εὐαγ-

2139 4726 2318 4793 γελίου
2347 4722 2648 4796 δεδώρηται
2680 4722 2964 4793 κήρυγμα,
2989 4721 3126 4775 πᾶσι
3176 4720 3337 4774 τοῦτο
3404 4720 3528 4784 δοὺς
3552 4731 3604 4781 ιι,
3644 4720 3721 4781 ὡς

2141 4814 2359 4868 πάντων
2379 4810 2740 4882 Δημιουργδς,
2765 4811 2868 4864 οὐκ
2896 4810 3173 4874 Ἰουδαίοις
3217 4810 3311 4863 καὶ
3345 4818 3373 4848 τ
3401 4810 3605 4879 μόνοις.
3629 4807 3720 4860 Διό

2145 4918 2331 4977 φησιν·
2361 4904 2503 4975 Ἐγώ
2518 4906 2631 4973 ειμι
2648 4905 2885 4971 Κύριος,
2903 4901 3004 4956 καὶ
3030 4904 3143 4958 οὐκ
3163 4901 3335 4956 ἐστιν
3356 4902 3465 4957 ἔτι.
3496 4902 3619 4956 Dim
3651 4900 3721 4953 ἐν

2140 4999 2348 5068 κρυερῇ
2380 4996 2715 5065 λελάληκα.
2748 4997 2891 5050 Πᾶσι
2914 4996 3024 5069 γὰρ
3074 4996 3138 5050 τὸ
3184 4995 3329 5050 θεῖον
3387 4995 3719 5063 Εὐαγγὲλιον

2142 5091 2393 5162 ἧπλωσα.
2419 5088 2616 5159 Διόπερ
2639 5088 2717 5152 είς
2735 5089 2916 5141 πᾶσαν
2947 5088 3050 5158 γῆν
3080 5086 3270 5158 ἐξῆλθε
3324 5086 3433 5140 τῶν
3489 5084 3717 5156 εἰρημέ-

2144 5198 2252 5236 νων
2271 5179 2583 5234 ἀποστόλων
2611 5180 2639 5232 ό
2671 5177 2926 5247 φθόγγος.
2953 5178 3037 5230 Τὰ
3086 5178 3203 5249 γὰρ
3259 5174 3507 5239 Μωσέως
3559 5174 3719 5243 λόγια

2139 5273 2322 5344 κρυφῆ
2388 5271 2697 5342 λελάληται,
2748 5270 2967 5343 γλώττῃ
3028 5269 3126 5340 μὲν
3194 5268 3436 5340 Ἐϐραΐδι
3490 5266 3582 5320 καὶ
3615 5283 3714 5336 χα-

2142 5363 2410 5436 ρακτῆρσι
2439 5361 2722 5430 τοιούτοις,
2763 5364 2822 5416 ἐν
2854 5362 3042 5431 ἀϐάτῳ
3058 5378 3116 5415 τε
3138 5362 3329 5433 ἐρήμῳ
3355 5356 3713 5429 καὶ.ἀνύδρῳ.

1562 5622 1567 5628 .
1676 5626 1683 5632 .
1734 5585 1964 5645 vitam
1995 5588 2398 5647 LECTIONES.
3063 5683 3082 5690 Α
3122 5685 3142 5690 _
3372 5682 3384 5690 ,
3428 5680 3452 5690 ,
3675 5679 3689 5690 .

1796 5689 1815 5717 τ
1860 5679 1963 5749 dy.
1994 5681 2126 5751 φησὶ
2159 5683 2258 5739 καί
2309 5683 2418 5739 tua.
2518 5690 2541 5721 ³
2574 5701 2664 5755 γρ.
2704 5683 3265 5743 κατασκευασθεῖσαν.
3368 5682 3390 5723 ⁸
3425 5680 3515 5738 τσο
3548 5679 3708 5754 φησει
3768 5744 3782 5756 ,
