3946 6306
197 267 237 329 2
249 267 347 330 ἱ33

1337 265 1871 327 COMMENTA-RII
1910 268 1994 329 IN
2037 268 2328 331 ISAIAM.

3316 269 3465 334 2434

198 380 276 434 Τὸ
291 379 350 434 δὲ
372 378 636 450 κήρυγμα
664 375 724 431 τὸ
737 372 975 448 Χριστοῦ
1008 374 1156 446 πάσῃ
1176 373 1394 448 γλώττῃ
1412 374 1675 441 λαλεῖται,
1693 377 1786 429 καὶ

1906 376 1980 446 lui
2016 377 2264 433 divinum
2296 376 2555 435 omnibus
2591 377 2943 451 Evangelium
2977 379 3259 451 explicuit.
3303 379 3462 438 illnc.

199 471 340 525 πᾶσι
357 469 648 541 γράμμασι
674 466 967 537 γράφεται.
981 464 1055 517 Τὸ
1070 464 1125 518 δὲ
1142 466 1254 519 οὐκ
1273 465 1342 518 ἐν
1360 464 1581 534 κρυφῇ,
1599 465 1787 519 τοῦτον

197 563 251 616 οἱ
279 560 496 624 πλειους
526 558 618 612 τδν
657 558 859 630 τρόπον
888 557 1252 627 ὲρμήνευσαν,
1308 556 1384 619 ὡς
1445 556 1512 610 ἂν
1551 554 1730 625 μήτις
1760 569 1787 597 ι

199 651 351 706 εἴποι
386 668 399 682 ·
439 650 572 713 Θεὸς
603 649 703 718 μέν
726 650 844 701 ἐστι
875 649 972 702 καὶ
1031 647 1195 717 μόνος
1245 645 1480 718 ἀληθῶς,
1512 647 1629 700 ἀλλ’
1658 644 1815 714 ἄδησ.

198 741 295 795 λον
327 741 404 812 μὴ
460 739 557 794 καὶ
603 737 797 798 ἄλλους
819 735 994 789 ἐθέλει
1021 733 1305 788 καλεῖσθαι
1346 732 1524 797 θεούς.
1596 733 1787 806 Νόμον

200 832 342 902 φησὶ
365 831 496 901 περὶ
519 828 712 883 τούτου
736 824 959 892 διέταξα
982 824 1176 892 λάθρα
1238 822 1524 893 λαλήσας
1593 825 1785 903 μηδέν.

201 919 431 990 Κατέὸη
480 919 590 990 γὰρ
637 917 665 970 ὁ
718 914 923 987 Κύριος
977 913 1072 967 ἐπὶ
1133 913 1195 966 τὸ
1247 913 1379 984 ὅρος
1411 914 1546 968 Σινᾶ
1568 916 1626 968 ὲν
1653 916 1787 972 εῖδει

201 1011 402 1083 πυρὸς,
426 1011 522 1065 καὶ
554 1008 876 1078 σαλπίγγων
899 1004 1018 1078 ἠχὼ
1034 1015 1085 1070 Ι,
1110 1005 1360 1078 βρονταῖς
1388 1023 1449 1059 τε
1473 1007 1565 1061 καὶ
1582 1008 1789 1080 ἀστρα-

201 1104 363 1169 παῖς,
391 1103 485 1156 καὶ
521 1096 647 1171 ἦνή
681 1099 983 1171 οἰκουμένη
1020 1099 1172 1152 πᾶσα
1223 1098 1517 1169 μετέωρος,
1544 1100 1699 1170 ὑμῶν
1728 1117 1791 1154 τε

203 1193 523 1263 κληθέντων
549 1192 645 1246 καὶ
669 1192 768 1260 τῆς
797 1189 1115 1258 Αἰγυπτίων
1162 1188 1574 1260 καταδυομένης
1591 1190 1789 1263 ἀρχῆς,

204 1283 311 1353 οὑχ
368 1282 455 1335 ινα
505 1282 781 1352 ματαίοις
821 1279 1146 1350 δουλεύσητε
1178 1294 1195 1310 ο
1252 1279 1504 1349 ’μάταιον
1564 1278 1674 1351 γὰρ
1730 1280 1795 1334 τὸ

205 1372 427 1426 εἴδωλον
445 1371 654 1444 εἴρηκε·
677 1369 930 1442 φανερῶς
958 1367 1071 1439 γὰρ
1101 1367 1230 1438 ὑμῖν
1254 1367 1509 1440 ἐκήρυξε,
1539 1385 1560 1419 ι
1588 1367 1795 1439 Κύριον

1891 468 2137 539 inquam,
2168 470 2315 540 quod
2348 471 2403 526 in
2444 486 2665 527 omnem
2716 485 2915 528 terram
2966 488 3156 529 eorum
3194 473 3288 543 qui
3335 489 3469 549 apo-

1889 563 2017 621 stoli
2047 564 2398 631 dicebantur,
2422 567 2575 621 vocis
2601 581 2773 622 sonus
2802 566 2986 637 erupit
3019 566 3087 621 '°.
3123 566 3289 622 Mosis
3322 567 3470 622 enim

1888 657 2116 711 oracula
2143 672 2399 713 sermone
2429 657 2651 728 quidem
2678 665 2733 713 et
2762 657 3175 713 characteribus
3205 656 3470 723 llebra-is,

1890 745 2030 801 locis
2081 746 2244 802 inviis
2299 755 2353 802 et
2396 761 2539 818 aqua
2590 747 2909 811 destitutis,
2963 747 3276 802 clanculum
3322 747 3473 802 edita

1888 834 2137 906 reperias
2168 852 2183 889 :
2214 835 2422 892 Christi
2462 842 2647 893 autem
2682 835 3036 908 Evangelium
3072 836 3318 891 omnium
3343 851 3475 903 gen-

1888 924 2027 979 tium
2077 924 2282 995 linguis
2332 935 2388 981 et
2424 926 2624 982 litteris
2669 926 3028 1001 celebratum.
3068 924 3139 980 At
3180 925 3325 994 quod
3363 939 3475 980 non

1891 1013 2055 1088 525
2082 1015 2137 1068 in
2171 1014 2482 1071 abscondito
2513 1017 2797 1084 scribitur,
2826 1017 2897 1073 ita
2921 1017 3201 1087 explicant
3227 1017 3476 1073 nonnulli

1892 1118 1957 1159 ac
1986 1107 2033 1161 si
2076 1106 2317 1174 dicatur,
2360 1108 2531 1165 Deum
2576 1109 2799 1180 quidem
2849 1109 3028 1165 solum
3073 1123 3135 1163 re
3167 1123 3297 1164 vera
3329 1124 3475 1176 esse,

1893 1197 1988 1272 sed
2037 1198 2340 1264 incertum,
2381 1216 2450 1255 an
2492 1210 2555 1265 et
2595 1201 2735 1256 alios
2785 1201 2952 1256 etiam
3011 1198 3144 1255 deos
3198 1199 3479 1272 appellare

1892 1288 2191 1357 permittat.
2236 1287 2458 1360 Legem,
2502 1290 2702 1360 inquit,
2738 1291 2841 1345 hac
2879 1292 2949 1346 de
2974 1305 3033 1345 re
3065 1290 3184 1356 tuli,
3206 1305 3384 1361 neque
3421 1291 3478 1345 in

1894 1374 2204 1432 abscondito
2244 1380 2547 1450 quidquam
2591 1380 2801 1434 locutus
2825 1396 2966 1436 sum.
3003 1380 3298 1437 Descendit
3327 1382 3476 1437 enim

204 1465 307 1519 τὸν
337 1465 469 1519 Θεόν
499 1480 592 1517 σου
617 1461 1033 1533 προσκυνήσεις,
1072 1460 1166 1513 καὶ
1190 1458 1342 1530 αὐτῷ
1395 1459 1541 1531 μόνῳ
1566 1458 1797 1531 λατρεύ-

1906 1470 1950 1523 in
1983 1466 2117 1522 Sina
2158 1480 2400 1524 montem
2434 1470 2722 1534 Dominus,
2766 1471 2820 1525 in
2857 1471 3095 1542 speciem
3136 1468 3298 1541 ignis,
3322 1471 3476 1527 tubis

209 1573 348 1621 σεις,
376 1555 471 1610 καὶ
495 1553 557 1608 ού
590 1554 838 1624 ποιήσεις
871 1551 1085 1624 σεαυτῷ
1112 1550 1358 1606 εἴδωλον.
1388 1570 1407 1603 ι
1438 1550 1707 1616 Πολλάκις
1741 1552 1799 1605 δὲ

1906 1559 2282 1630 elangentibus
2313 1564 2383 1627 “,
2417 1562 2592 1618 multo
2637 1551 2869 1629 tonitru,
2901 1564 3185 1634 multaque
3219 1579 3479 1621 corusca-

205 1647 295 1713 τὸ,
321 1645 437 1716 ἐγώ
454 1648 593 1717 ειμι,
618 1644 870 1699 λέλεκται
902 1643 1342 1715 προτρεπτικῶς,
1369 1643 1448 1707 εἰς
1472 1644 1798 1714 κατανόησιν

1906 1647 2070 1715 tione,
2107 1648 2163 1705 in
2216 1650 2509 1706 sublimem
2562 1658 2792 1722 prorsus
2838 1661 2893 1709 et
2938 1655 3212 1710 excelsam
3251 1661 3477 1718 terram,

207 1739 308 1794 τοῦ
343 1740 505 1811 μόνου
537 1739 673 1793 Θεοῦ
714 1735 907 1791 καὶτὰ
930 1736 1099 1791 πάλαι
1162 1737 1490 1806 ποιήσαντος
1520 1734 1793 1807 θαύματα.

1906 1741 2280 1811 exstinctaque
2310 1720 2694 1814 Egyptio—rum
2734 1759 2903 1816 regno
2934 1746 3116 1800 vocari
3152 1761 3252 1801 vos
3278 1753 3332 1799 et
3361 1759 3480 1801 scr-

209 1838 331 1891 vari
369 1832 569 1902 voluit;
616 1850 749 1899 non,
781 1842 841 1887 ut
886 1831 992 1902 ipsi
1039 1831 1205 1886 rebus
1239 1830 1410 1895 vanis,
1451 1831 1635 1901 qualia
1666 1839 1794 1886 sunt
1834 1848 1957 1904 qua:
2001 1835 2145 1890 idola
2192 1837 2567 1903 nominantur,
2611 1852 2737 1914 vos.
2793 1840 3205 1909 manciparetis.
3280 1841 3483 1911 Aperte

208 1929 486 1999 siquidem
521 1927 720 1993 vobis,
758 1925 1047 1981 Dominum
1096 1921 1265 1977 Deum
1317 1922 1656 1977 adorandum
1732 1939 1877 1989 esse,
1916 1929 2077 1997 eique
2134 1928 2226 1981 uni
2282 1929 2675 1995 serviendum,
2724 1946 2901 2001 neque
2957 1931 3101 1987 idola
3163 1931 3482 1988 fabricanda

207 2020 411 2077 edixit.
462 2018 562 2074 Est
621 2031 751 2071 vero
808 2012 1246 2080 advertendum,
1306 2028 1552 2085 persaipe
1598 2013 1733 2068 illud
1782 2027 1798 2067 :
1842 2013 1953 2103 Ego
1984 2034 2103 2072 sunt
2144 2018 2430 2086 Dominus,
2507 2020 2912 2080 exhortationis
2955 2023 3139 2089 modo,
3183 2025 3249 2099 ad
3323 2027 3483 2082 unius

211 2115 317 2170 Dei
353 2112 839 2182 signiﬁcationem,
875 2108 969 2180 qui
1015 2108 1196 2179 prisca
1230 2106 1497 2160 miracula
1545 2107 1805 2177 patravit,
1840 2113 2119 2182 usurpari.

287 2204 505 2263 Λαλῶν
520 2203 920 2270 δικαιοσύνην
948 2199 1048 2254 καὶ
1074 2198 1466 2270 ἀναγγέλλων
1490 2198 1795 2265 ἀλήθειαν.
1879 2199 1888 2207 ’

224 2299 474 2353 ὶιέταττε
526 2294 625 2366 μὲν
703 2294 810 2364 γὰρ
842 2294 871 2346 ὁ
936 2292 1099 2364 νόμος
1134 2290 1203 2346 τὰ
1251 2290 1502 2360 πρακτέα
1529 2290 1751 2354 δικαίως
1783 2306 1797 2320 ·

211 2390 471 2463 ᾐνίττετο
499 2387 554 2440 δὲ
602 2388 699 2441 καὶ
730 2387 846 2449 ταῖς
876 2385 1057 2448 σκιαῖς
1110 2382 1229 2451 τὴν
1284 2381 1577 2448 ἀλήθειαν
1617 2383 1685 2435 τὰ
1742 2381 1802 2436 ἐν

210 2480 442 2553 Χριστῷ
472 2474 790 2551 προτυπῶν.
823 2476 959 2548 Περὶ
1019 2475 1186 2530 αὐτοῦ
1228 2473 1338 2547 γὰρ
1396 2473 1628 2545 ὲλάλησε
1669 2474 1801 2527 Μω-

214 2571 344 2639 σῆς.
378 2570 487 2622 Kal
502 2568 678 2621 ταῦτα
706 2567 803 2637 μὲν
825 2559 994 2618 οῦτοι.
1014 2563 1173 2617 Κατὰ
1195 2561 1251 2615 δὲ
1280 2563 1382 2633 τὴν
1416 2562 1644 2634 πρώτην
1713 2561 1804 2627 ἐξ.

212 2663 443 2732 ήγησιν,
479 2661 601 2714 Οὐκ
643 2654 817 2711 εἷπον
835 2656 916 2723 τῷ
947 2653 1246 2724 σπέρματι
1273 2653 1502 2720 Ἰακὼϐ,
1537 2654 1805 2713 Μάταιον

1973 2205 2234 2276 Sequitur
2285 2213 2470 2262 autem
2507 2223 2521 2260 :
2556 2205 2662 2274 Qui
2694 2206 2969 2276 justitiam
3011 2206 3264 2278 loquitur,
3299 2218 3347 2262 et
3398 2226 3485 2265 re-

1902 2294 2117 2349 ritatem
2166 2297 2478 2350 annuntiat.
2513 2296 2826 2366 lmperabat
2867 2296 3013 2351 cnim
3057 2297 3146 2352 lex
3181 2315 3304 2368 qua:
3336 2300 3487 2368 j'uste

1904 2382 2020 2438 fieri
2062 2383 2267 2450 liceret,
2299 2385 2508 2440 umbris
2546 2393 2732 2440 autem
2772 2387 3046 2441 veritatem
3078 2386 3335 2454 innueus,
3367 2404 3486 2458 quae

1904 2473 1959 2528 in
1995 2474 2220 2531 Christo
2266 2485 2427 2532 erant
2472 2485 2601 2532 ante
2650 2478 3004 2547 depingebat,
3039 2478 3108 2539 de
3160 2494 3270 2548 quo
3309 2479 3488 2535 Moses

1905 2566 2121 2623 locutus
2170 2567 2348 2623 fuerat
2376 2571 2444 2622 ⁸².
2481 2570 2669 2639 Atque.
2713 2569 2828 2624 haec
2880 2569 3103 2639 quidem
3158 2571 3261 2637 illi,
3296 2586 3484 2625 verum

1906 2658 2208 2714 secundum
2240 2659 2475 2729 prlorem
2500 2660 2924 2727 explicationem
2954 2678 2968 2715 :
3002 2658 3131 2715 Non
3160 2660 3274 2714 dixi
3299 2662 3490 2716 semini

212 2750 535 2821 ζητήσητε.
565 2747 725 2802 Κατὰ
748 2747 806 2801 δὲ
842 2744 1157 2817 Σύμμαχον,
1189 2744 1454 2813 ματαίως
1509 2741 1806 2811 ζητήσαι-ἐ

1906 2747 2097 2813 Iacob,
2175 2748 2377 2804 Vanum
2421 2751 2643 2819 quaerite
2673 2765 2694 2814 ,'
2730 2749 3034 2805 secundum
3097 2751 3488 2820 Symmachum

205 2859 315 2911 με.
344 2842 504 2895 Κατὰ
527 2840 584 2893 δὲ
612 2839 737 2901 τοὺς
758 2836 980 2900 ἄλλους,
1017 2833 1208 2901 κενῶς
1265 2830 1570 2903 ζητήσατέ
1607 2851 1705 2905 με.
1733 2834 1807 2887 Τὸ

1908 2846 2088 2893 autem
2143 2846 2197 2893 et
2228 2839 2411 2903 alios,
2449 2836 2684 2894 Frustra
2708 2840 2929 2910 quwrite
2975 2854 3077 2893 me.
3132 2838 3487 2909 Evangelium

214 2933 332 3004 γὰρ
356 2930 687 3000 Εὑαγγέλιον
710 2927 946 3000 πρώτοις
976 2928 1106 2997 ὑμῖν
1173 2923 1508 2996 άνεκήρυξα.
1572 2918 1685 2979 Kal
1732 2924 1808 2989 ὡς

1908 2929 2180 2997 siquidem
2228 2927 2389 2984 vobis
2435 2929 2556 2999 ipse
2597 2936 2726 2983 ante
2772 2943 2966 2983 omnes
3011 2927 3383 2998 promulgavi;
3418 2941 3492 3003 ac

214 3027 290 3081 ἂν
317 3025 392 3096 μή
420 3025 609 3097 δόξητε
636 3024 815 3095 μάτην
874 3020 1171 3087 θεοσεϐεῖν,
1228 3019 1420 3090 μισθὸν
1475 3020 1604 3091 ὑμῖν
1665 3019 1808 3091 ζωὴν

1911 3033 1979 3072 ne
2014 3018 2267 3087 pietatem
2315 3016 2524 3072 frustra
2568 3018 2754 3073 colere
2798 3016 3143 3081 videremini,
3179 3016 3488 3071 mercedem

188 3106 641 3186 ¹ἐπηγγειλάμην
670 3113 909 3176 αἰώνιον,
940 3111 1036 3166 καὶ
1093 3110 1129 3163 ἃ
1174 3107 1456 3179 ὀφθαλμὸς
1514 3109 1614 3161 ούκ
1648 3103 1807 3175 εἶδεν,

1910 3111 2076 3164 etiam
2128 3112 2291 3164 vitam
2345 3118 2630 3175 alernam,
2681 3118 2990 3178 caeteraque
3035 3107 3165 3172 alia,
3211 3120 3335 3175 qua:
3389 3116 3491 3158 nec

217 3207 322 3261 καὶ
348 3206 418 3260 τὰ
448 3205 594 3275 ἑξῆς.
622 3203 845 3273 Ἐπειδὴ
868 3200 937 3255 δὲ
964 3202 1107 3268 Θεός
1132 3204 1250 3271 εἰμι
1263 3198 1472 3256 λαλῶν
1502 3198 1808 3253 δικαιοσύ-

1913 3199 2064 3254 auris
2089 3199 2319 3261 audivit,
2357 3213 2458 3254 nec
2488 3198 2684 3254 oculus
2720 3198 2879 3265 vidit,
2906 3212 3009 3252 nec
3036 3198 3092 3251 in
3123 3212 3219 3251 cor
3250 3195 3491 3279 hominis

217 3315 346 3364 νην
403 3297 502 3350 καὶ
560 3294 957 3365 ἀναγγέλλων
1003 3292 1316 3356 ἀλήθειαν,
1372 3290 1512 3344 κατὰ
1557 3290 1651 3343 τὸν
1712 3289 1808 3359 τῆς

1914 3289 2284 3353 ascenderunt
2315 3287 2384 3353 ⁸³,
2423 3301 2528 3358 ego
2568 3287 2848 3357 pollicitus
2883 3301 3029 3343 sum.
3066 3285 3170 3340 Sed
3204 3286 3316 3355 jam
3350 3300 3490 3355 quo-

185 3448 191 3453 .
220 3385 638 3454 δικαιοσύνης
666 3383 846 3453 λόγον,
878 3382 1018 3452 μετὰ
1042 3381 1167 3446 τοὺς
1190 3383 1256 3434 ἐκ
1285 3381 1609 3452 περιτομῆς,
1664 3377 1808 3432 καλῶ

1915 3379 2063 3433 niam
2094 3380 2206 3449 Ego
2228 3394 2347 3433 sum
2370 3377 2537 3445 Deus,
2561 3379 2653 3449 qui
2663 3379 2940 3448 justitiam
2961 3378 3171 3448 loquor,
3201 3387 3250 3431 et
3283 3394 3493 3432 annun-

220 3478 438 3542 πάντας
480 3477 618 3547 πρὸς
645 3477 901 3546 ἐμαυτὸν,
925 3473 1195 3545 κήρυγμά
1228 3490 1289 3526 τε
1316 3471 1579 3541 ποιοῦμαι
1611 3471 1806 3524 κοινόν.

1917 3473 1989 3524 tio
2021 3473 2295 3527 veritatem
2331 3473 2635 3529 secundum
2665 3470 2900 3540 justitite
2935 3471 3196 3537 verbum;
3227 3478 3352 3540 post
3397 3468 3494 3523 ιυ-

222 3569 584 3639 Συνάχθητε
611 3567 709 3622 καὶ
740 3566 935 3636 ἥκετε,
962 3566 1060 3619 καὶ
1102 3556 1534 3630 ,βούλεύσασθε
1589 3560 1709 3631 ἅμα
1761 3564 1815 3616 ol

222 3660 567 3729 σωζόμενοι
598 3659 717 3712 τῶν
744 3658 957 3712 ἐθνῶν.
975 3656 1125 3709 Ἀντὶ
1155 3656 1213 3709 δὲ
1242 3654 1337 3709 τοῦ
1383 3655 1816 3719 βουλεύσασθε

222 3752 374 3820 ἅμα,
434 3750 750 3820 Σύμμαχος,
798 3746 1237 3816 rapacem-laute
1320 3763 1448 3813 μοι,
1511 3746 1700 3815 φησὶν,
1758 3746 1814 3799 ol

223 3842 702 3912 διαπεφευγότες
753 3838 872 3894 τῶν
927 3838 1145 3893 ἐθνῶν.
1221 3837 1295 3892 Τὸ
1364 3838 1422 3892 δὲ
1470 3837 1817 3907 συνάχθητε

225 3933 528 3998 καλοῦντός
551 3936 700 3997 ἐστιν
721 3931 814 3996 οὓς
845 3932 874 3984 ό
925 3931 1175 3994 Σατανᾶς
1212 3929 1574 3985 διεσκέδασεν.
1610 3926 1816 3982 Ἐλθὼν

224 4024 392 4095 γὰρὸ
424 4024 616 4094 Σωτὴρ
651 4022 882 4077 θάνατον
907 4021 1170 4092 ὑπέμεινε
1217 4021 1284 4075 δι’
1312 4021 1480 4091 ἡμᾶς,
1524 4019 1636 4087 ἴνα,
1675 4020 1818 4074 κατὰ

223 4117 326 4172 τὸν
354 4113 782 4186 εύαγγελιστὴν,
826 4115 893 4168 τὰ
921 4114 1088 4167 τέκνα
1129 4111 1224 4165 τοῦ
1252 4111 1385 4165 Θεοῦ
1404 4111 1473 4164 τὰ
1502 4111 1817 4181 διεσκορπι-

227 4207 414 4277 σμένα
445 4206 727 4278 συναγάγῃ
767 4207 848 4266 εἰς
892 4204 950 4258 ἓν
990 4202 1339 4266 συνδεθέντας
1398 4202 1676 4275 όμοῲυχὶᾳ
1722 4205 1819 4258 καὶ

227 4297 441 4353 πίστει.
474 4297 587 4351 Kal
630 4296 705 4360 ὡς
758 4296 974 4368 μακρὰν
1033 4289 1185 4349 οὖσιν
1234 4293 1409 4361 ἣκειν
1464 4294 1619 4365 φησι.
1678 4293 1815 4348 Θεοῦ

225 4388 346 4461 γὰρ
373 4388 632 4458 ἀφίστησι
685 4386 885 4458 πλάνη.
921 4386 1012 4441 Διὸ
1038 4386 1131 4440 xal
1176 4384 1390 4448 Παῦλός
1459 4402 1646 4455 φησιν,
1677 4404 1697 4438 ι
1754 4386 1821 4440 Οἴ

228 4496 369 4533 ποτε
399 4479 553 4542 ὄντες
585 4479 824 4551 μακρὰν,
845 4479 1146 4551 ἐγενήθητε
1168 4476 1356 4546 ἐγγύς.
1396 4495 1415 4527 ι
1461 4478 1573 4531 Kal
1630 4477 1814 4545 πάλιν,

234 4590 256 4624 ι
290 4570 699 4641 Εύηγγελισατο
725 4570 951 4642 εἰρήνην
975 4570 1103 4641 ὑμῖν
1128 4572 1238 4633 τοῖς
1269 4570 1507 4640 μακρὰν,
1541 4570 1633 4624 καὶ
1663 4572 1822 4641 εἰρή-.

227 4679 335 4733 νην
360 4664 473 4724 τοῖς
502 4662 690 4732 ἐγγύς.
730 4682 749 4715 ι
776 4663 886 4716 Kal
911 4662 1198 4733 προφήτης
1247 4661 1307 4715 δέ
1355 4679 1541 4733 φησιν⁸
1582 4680 1601 4713 ι
1638 4662 1821 4731 Ἐγγε-

230 4769 369 4807 σατε
405 4753 485 4823 τῷ
509 4753 629 4825 Θεῷ
650 4753 742 4806 καὶ
769 4754 945 4822 ὲγγιεϊ
970 4753 1098 4822 ὑμῖν
1129 4768 1143 4784 ·
1194 4771 1213 4804 ι
1271 4752 1333 4805 τὸ
1362 4751 1419 4805 δὲ
1469 4752 1819 4817 ,βουλεύσα-

228 4847 350 4898 σθε
382 4830 520 4911 ἅμα,
546 4843 682 4912 πρὸς
713 4843 775 4896 τὸ
803 4844 897 4896 σὺν
923 4842 1182 4912 φρονήσει
1218 4840 1506 4917 προσιέναι
1564 4859 1817 4912 παρακα-

228 4933 341 4986 λεῖ.
373 4935 470 4986 Δεῖν
498 4933 605 5004 γὰρ
625 4934 805 4987 πᾶσαν
829 4932 1038 5002 πλάνην
1060 4922 1472 5003 ἀρνησαμένους
1501 4930 1645 4986 οὕτω
1661 4951 1820 5004 προσ-

233 5023 381 5078 ιέναι
411 5024 530 5096 Θεῷ
554 5024 678 5078 νοῦν
736 5022 936 5093 εὐσεϐῆ
966 5022 1065 5093 τῆς
1092 5024 1223 5093 πρὶν
1246 5021 1559 5094 ἀφροσύνης
1584 5022 1817 5088 ἀλλαξα-

237 5114 462 5182 μένους.

1917 3562 2089 3629 άαεοε,
2122 3562 2189 3617 ad
2218 3577 2306 3616 me
2337 3560 2615 3633 quoslibet
2648 3576 2750 3631 ego
2783 3561 2937 3616 nullo
2970 3560 3292 3617 discrimine
3324 3575 3494 3615 acce-

1916 3653 2066 3719 dere,
2099 3660 2153 3707 et
2198 3667 2491 3708 commune
2539 3652 2797 3707 omnibus
2840 3652 3120 3720 Evangelii
3163 3654 3492 3721 praeconium

1916 3758 2039 3799 esse
2084 3742 2277 3812 jubeo.
2338 3743 2744 3814 Congregamini
2796 3752 2849 3795 et
2910 3743 3078 3796 venite
3135 3750 3185 3795 et
3235 3743 3505 3797 consulite

1917 3837 2100 3903 simul,
2127 3839 2218 3908 qui
2245 3837 2531 3892 salvamini
2560 3836 2624 3890 de
2649 3835 2891 3907 gentibus
2915 3876 2933 3902 ,
2968 3836 3057 3890 ubi
3094 3850 3196 3905 pro
3240 3837 3496 3889 consuiite

1917 3930 2099 3995 simul,
2151 3929 2398 3985 Accedite
2444 3928 2516 3982 ad
2566 3944 2647 3982 me
2694 3929 2785 3998 qui
2831 3928 2896 3981 de
2942 3928 3185 3995 gentibus
3236 3928 3494 3998 effugistis

1919 4016 2316 4086 interpretatur
2367 4015 2752 4085 Symmachus.
2789 4013 2921 4070 ldeo
2970 4023 3154 4070 autem
3201 4032 3495 4088 congrega-

1917 4110 2049 4162 mini
2080 4108 2240 4173 dixit,
2271 4115 2329 4162 ut
2366 4106 2613 4182 cogentis
2652 4108 2804 4179 ipsos
2834 4115 2888 4163 et
2916 4109 3278 4164 convocantis
3316 4124 3499 4176 perso-

1884 4262 1887 4271 ν
1918 4213 2045 4252 nam
2072 4196 2233 4269 525
2264 4196 2618 4268 exprimeret,
2653 4198 2748 4267 qui
2780 4207 2949 4271 erant
2976 4213 3007 4251 a
3046 4199 3247 4252 Satana
3281 4197 3494 4268 disgra-

1919 4291 2052 4362 gati.
2079 4290 2217 4346 Cum
2249 4290 2492 4346 venisset
2518 4290 2665 4345 enim
2695 4305 2808 4346 non
2838 4290 2948 4358 sui,
2977 4290 3072 4346 sed
3098 4292 3272 4347 nostri
3301 4305 3495 4354 causa,

1884 4436 1887 4441 .
1920 4389 2152 4438 mortem
2187 4382 2355 4437 subiit
2389 4383 2663 4449 Salvator,
2694 4390 2754 4436 ut
2789 4382 3091 4437 Secundum
3136 4382 3499 4453 Evangelistae

1920 4473 2084 4527 verba
2109 4473 2179 4537 ⁸⁸,
2207 4472 2299 4527 Dei
2329 4471 2492 4539 ﬁlios,
2521 4472 2614 4542 qui
2642 4479 2799 4528 erant
2824 4472 3082 4543 dispersi,
3110 4472 3299 4529 eodem
3327 4474 3497 4528 animi

1919 4564 2157 4634 fideique
2196 4563 2419 4619 vinculo
2469 4579 2749 4620 connexos
2798 4564 2853 4618 in
2904 4580 3072 4620 unum
3119 4577 3493 4643 congregaret.

1922 4654 2130 4710 Deinde
2174 4663 2432 4726 tanquam
2468 4655 2627 4726 longe
2657 4655 2863 4723 absint,
2894 4666 3171 4711 venturum
3202 4674 3261 4714 se
3295 4659 3495 4713 innuit.
3547 4647 3551 4651 ”

1926 4746 2090 4803 Arcet
2114 4747 2259 4805 enim
2282 4756 2336 4804 et
2362 4748 2583 4817 separat
2607 4762 2638 4802 a
2670 4746 2781 4802 Deo
2806 4763 2961 4804 error
2982 4751 3120 4819 ipse.
3145 4748 3383 4820 indeque
3413 4756 3496 4802 est

1929 4839 2084 4894 Pauli
2128 4839 2264 4893 illud
2312 4857 2325 4894 :
2377 4856 2396 4889 ι
2434 4836 2540 4903 Qui
2589 4838 2885 4906 aliquando
2936 4839 3104 4895 eratis
3152 4839 3332 4909 longe,
3368 4839 3495 4893 facti

1923 4932 2059 4988 estis
2105 4946 2274 5002 prope
2303 4933 2370 4985 ⁸⁸.
2409 4949 2427 4982 ›
2483 4929 2550 4983 Et
2597 4946 2816 4987 rursum
2855 4950 2869 4986 :
2914 4950 2937 4982 ι
2971 4930 3374 5001 Evangelisavit
3405 4947 3498 5000 pa-

1922 5040 2041 5080 cem
2088 5023 2266 5088 vobis,
2309 5023 2400 5092 qui
2452 5023 2617 5092 longe
2672 5021 2881 5088 fuistis,
2917 5033 2972 5078 et
3026 5037 3214 5092 pacem
3266 5023 3353 5088 iis,
3402 5023 3495 5091 qui

1882 5131 2085 5189 [pr0pe
2114 5114 2183 5168 ⁵⁸.
2220 5132 2240 5166 ι
2291 5114 2359 5168 Et
2409 5103 2688 5184 prophetae
2735 5114 2901 5169 etiam
2934 5131 2948 5168 :
2991 5131 3007 5163 I
3043 5113 3493 5183 ApprOpiuquate

238 5203 374 5270 Deo,
414 5212 468 5259 et
509 5204 975 5275 appropinquabit
1003 5203 1161 5260 vobis
1193 5203 1252 5265 ⁵⁷,
1297 5222 1318 5257 ι
1349 5204 1413 5260 At
1447 5204 1592 5276 quod
1636 5207 1896 5261 consulite
1980 5206 2144 5260 simul
2195 5206 2352 5273 dicit,
2427 5208 2501 5260 ita
2556 5213 2718 5262 caute
2759 5214 2813 5262 et
2861 5202 3157 5275 prudenter
3239 5202 3498 5260 accedere

348 5385 395 5417 ⁵⁸
426 5383 570 5438 Psal.
608 5396 768 5446 xvm,
802 5381 865 5445 5;
897 5382 1059 5436 Rom.
1105 5397 1160 5444 ι,
1200 5380 1286 5435 l8.

238 5472 302 5522 η,
335 5456 391 5511 9.
468 5457 512 5488 "
542 5451 789 5519 .loan.x|,
830 5452 920 5506 5‘2.
995 5452 1043 5484 ⁸⁸
1080 5451 1277 5522 Ephes.
1316 5467 1376 5517 ιι,
1409 5452 1496 5506 15.

1399 5380 1445 5453 ⁸ί¹
1486 5381 1657 5453 Exod.
1696 5400 1809 5446 XIX,
1845 5384 1866 5437 i
1908 5399 2063 5453 seqq.

2159 5385 2204 5415 ⁵⁸
2265 5382 2426 5438 Joan.
2489 5400 2541 5454 v,
2576 5382 2667 5437 46.
2768 5381 2941 5437 "lsa.
2976 5379 3228 5447 utv,4;
3286 5378 3304 5435 Ι
3358 5376 3491 5441 Cor.

1609 5452 1656 5484 ⁵⁸
1690 5455 1820 5507 ibid.
1856 5454 1941 5507 17.
1990 5452 2067 5485 “¹⁵⁷
2096 5452 2209 5509 Jac.
2246 5472 2319 5519 tv,
2354 5456 2407 5507 8.

1535 5563 1761 5621 VARUS
1805 5566 2206 5625 LECTIUNES.

316 5670 344 5700 ι
387 5676 476 5732 γρ.
520 5660 571 5712 εἴ
601 5676 699 5723 τις.
779 5665 805 5706 1
844 5656 933 5711 ἵσ.
964 5656 1102 5727 ἤχῳ.
