3954 6308
465 251 636 327 ⁷2439

1793 231 2155 316 PROCOPII
2208 250 2454 312 GAZ/EI

3631 254 3776 322 9.540

469 372 868 447 iumentisque
886 371 1127 438 caeteris,
1147 369 1348 442 quibus
1371 367 1701 435 avehentur,
1725 370 1872 424 oneri
1897 368 2068 424 futura

2182 368 2249 422 ἂν
2279 369 2376 422 καὶ
2407 369 2576 440 ἠγετο
2609 366 2747 440 πρδς
2791 368 2900 422 τῶν
2931 331 3212 438 πολεμίων
3246 369 3626 442 αἰχμάλωτας
3662 377 3775 441 πῶς

494 476 658 534 sunt;
692 465 787 520 sed
823 463 961 520 viris
995 464 1185 530 etiam,
1221 477 1460 534 quorum
1491 462 1738 518 humeris
1768 463 2070 533 gestaban-

491 563 606 621 tur,
643 555 875 610 laborem
929 555 1198 624 paritura.
1251 553 1448 610 Verum
1480 553 1607 626 quis
1651 553 1820 610 Deum
1851 563 2074 625 gestans

492 648 764 704 inllrmior
811 647 1046 702 evadat?
1084 644 1202 701 Non
1231 661 1365 714 ergo
1393 645 1467 700 dii
1496 646 1590 701 illa
1623 656 1772 702 sunt.
1797 647 1902 712 Qui
1929 646 2073 701 enim

491 750 652 812 capta
681 740 752 794 ab
789 738 1048 794 hostibus
1082 737 1138 791 in
1183 737 1442 798 exsilium
1497 737 1914 793 traducantur?
1967 736 2074 804 Qui

489 830 709 886 damnis
737 844 950 896 eorum,
978 844 1009 884 a
1040 829 1242 900 quibus
1271 816 1595 895 adorantur,
1613 845 1722 886 non
1739 830 2078 897 tangantur?

493 919 700 975 Volunt
743 919 838 974 alii
877 920 1195 976 sacerdotes
1241 934 1363 984 eos,
1420 921 1516 990 qui
1561 922 1618 975 in
1675 920 2073 976 dmmoniorum

472 1011 711 1080 pompis
727 1011 969 1081 ipsorum
995 1009 1201 1066 fercula
1223 1010 1566 1081 bajulabant,
1591 1011 1718 1066 dum
1745 1026 1842 1080 per
1863 1011 2075 1082 plateas

487 1103 832 1168 incederent,
866 1102 1141 1158 idolorum
1171 1103 1386 1172 pondus
1415 1118 1528 1158 non
1561 1095 1683 1158 sine
1714 1103 1906 1158 labore
1940 1117 2070 1158 sus-

488 1193 751 1250 tinuisse.
799 1194 928 1250 lstis
975 1209 1111 1250 vero
1161 1193 1420 1249 admonet
1468 1193 1746 1250 lsraelitas
1802 1194 1967 1250 etiam
2004 1194 2073 1250 de

487 1283 770 1350 hostibus,
803 1299 832 1339 a
863 1284 1062 1356 quibus
1091 1295 1315 1356 propter
1344 1284 1620 1340 idolorum
1652 1287 1865 1341 cultum
1897 1287 2072 1341 abdu-

484 1375 846 1442 cendisunt;
885 1377 1182 1446 animoque
1209 1361 1474 1446 relinquit
1505 1377 1864 1447 cogitandum
1903 1393 2071 1448 quam

484 1479 654 1534 grave
683 1467 755 1520 sit
787 1473 839 1522 et
877 1467 1226 1522 intolerabile
1259 1467 1656 1522 daemoniorum
1695 1485 1832 1524 onus
1866 1468 2072 1523 anima-

483 1555 596 1612 bus
635 1557 728 1622 iis,
759 1572 883 1627 quae
914 1567 1208 1628 postquam
1238 1573 1298 1613 se
1333 1558 1603 1628 impietati
1661 1561 2068 1630 manciparunt,

486 1645 740 1702 confecto
779 1645 925 1701 bello
962 1663 1066 1700 non
1099 1647 1263 1702 aliter
1319 1663 1488 1718 quam
1540 1648 1742 1718 captivi
1799 1649 2068 1705 scelerum

481 1738 700 1794 catenis
729 1738 986 1792 revincta:
1014 1737 1303 1794 ducuntur.
1336 1717 1472 1796 iEos
1501 1717 1701 1796 deinde
1733 1755 1844 1796 non
1877 1739 2070 1806 Iacob,
2103 1717 2146 1772 Β

483 1831 582 1886 sed
610 1829 828 1886 domum
887 1829 1057 1886 Iacob
1119 1840 1334 1888 tantum
1369 1832 1646 1898 nominat,
1684 1841 1920 1904 propter
1951 1831 2070 1888 alli-

483 1922 712 1977 nitatem
767 1923 934 1994 529
961 1939 1085 1979 cum
1111 1940 1304 1998 carpe,
1337 1934 1388 1980 et
1419 1926 1680 1996 reliquias
1718 1925 1912 1993 Israel,
1943 1936 2073 1982 tan-

481 2030 651 2083 quam
693 2017 826 2086 feces
885 2017 1000 2085 ejus
1051 2017 1284 2086 aliquas,
1337 2024 1392 2071 et
1443 2025 1818 2072 excrementa.
1874 2017 2075 2073 Putant

483 2108 739 2162 nonnulli
766 2106 1018 2161 abductis
1037 2109 1091 2161 in
1118 2109 1482 2178 captivitatem
1509 2112 1822 2180 permultis.
1852 2111 2070 2165 unicam

485 2198 727 2261 domum,
767 2207 1032 2265 tanquam
1066 2197 1326 2254 immanis
1359 2197 1408 2254 ei
1443 2199 1692 2254 barbarae
1723 2200 2070 2258 crudelitatis

486 2288 750 2358 reliquias
781 2289 1047 2358 appellari
1080 2305 1098 2343 ς
1131 2289 1283 2360 quod
1321 2297 1378 2346 et
1407 2291 1557 2361 ipsos
1584 2293 1777 2356 etiam,
1825 2293 1934 2349 nisi
1979 2309 2070 2350 re-

486 2379 785 2448 sipuerint,
819 2395 1183 2450 perpessuros
1217 2395 1340 2437 esse
1369 2394 1481 2436 non
1509 2382 1844 2439 dissimulat.
1871 2383 2076 2441 Volunt

485 2471 580 2526 alii
607 2469 675 2525 ad
703 2486 920 2536 eorum,
947 2487 1068 2541 quae
1098 2471 1244 2527 dicta
1275 2481 1405 2530 sunt
1430 2514 1446 2540 ,
1476 2475 1890 2533 meditationem
1921 2478 2074 2550 ipsos

485 2562 758 2629 revocari,
800 2577 941 2632 quos
981 2563 1171 2620 Jacobi
1198 2579 1400 2634 genere
1453 2567 1755 2638 gloriantes
1809 2585 1912 2641 par
1965 2570 2072 2624 l‘uit

485 2653 732 2724 ejusdem
771 2669 956 2711 mores
984 2655 1213 2711 imitari.
1237 2655 1352 2714 Etsi
1381 2658 1551 2723 enim,
1587 2661 1791 2730 inquit,
1823 2661 2072 2734 reliquiae

2173 461 2220 514 δ’
2252 461 2320 515 ἂν
2357 461 2531 514 ταῦτα
2576 461 2854 524 παθόντας
2896 462 3022 526 τοὺς
3064 460 3229 526 ἰδίους
3279 463 3550 534 παρεῖδον
3601 481 3777 536 προσ.

2175 554 2453 624 κυνητάς;
2481 553 2664 628 ’Ἄλλοι
2694 551 2753 606 δέ
2790 569 2956 623 φασιν
2983 552 3062 617 ὡς
3089 555 3149 607 ὲν
3180 555 3302 617 ταῖς
3327 553 3438 608 τῶν
3469 555 3773 624 δαιμονίων

2175 647 2428 716 πομπαῖς
2466 643 2858 716 ἐκκομίζοντες
2889 647 3056 717 ἱερεῖς
3093 647 3164 700 τὰ
3186 645 3486 718 ἀγάλματα
3511 646 3774 719 φέροντες

2175 740 2263 792 ἐπ’
2297 739 2488 811 ὤμων,
2521 737 2619 802 τὰς
2650 737 2918 802 πλατείας
2968 737 3410 811 ἀχθοφοροῦντες
3453 741 3770 812 διήρχοντο.

2175 831 2280 884 Τδν
2322 829 2539 904 Ἰσραὴλ
2564 830 2622 884 δὲ
2660 828 2752 886 διὰ
2785 829 2996 884 τούτων
3051 831 3468 904 ὑπομιμνήσκει
3517 833 3619 887 καὶ
3665 833 3770 888 τῶν

2176 921 2496 989 άπαξόντων
2537 922 2753 986 ,αὐτοὺς
2782 921 3086 993 πολεμίων,
3108 922 3186 987 ὡς
3223 923 3296 977 τά
3352 923 3560 978 εἴδωλα
3595 941 3771 996 προσ-

2175 1018 2313 1084 κυνή
2322 1031 2542 1080 σαντας,
2561 1015 2656 1068 καὶ
2680 1013 2822 1070 κατά
2837 1014 3080 1069 διάνοιαν
3110 1015 3514 1085 αἰνιττόμενος,
3532 1015 3614 1078 ὡς
3631 1015 3772 1087 βαρὺ

2174 1108 2271 1162 καὶ
2301 1107 2712 1162 δυσϐάστακτον
2740 1107 2942 1178 ψυχαῖς
2969 1105 3030 1158 τὸ
3049 1105 3160 1159 τῶν
3188 1103 3465 1176 δαιμόνων
3488 1108 3770 1175 φορτίον,

2177 1200 2399 1270 ἐπειδάν
2418 1200 2588 1264 αὐτὰς
2607 1199 2834 1270 ἀσεϐείᾳ
2857 1196 3398 1261 καταδουλώσωνται,
3417 1198 3584 1268 δίκην
3603 1201 3780 1268 αἰχμ-

2184 1291 2408 1346 αλώτων
2474 1294 2694 1364 σειραῖςτ
2763 1290 2936 1354 αὐτὰς
2999 1288 3420 1360 ἁμαρτημάτων
3467 1287 3775 1358 δεδεμένας

2173 1385 2533 1456 ἀπάγοντες,
2561 1384 2656 1438 τοῦ
2715 1385 2848 1449 παρ’
2881 1383 3062 1438 αὐτῶν
3111 1381 3353 1451 πολέμου
3397 1379 3585 1450 πέρας
3612 1377 3775 1434 τοῦτο

2175 1475 2513 1546 ποιούμενοι.
2535 1469 2668 1527 Εἶτα
2692 1474 2852 1528 καλεῖ
2873 1473 3076 1536 αὐτοὺς
3107 1473 3209 1526 οὐκ
3235 1469 3458 1536 Ἰακὼϐ,
3487 1469 3615 1524 ἀλλ’
3639 1470 3774 1523 αὐτὸ

2175 1568 2339 1640 μόνον
2362 1563 2532 1623 οἷκον
2575 1565 2804 1632 Ἰακὼϐ,
2835 1567 2922 1619 διὰ
2973 1566 3072 1635 τὴν
3123 1564 3266 1618 κατὰ
3317 1564 3506 1634 σάρκα
3561 1563 3772 1630 sunt-

2175 1677 2348 1726 νειαν,
2379 1659 2475 1714 καὶ
2514 1657 2850 1714 κατάλοιπον
2895 1655 3138 1728 Ἰσραὴλ,
3166 1655 3250 1721 ὡς
3279 1655 3468 1725 τρύγα
3493 1657 3638 1708 τινὰ
3673 1654 3772 1708 και

2170 1751 2535 1821 περίττευμα
2581 1748 2854 1818 Ἰσραήλ.
2887 1747 3044 1812 Τινὲς
3083 1747 3142 1801 δέ
3166 1762 3332 1814 φασιν
3359 1746 3437 1808 ὡς
3466 1745 3585 1798 τῶν
3617 1744 3770 1797 πλεί·

2176 1857 2320 1894 στων
2371 1841 2462 1906 εἰς
2511 1838 2940 1909 αἰχμαλωσίαν
2987 1835 3289 1906 ἀχθέντων,
3334 1833 3534 1904 ὥσπερ
3592 1829 3766 1888 οἷκον

2172 1932 2282 1988 ἕνα
2301 1932 2461 1988 καλεῖ
2489 1932 2586 1986 καὶ
2616 1916 2962 2002 βαρϐαρικῆς
2983 1929 3267 2000 ὠμότητος
3289 1927 3579 1998 λείψανον.
3599 1925 3770 1980 Τοῦτο

2171 2025 2286 2096 γάρ
2312 2025 2509 2089 αὐτοὺς
2535 2023 2822 2078 πείσεσθαι
2846 2021 2922 2094 μὴ
2945 2019 3344 2094 μετανοοῦντας
3365 2035 3566 2090 φησιν.
3584 2018 3771 2072 Ἄλλοι

2171 2118 2232 2173 δέ
2253 2135 2418 2188 φασιν
2435 2117 2514 2182 ὡς
2534 2117 2673 2190 πρὸς
2691 2117 2792 2189 τὴν
2807 2116 2916 2170 τῶν
2944 2113 3256 2188 εἰρημένων
3277 2113 3482 2176 αὐτοὺς
3500 2113 3633 2182 ἄγει
3653 2129 3772 2166 συν-

2173 2207 2468 2281 αίσθησινῖ
2514 2207 2712 2262 Ἰακὼϐ
2761 2207 2872 2280 γὰρ
2901 2206 3198 2278 αὐχοῦντες
3244 2202 3388 2260 εἰναι
3439 2204 3630 2271 γένος,
3677 2203 3769 2257 τὸν

2171 2299 2389 2354 ἐκείνου
2418 2299 2623 2371 τρόπον
2647 2296 2846 2370 ζηλοῦν
2867 2299 3008 2352 εἰσιν
3029 2294 3192 2365 ἄξιοι.
3207 2295 3272 2349 Εἰ
3295 2295 3408 2366 γὰρ
3427 2297 3532 2348 καὶ
3546 2294 3772 2364 λεῖμμα

2171 2389 2476 2461 τυγχάνετε
2522 2387 2620 2442 τοῦ
2661 2387 2912 2456 Ἰσραὴλ
2964 2385 3065 2441 δύο
3101 2383 3553 2457 περιλειφθεῖσαι
3603 2384 3771 2454 φυλαὶ

2172 2483 2255 2552 (αἰ
2275 2482 2384 2554 γὰρ
2415 2482 2548 2536 δέκα
2572 2481 2710 2553 πρὸς
2743 2478 3136 2550 αἰχμαλωσίαν
3169 2476 3559 2548 ἀπήχθησαν),
3597 2493 3770 2546 μετα-

2175 2573 2432 2639 νοοῦντας
2482 2575 2634 2644 ὃμως
2671 2573 2733 2626 οὐ
2787 2571 3142 2644 περιόψομαι.
3189 2569 3396 2624 Λοιπὸν
3455 2570 3653 2632 αὐτοῖς
3695 2567 3771 2632 ὡς

2174 2665 2411 2735 ἀνόνητα
2447 2663 2712 2735 μελετῶσι
2737 2701 2754 2727 ,
2797 2662 2890 2716 τὸν
2934 2662 3100 2734 νόμον
3159 2660 3221 2728 ἐξ
3269 2660 3503 2714 ἁπαλῶν
3551 2659 3768 2729 ὀνύχων

487 2745 610 2801 sitis
641 2744 818 2800 Israel
848 2746 972 2802 dua:
1006 2749 1188 2804 tribus
1209 2749 1335 2815 illae,
1368 2767 1492 2821 qua:
1517 2751 1904 2820 de_duodecim
1939 2756 2075 2826 (de-

487 2847 606 2890 cem
643 2835 790 2890 enim
833 2836 976 2892 bello
1017 2849 1206 2910 captas
1232 2847 1287 2896 et
1327 2840 1596 2899 abductas
1649 2859 1774 2901 esse
1817 2847 2073 2918 constat)

485 2924 668 2980 adhuc
693 2936 919 2984 manent
945 2929 1276 2998 incolumes,
1309 2946 1405 2988 eos
1437 2941 1640 3000 tamen,
1676 2936 1882 3006 quibus
1934 2939 2068 2994 resi-

2175 2937 2366 2991 τοῦτο’
2425 2956 2444 2989 ι
2484 2937 2598 2990 Καὶ
2653 2935 2778 2989 λαοὶ
2811 2935 3149 3011 ἐμελέτησαν
3192 2935 3351 2990 κενά.
3389 2953 3409 2988 ι
3465 2935 3774 2990 Εἰδωλοὶα-

485 3016 706 3087 pisccre
730 3019 1025 3088 placuerit,
1069 3038 1181 3078 non
1217 3038 1338 3079 sum
1368 3025 1742 3096 neglecturus.
1780 3028 2068 3100 Deinceps,

2177 3027 2436 3097 τροῦντες
2475 3028 2604 3100 γὰρ,
2633 3026 2990 3099 προφητικῶν
3028 3028 3110 3091 εἰς
3145 3027 3378 3096 ἔλεγχον
3419 3026 3650 3081 ἐδέοντο
3684 3027 3775 3081 λό-

485 3115 746 3178 tanquam
765 3103 972 3165 lrustra
992 3111 1259 3178 laborent,
1288 3115 1461 3185 legem
1489 3117 1590 3181 eis,
1618 3119 1672 3172 in
1694 3133 1800 3190 qua
1827 3135 1858 3175 a
1877 3123 2068 3176 teneri:

2181 3139 2316 3192 γων.
2353 3120 2554 3188 Ὑμεῖς
2585 3119 2684 3191 μὲν
2709 3115 2803 3173 οὖν
2823 3121 2872 3172 οἰ
2907 3119 3066 3173 αὐτοὶ
3092 3117 3192 3190 τὴν
3211 3118 3422 3188 πλάνην
3447 3135 3463 3149 ·
3494 3118 3620 3187 ὶγὼ
3655 3121 3714 3174 δὲ
3743 3119 3774 3172 ό

485 3199 710 3268 ungulis
735 3200 938 3254 eruditi
965 3201 1200 3268 fuerant,
1233 3201 1553 3275 exprobrat.
1584 3207 2068 3268 Circumcisionem

2179 3213 2342 3278 αὐτὸς
2379 3213 2480 3284 τὴν
2510 3211 2947 3283 φιλανθρωπίαν,
3000 3211 3102 3282 τὴν
3131 3210 3406 3283 ὑμετέραν
3453 3211 3548 3264 ἀεὶ
3591 3228 3772 3284 σωτη-

481 3288 632 3344 enim
661 3300 860 3345 octavo
890 3293 981 3347 die
1015 3294 1222 3364 adepti,
1257 3296 1311 3350 in
1347 3298 1474 3355 aliis
1529 3300 1694 3354 etiam
1750 3302 1888 3374 legis
1938 3320 2068 3375 prse-

2180 3303 2305 3374 ρίαν
2331 3300 2533 3374 ζητῶν,
2551 3301 2652 3354 καί
2675 3300 3011 3367 παιδεύσας
3031 3301 3176 3372 ὑμᾶς
3197 3301 3574 3372 αἰχμαλωσίᾳ,
3607 3301 3772 3356 πάλιν

484 3379 666 3447 eeptis
699 3380 774 3434 ita
829 3382 1159 3451 educantur,
1207 3395 1266 3440 ut
1313 3402 1427 3443 non
1483 3388 1764 3446 immerito
1819 3393 2068 3451 dicatur:

2175 3393 2386 3460 ἀνήσω
2445 3391 2670 3464 δεσμοῦ.
2726 3393 2815 3456 Ὠς
2875 3391 2986 3464 γάρ
3024 3391 3209 3464 ἰατρὸς
3257 3390 3466 3461 ἀγαθὸς
3515 3391 3620 3447 νῦν
3673 3392 3773 3463 μὲν

490 3487 511 3520 ι
553 3468 621 3522 Et
649 3471 835 3540 populi
871 3472 1119 3528 meditati
1152 3483 1283 3530 sunt
1329 3478 1515 3535 inania
1545 3480 1610 3536 “.
1632 3501 1679 3551 ,ρ
1733 3484 1870 3538 Cum
1923 3487 2068 3542 enim

2180 3486 2436 3550 ἀπειλαῖς
2465 3484 2689 3552 αὐτοὺς,
2715 3483 2811 3540 νῦν
2849 3485 2909 3539 δὲ
2947 3485 3112 3541 πάλιν
3141 3484 3366 3554 ἀγαθῶν
3394 3485 3772 3556 ὑποσχέσεων

484 3559 554 3614 ad
590 3561 962 3618 idololatriam
997 3580 1058 3622 se
1087 3569 1520 3639 convertissem,
1573 3575 1918 3648 prophetico,
1947 3593 2068 3634 ser-

2177 3559 2428 3651 ἀρπάσαι
2455 3579 2720 3650 πειρᾶται
2747 3577 2842 3632 τοῦ
2866 3577 3118 3632 διαϐόλου
3141 3577 3362 3648 χειρῶν.

484 3665 648 3707 mone
690 3653 758 3708 ad
786 3670 1030 3713 errorem
1093 3662 1484 3720 revincendum
1537 3683 1678 3740 Opus
1729 3671 2068 3729 habuerunt.
2108 3671 2221 3729 Vos
2255 3687 2408 3744 ergo,
2441 3671 2641 3740 inquit,
2710 3679 2977 3742 quantum
3022 3672 3091 3726 ad
3167 3671 3428 3742 petit-andi
3480 3672 3770 3728 licentiam

483 3748 702 3814 attinet,
740 3750 898 3805 iidem
937 3755 1099 3824 plane
1129 3759 1498 3818 remansistis.
1547 3765 1662 3837 Ego
1721 3781 1854 3822 vero
1881 3768 2072 3825 eodem
2114 3783 2332 3838 semper
2356 3769 2413 3823 in
2441 3781 2542 3822 vos
2575 3767 2785 3832 animo,
2825 3766 3130 3838 eademque
3195 3767 3587 3822 benevolentia
3671 3783 3769 3823 ex-

484 3843 714 3910 ενίειοηδν
747 3844 924 3916 deliine
954 3857 1138 3906 vestra
1164 3868 1388 3926 semper
1417 3858 1596 3915 salute
1659 3863 1954 3932 sollicitus,
2015 3879 2141 3928 curn
2179 3879 2279 3921 vos
2308 3863 2634 3935 captivitate
2667 3865 3020 3934 castigarem,
3075 3862 3316 3918 vinculis
3361 3861 3636 3918 liberatos
3677 3863 3766 3916 di-

482 3938 716 4030 mittam.
753 3939 859 4030 Eos
885 3944 1030 3998 enim
1096 3961 1208 4002 non
1275 3951 1435 4007 aliter
1495 3969 1662 4025 quam
1717 3959 1930 4028 peritus
1975 3958 2248 4026 medicus,
2309 3959 2507 4030 partim
2551 3958 2738 4025 minis,
2786 3957 2986 4030 partim
3049 3957 3213 4014 etiam
3267 3947 3766 4028 pollicitationibus

2174 2754 2472 2810 ὠνείδισεν.
2525 2753 2818 2826 Δεχόμενοι
2871 2753 2980 2825 γὰρ
3029 2751 3336 2823 περιτομὴν
3384 2751 3766 2822 ὀκταήμερον,

2175 2851 2286 2910 τοῖς
2320 2847 2503 2912 ἄλλοις
2553 2847 2807 2918 νομίμοις
2834 2845 3208 2916 ὲντρέφονται,
3239 2845 3318 2908 ὡς
3357 2843 3628 2916 εἰρῆσθαι
3677 2845 3772 2898 διὰ

483 4029 550 4082 de
579 4027 783 4084 diaboli
825 4034 1076 4090 manibus
1115 4038 1330 4109 eripere
1359 4053 1615 4100 conatur.

554 4113 718 4186 530
752 4117 920 4175 Vens.
948 4121 1114 4180 5-H.
1173 4127 1274 4182 Cui
1307 4147 1386 4186 me
1435 4135 1823 4192 assimilastis?
1872 4138 2058 4208 videte,

489 4209 784 4277 excogitata
829 4215 922 4282 qui
963 4219 1180 4283 erratis,
1229 4231 1280 4275 et
1317 4225 1409 4292 qui
1455 4229 1704 4296 confertis
1749 4247 1940 4296 aurum
1997 4232 2062 4288 tle

483 4303 782 4369 marsupio,
817 4315 866 4357 et
897 4318 1170 4378 argentum
1195 4310 1249 4364 in
1277 4323 1478 4370 statera
1509 4319 1830 4388 appenditis,
1863 4331 1914 4376 et
1935 4339 2062 4378 con-

2238 4141 2408 4190 ε’-ια’.
2431 4137 2550 4191 Τίνι
2571 4151 2649 4205 με
2673 4134 3052 4204 ὼμοώσατε;
3079 4135 3255 4202 were,
3272 4133 3762 4205 τεχνάσασθε,οι

2168 4226 2576 4297 πλανώμενοι,
2622 4225 2724 4282 καί
2751 4229 2808 4281 οἰ
2855 4227 3350 4298 συμϐαλλόμενοι
3378 4230 3650 4298 χρυσίον
3694 4231 3762 4284 ἐι

2163 4319 2567 4388 μαρσιππίου,
2592 4317 2694 4372 καί·
2724 4317 3010 4387 ἀργύριον
3035 4317 3107 4371 ἐν
3133 4315 3286 4387 ζυγῷ
3302 4317 3666 4384 στήσωσιν
3690 4321 3762 4374 ἐν

474 4390 676 4444 ducitis
708 4395 1004 4463 auriﬁcem.
1045 4397 1308 4456 Fecerunt
1339 4408 1673 4477 manufacta,
1703 4421 1756 4466 et
1787 4414 2054 4470 iucurvati

2174 4409 2418 4481 σταθμῷ
2444 4427 2459 4442 ο
2489 4410 2588 4464 καί
2632 4407 3082 4480 μισθωσάμενοι
3111 4408 3404 4478 χρυσίον,
3445 4409 3758 4498 ἐποίησαν

480 4482 712 4534 adorant
744 4483 861 4538 illa.
901 4485 1118 4542 Tollant
1143 4490 1408 4563 humeris,
1438 4506 1487 4552 et
1520 4499 1823 4572 ambulant,
1854 4513 1960 4562 etc.

541 4743 765 4808 Talem,
823 4746 1028 4819 inquit,
1086 4753 1148 4808 in
1201 4771 1298 4812 vos
1343 4774 1444 4814 me
1503 4761 1623 4832 ipse
1649 4767 2062 4836 praestitinos

470 4849 688 4937 autem,
722 4842 778 4897 in
793 4851 1066 4937 'quantam
1104 4848 1402 4921 impietatis
1426 4853 1823 4916 absurditatem
1848 4864 2062 4937 delapsi

479 4931 638 4998 éstis,
673 4935 1058 5004 considerate;
1088 4942 1182 5010 qui
1239 4957 1471 5014 corpore
1526 4961 1806 5008 carentem
1849 4931 2061 5012 morta-

469 5023 608 5078 lium
640 5023 835 5082 formis
868 5029 1226 5089 subdideritis
1266 5051 1280 5088 :
1313 5039 1404 5106 qui
1448 5055 1644 5096 aurum
1687 5057 1737 5100 et
1785 5025 2077 5118 argentum

464 5118 826 5187 contuleritis,
865 5122 958 5192 qui
1008 5123 1187 5180 forma
1219 5131 1460 5186 materiae
1493 5134 1714 5192 inducta
1748 5137 1858 5195 Deo
1889 5141 2064 5197 hono-

475 5223 594 5262 rem
654 5211 822 5267 tribui
876 5219 1229 5284 putaveritis.
1280 5221 1399 5286 Quo
1449 5223 1791 5286 delensionis
1825 5232 2062 5290 artificio

469 5309 687 5392 (πιιιιειι
737 5302 886 5358 ismd
935 5306 1306 5376 depuleritis‘l
1353 5311 1449 5368 Vel
1503 5318 1725 5374 tandem
1773 5320 1940 5392 igitur
1984 5325 2055 5380 ad

471 5405 610 5482 meae
635 5391 856 5450 deitatis
884 5401 1273 5466 cogitationem
1311 5405 1638 5476 resipiscite,
1667 5391 1868 5482 meque
1897 5430 2054 5471 sem-

466 5481 756 5552 piternum
777 5497 832 5544 et
866 5492 1041 5546 solum
1071 5492 1238 5552 Dcu‘m
1268 5513 1392 5556 esse
1418 5504 1728 5572 agnoscite.
1758 5505 1934 5580 Hujus
1963 5509 2047 5566 vel

567 5657 622 5689 ⁸⁶
649 5656 800 5712 Psal.
847 5677 909 5727 ιι,
951 5664 998 5716 I.

2161 4502 2588 4571 χειροποίητα,
2640 4497 2742 4553 καί
2789 4497 3103 4566 κύψαντες
3133 4497 3600 4564 προσκυνοῦσιν
3642 4501 3756 4554 ab-

2160 4591 2306 4657 τοῖς.
2337 4591 2632 4659 Δτρουσιν
2649 4587 2808 4643 αὐτὸ
2833 4586 2938 4640 ἐπὶ
2964 4586 3072 4644 τοῦ
3095 4587 3287 4656 ὤμου,
3321 4587 3424 4642 καί
3453 4591 3756 4658 πορεύομ-

2161 4699 2284 4750 ται,
2315 4699 2372 4735 κ.
2399 4699 2453 4736 τ.
2481 4681 2529 4735 λ.

2245 4772 2386 4843 Ἐγὼ
2415 4773 2516 4845 μὲν
2545 4773 2686 4844 περὶ
2725 4773 2891 4842 ὑμᾶς,
2917 4771 3076 4843 φησὶ,
3106 4771 3350 4837 τοιοῦτός
3374 4773 3512 4844 εἰμι.
3551 4773 3753 4846 Ὑμεῖς

2161 4864 2218 4920 δὲ
2241 4863 2532 4934 λογίσασθε
2557 4863 2696 4933 πρὸς
2719 4863 2852 4932 ὅσην
2881 4863 3142 4928 ἀσεϐείας
3163 4863 3398 4918 ἀτοπίαν
3419 4857 3748 4928 ἐκπίπτετι,

2161 4954 2254 5020 τὸν
2275 4951 2566 5024 ἀσώματον
2594 4951 2768 5005 εἰκόσι
2794 4951 3006 5023 θνητῶν
3038 4951 3454 5018 ὑποϐάλλοντες·
3479 4956 3750 5022 χρυσίον

2161 5045 2263 5100 καί
2287 5045 2578 5114 ἀργύριον
2597 5043 3142 5114 συνεισφέροντες,
3174 5041 3276 5116 ὕλῃ
3311 5045 3409 5099 καὶ
3435 5045 3636 5099 πλάσει
3669 5063 3725 5100 τι

2163 5139 2271 5210 μᾷν
2303 5137 2402 5210 τῂν
2445 5138 2596 5193 θείαν
2641 5137 2804 5206 φύσιν
2830 5136 3149 5210 ἡγούμενοι.
3199 5139 3346 5210 Πρὸς
3385 5138 3547 5192 τοῦτο
3579 5140 3750 5196 ποίαν

2161 5233 2463 5302 ἀπολογίαν
2512 5234 2953 5306 τετεχνασμένην
2989 5234 3290 5306 stipitis-ste;
3327 5235 3441 5304 Τῆς
3468 5235 3565 5289 οὖν
3595 5237 3758 5309 ἐμῆς-

2163 5342 2295 5378 ποτε
2316 5325 2570 5392 θεότητος
2595 5325 2732 5397 πρὸς
2751 5325 2961 5379 ἔννοιαν
2983 5325 3319 5396 ἀνανήψατε,
3343 5327 3420 5390 ὡς
3437 5327 3608 5390 ἀΐδιος
3641 5327 3744 5382 καὶ

2168 5415 2490 5487 μόνοςὲγώ.
2517 5413 2628 5470 Kal.
2658 5416 2850 5470 τούτου
2879 5419 3184 5489 τεκμήριον
3207 5417 3278 5470 τὸ
3299 5418 3390 5472 διὰ
3436 5417 3546 5471 τῶν
3583 5421 3744 5489 ἐμῶν

2161 5507 2461 5580 προφητῶν
2503 5507 2898 5580 προαγορεύειν
2928 5509 2998 5564 τὰ
3043 5509 3307 5576 μέλλοντα
3332 5509 3548 5582 χρόνοις
3577 5507 3741 5567 ὖιιτε⁴
