3954 6308
125 309 256 380 ΞΗῙ
1268 317 1793 377 ΟΟΜΜΕΝΤΑΒῘΙ
1819 317 1900 378 IN
1927 317 2214 378 ISAIAM.
3221 317 3364 378 24ξὲ

128 444 218 498 ρον
240 422 603 480 ἐπιτελεῖσθαι
631 424 880 494 μακροῖς,
923 419 996 479 ὧν
1026 424 1094 477 τὰ
1119 425 1218 495 μὲν
1250 427 1348 496 ἤδη
1385 426 1682 495 πεποίηκα,

1814 427 1842 481 d
1884 426 2048 482 fuerit
2100 433 2506 495 argumentum,
2563 423 2705 492 quod
2764 434 3009 476 meorum
3057 425 3366 502 prophequ

127 517 191 569 τὰ
222 515 276 568 δὲ
306 515 400 567 καὶ
432 515 668 583 ποιήσω,
699 515 788 568 διὰ
841 514 933 568 τοῦ
964 515 1176 569 καλεῖν
1213 514 1504 570 πετεινῶν
1541 516 1696 585 δίκην

1814 533 1920 572 rum
1952 532 2088 573 voce
2117 532 2237 587 quae
2267 523 2452 571 essent
2480 523 2744 570 eventura
2779 515 2937 584 longe
2994 524 3120 571 ante
3169 519 3367 588 praedi-

126 609 249 669 τοὺς
297 605 460 676 ἐμοὺς
502 605 782 675 ὑπηρέτας
812 605 1099 673 ἀγγέλους,
1130 605 1199 658 τά
1247 623 1306 658 τε
1347 605 1697 675 λειτουργικὰ

1814 606 1997 666 terim,
2036 621 2266 674 quorum
2301 605 2404 658 alia
2427 604 2539 673 jam
2574 619 2671 674 per
2722 619 2806 657 me
2860 604 3003 659 facta
3055 615 3205 666 sunt.
3261 609 3366 661 alia

128 697 412 766 πνεύματα
431 695 503 749 τὰ
532 694 671 765 πρὸς
693 696 969 750 διακονίαν
991 695 1430 764 ἀποστελλόμενα
1461 695 1549 747 διὰ
1570 695 1698 757 τοὺς

1814 695 2191 765 proculdubio
2229 703 2285 750 et
2341 696 2456 764 ipse
2496 695 2761 760 elliciam;
2813 695 2906 764 qui
2961 697 3015 750 in
3057 698 3364 754 subsidium

1801 801 1984 840 meum
2033 786 2276 855 angelos,
2314 793 2574 854 tanquam
2617 802 2756 848 aves,
2821 786 3156 856 spiritusque
3203 789 3369 842 mini-

1804 881 1950 930 stros
1981 875 2035 928 in
2068 889 2280 936 eorum.
2316 874 2408 943 qui
2441 874 2640 930 salutis
2669 875 2912 930 haeredes
2945 874 3116 929 futuri
3150 884 3278 932 sunt
3299 878 3366 934 ⁸⁵.

1803 966 2064 1020 auxilium
2091 983 2274 1019 vocare
2305 966 2536 1035 possim.
2571 966 2676 1019 Alii
2706 973 2888 1020 autem
2921 968 3323 1022 transtulerunt
3351 987 3366 1022 :

1810 1054 2018 1108 Vocans
2054 1054 2117 1107 ab
2151 1056 2346 1107 oriente
2401 1071 2566 1116 avem,
2601 1071 2633 1107 a
2683 1065 2824 1108 terra
2859 1055 3152 1125 longinqua
3198 1057 3370 1110 virum

1803 1145 2088 1198 voluntatis
2157 1160 2302 1198 mete.
2367 1143 2577 1208 Quibus
2630 1151 2779 1199 certe
2838 1144 3118 1200 Christum
3188 1146 3367 1215 ipsum

1805 1234 2217 1303 signiﬁcarunt;
2257 1249 2418 1303 quem
2451 1233 2516 1287 de
2548 1241 2692 1288 terra
2728 1234 3052 1304 longinqua,
3091 1235 3152 1289 id
3183 1244 3267 1289 est
3299 1238 3368 1290 ab

131 789 419 859 μέλλοντας
455 786 814 856 κληρονομεῖν
867 787 1164 857 σωτηρίαν.
1193 785 1256 838 Oi
1292 785 1350 838 δὲ
1387 785 1568 837 λοιποὶ
1611 783 1698 847 εξ-

130 879 353 941 έδωκαν,
376 875 590 930 Καλῶν
612 876 732 930 ἀπὸ
756 874 1067 930 ἀνατολῶν
1087 877 1271 944 ὄρνιν,
1293 874 1410 929 ἀπὸ
1427 873 1541 944 γῆς
1556 875 1700 942 πόρο
1727 933 1733 939 ,

125 969 313 1034 ρωθεν
339 964 530 1032 ἄνδρα
551 963 795 1032 ,ϐουλῆς
812 983 952 1034 μου.
979 965 1138 1034 Δηλοῖ
1173 963 1230 1017 δὲ
1260 965 1352 1017 τὸν
1377 961 1612 1033 Χριστὸν
1641 961 1699 1015 δν

127 1055 528 1126 ἀνακεκλῆσθαί
552 1071 717 1125 φησιν
741 1056 804 1107 ὲκ
841 1056 944 1125 γῆς
971 1054 1277 1127 πόρρωθεν,
1307 1055 1412 1107 τῶν
1444 1052 1539 1106 τοῦ
1575 1052 1698 1124 ᾅδου

127 1148 365 1218 δηλονότι
398 1145 604 1216 μυχῶν,
643 1145 708 1198 δι’
739 1137 800 1198 οῦ
830 1145 1142 1214 πληρώσειν
1193 1145 1296 1208 τὰς
1366 1143 1701 1213 ἐπαγγελίας

128 1237 308 1306 φησίν.
344 1234 524 1289 Ἀλλοι
560 1235 617 1288 δὲ
665 1233 942 1288 πετεινὸν
971 1233 1181 1300 ἔφασαν
1215 1234 1306 1286 τὸν
1331 1231 1698 1295 Βαϐυλώνιον,

129 1330 254 1401 περὶ
282 1321 342 1382 οῦ
366 1342 529 1399 φησιν
545 1325 802 1397 Ἰεζεκιήλ
824 1342 838 1356 ⁶
865 1344 885 1378 ‹
921 1326 978 1378 '0
1007 1326 1165 1389 ἀετὸς
1197 1327 1225 1378 6
1259 1323 1449 1393 μέγας,
1477 1325 1504 1376 6
1529 1339 1702 1392 μεγα-

1814 1324 1941 1394 ipsis
1975 1323 2276 1378 inferorum
2311 1325 2708 1394 penetralibus,
2743 1333 3030 1381 evocatum
3065 1344 3186 1384 esse
3212 1329 3367 1393 dicit,

129 1421 481 1490 λοπτέρυγος,
523 1437 540 1470 ι
577 1418 673 1472 καὶ
703 1417 773 1470 τὰ
802 1415 948 1486 ἑξῆς.
980 1415 1159 1486 "Amp
1196 1413 1561 1484 ἐξηγούμενος
1596 1430 1702 1482 φη-

1814 1421 1857 1466 et
1889 1429 1982 1482 per
2012 1414 2261 1467 eumdem
2297 1429 2356 1468 se
2405 1415 2795 1482 promissioues
2841 1415 3218 1486 impleturum.
3261 1419 3371 1472 Alii

133 1529 248 1567 σιν·
289 1531 308 1564 ι
357 1511 471 1564 Ούκ
513 1509 808 1562 ἐπίστασθε
847 1508 900 1560 τί
951 1509 1066 1560 ἐστι
1098 1505 1307 1570 ταῦτα;
1350 1505 1426 1558 ὅτ’
1456 1503 1522 1558 ἂν
1569 1503 1698 1575 ἔλθῃ

1814 1517 1971 1572 porro
2000 1504 2108 1556 avis
2141 1503 2359 1557 nomine
2384 1503 2737 1573 Babylonium
2762 1505 3054 1575 signiﬁcari
3090 1507 3370 1567 dixerunt.

134 1602 380 1674 βασιλεὺς
431 1600 750 1662 Βαϐυλῶνος
795 1601 885 1652 ἐπὶ
925 1596 1284 1668 Ἰερουσαλὴμ
1323 1595 1419 1648 καὶ
1466 1594 1698 1665 λήψεται

1814 1595 1872 1646 de
1909 1607 2017 1662 quo
2050 1592 2359 1661 loquentem
2400 1591 2555 1662 531
2599 1592 2939 1649 Ezechielem
2969 1596 3239 1664 reperias,
3274 1598 3367 1670 ubi

132 1695 216 1748 τὸν
253 1692 475 1764 βασιλέα
507 1691 698 1760 αὐτῆς,
732 1689 825 1743 καὶ
872 1691 1001 1752 τοὺς
1043 1689 1314 1760 ἄρχοντας
1345 1685 1570 1754 abs-73g,»
1599 1693 1703 1742 καὶ

1814 1685 1882 1736 ait
1915 1702 1928 1736 :
1966 1703 1985 1735 ‹
2021 1684 2213 1753 Aquila
2244 1693 2460 1752 magna,
2507 1685 2719 1754 magnis
2761 1686 2955 1754 pennis
2987 1689 3053 1754 ‘°,
3094 1707 3112 1739 ι
3149 1696 3374 1742 uetera-

132 1785 195 1838 τὰ
242 1763 381 1854 μετὰ
423 1782 625 1837 ταῦτα·
669 1781 890 1844 τούτους
937 1781 1045 1852 γὰρ
1081 1779 1315 1832 ἐκλεκτά
1361 1778 1458 1848 τῆς
1498 1777 1692 1845 κέδρου

1814 1790 1923 1843 lue,
1965 1789 2084 1842 qum
2119 1782 2448 1843 sequuntur,
2483 1788 2714 1842 quorum
2759 1777 2838 1830 sic
2861 1777 3373 1847 interpretationem

134 1871 470 1944 προκέκληκε
498 1871 586 1924 διὰ
613 1871 711 1940 τῆς
743 1870 1091 1941 παραϐολῆς.
1120 1871 1349 1938 Ἔλεγεν
1386 1867 1440 1920 δὲ
1475 1866 1699 1936 βασιλέα

1814 1864 2096 1933 adjungit:
2135 1883 2152 1915 ι
2192 1863 2428 1919 Nescitis
2470 1865 2597 1932 quid
2647 1865 2752 1920 ista
2811 1867 3168 1937 signiﬁcent?
3229 1869 3375 1924 Ecce

131 1963 216 2015 τὸν
268 1962 559 2026 Σεδεκίαν,
619 1960 678 2013 ὃν
726 1961 1075 2030 αἰχμάλωτον
1124 1959 1368 2031 εἴληφεν.
1407 1957 1590 2011 Ἀλλοι
1643 1956 1700 2009 δὲ

1814 1955 1981 2008 veniet
2014 1969 2110 2008 rex
2160 1953 2491 2023 Babylonius
2534 1953 2588 2007 in
2644 1953 2986 2023 Jerusalem;
3027 1965 3080 2012 et
3128 1966 3376 2013 assumet

133 2067 404 2107 πετεινον
434 2051 686 2122 εἰρῆσθαι
717 2052 808 2105 τὸν
837 2051 1019 2121 Κῦρόν
1059 2068 1246 2120 φασιν.
1281 2050 1356 2103 T6
1376 2049 1433 2102 δὲ
1463 2048 1696 2111 ἔκτισα,

1814 2059 1985 2114 regem
2019 2043 2214 2108 ipsius,
2254 2049 2308 2096 et
2337 2043 2616 2112 principes
2643 2045 2763 2112 ejus
2789 2046 2890 2111 5",»
2913 2056 2966 2100 et
2990 2062 3110 2115 qua:
3135 2063 3376 2117 sequun-

131 2145 266 2198 τοῦτ’
297 2145 414 2197 ἔστι
463 2142 864 2207 κατεσκεύασα,
909 2141 1055 2196 κακὰ
1103 2140 1343 2210 δηλονότι
1396 2139 1699 2193 κακωτικά.

1814 2143 1910 2188 tur.
1982 2133 2092 2187 llos
2139 2133 2284 2186 enim
2333 2140 2492 2186 antea
2565 2133 2850 2188 cedrorum
2919 2137 3224 2192 electarum
3281 2154 3378 2208 ap-

135 2239 190 2290 Εί
219 2237 272 2289 δὲ
298 2235 394 2289 καὶ
429 2235 614 2304 μηδεὶς
648 2233 842 2304 εὐρεθῇ
872 2233 1070 2303 τούμὸν
1107 2231 1319 2302 Θέλημα
1360 2229 1579 2301 μετιὼν,
1607 2229 1699 2282 τὸν

1814 2225 2101 2294 pellatioue
2129 2224 2181 2276 in
2211 2223 2471 2291 parabola
2497 2223 2932 2292 signiﬁcaverat;
2972 2228 3379 2296 Sedeciamque

135 2329 254 2381 Υίδν
297 2325 584 2383 ἀποστελῶ
612 2325 703 2379 τὸν
741 2325 874 2395 ἐμὸν
914 2324 1014 2393 τὴν
1051 2321 1323 2392 πατρικὴν
1386 2319 1698 2391 πληροῦντα

1814 2331 2009 2385 regem,
2040 2331 2200 2385 quem
2229 2316 2502 2384 captivum
2549 2316 2757 2381 habuit,
2786 2319 3218 2376 demonstrabat.
3271 2322 3380 2375 Alii

135 2420 340 2490 βουλήν⁸
1673 2429 1676 2433 ·
1803 2421 1933 2461 vero
1956 2421 2050 2476 per
2073 2421 2238 2469 avem,
2259 2405 2455 2476 Cyrum
2477 2405 2748 2474 designari
2771 2409 3126 2464 arbitrantur.
3144 2410 3376 2472 Deinde,

135 2513 268 2581 quod
306 2526 512 2566 creasse
552 2524 611 2565 se
649 2508 858 2578 adjicit,
888 2521 1229 2578 praeparasse
1285 2505 1497 2569 innuit;
1535 2502 1676 2557 mala
1717 2499 1978 2553 nimirum
2040 2505 2094 2552 et
2155 2498 2512 2562 calamitates,
2578 2499 2776 2566 quibus
2821 2499 3140 2556 adicientur.
3212 2502 3379 2568 Quod
3461 2532 3463 2534 -

135 2609 177 2659 si
229 2604 390 2658 etiam
483 2601 670 2656 nullus
729 2601 1057 2670 reperiatur,
1105 2598 1197 2667 qui
1249 2596 1552 2651 voluntatis
1618 2606 1751 2647 mea:
1831 2587 2028 2660 placita
2061 2602 2166 2642 non
2193 2598 2495 2654 aversetur,
2528 2587 2726 2644 Filium
2771 2605 2870 2661 ego
2896 2606 3098 2659 meum,
3148 2594 3237 2662 qui
3271 2593 3378 2647 Pa-

137 2697 236 2752 tris
282 2695 578 2750 consilium
628 2694 933 2763 amplexus,
991 2693 1234 2761 ejusdem
1292 2689 1548 2746 mandata
1604 2689 1844 2760 impleat,
1877 2685 2149 2742 missurus
2183 2700 2324 2741 sum.

694 2789 942 2841 ΚΕΦΑΛ.
983 2787 1116 2842 MZ'.

200 2881 354 2936 α-ιε⁹.
392 2878 702 2946 Κατάσηθι,
754 2879 1010 2932 κάθισον
1045 2879 1139 2931 ἐπὶ
1172 2877 1286 2944 τὴν
1329 2876 1463 2948 γῆν,
1487 2875 1698 2943 παρθέ-

2384 2777 2536 2835 CAP.
2563 2778 2774 2834 XLVII.

1870 2868 2027 2940 532
2045 2866 2208 2923 Vens.
2226 2867 2371 2922 1-15.
2392 2868 2669 2931 Descende,
2693 2867 2813 2922 sede
2838 2885 2990 2938 super
3010 2878 3224 2936 terram,
3240 2874 3379 2942 virgo

135 2993 234 3041 νος
259 2977 512 3042 θύγατερ
543 2969 921 3037 Βαϐυλῶνος.
958 2971 1217 3025 Εἰσελθε
1247 2972 1334 3036 είς
1356 2969 1422 3022 τὸ
1456 2969 1697 3032 σκότος,

1814 2960 1925 3026 ﬁlia
1941 2959 2248 3028 Babylonis.
2277 2957 2406 3012 Sede
2429 2960 2482 3012 in
2500 2968 2714 3012 terram.
2735 2961 3010 3030 Ingredere
3031 2964 3088 3016 in
3118 2964 3380 3030 tenebras,

135 3065 384 3132 θύγατερ
421 3061 752 3125 Χαλδαίων,
794 3060 882 3114 ὅτι
920 3063 1032 3115 οὐκ
1067 3061 1156 3114 ἐτι
1193 3060 1515 3129 προσθήσῃ
1554 3063 1702 3126 κληι-

136 3154 302 3222 θῆναι
365 3152 567 3219 ἁπαλὴ
608 3152 708 3206 καὶ
751 3153 1033 3221 τρυφερά.
1062 3153 1217 3206 Λάϐε
1232 3153 1452 3220 μύλον,
1478 3151 1706 3205 ἄλεσον

135 3244 407 3313 ἄλευρον,
427 3243 815 3310 ἀποκάλυψαι
829 3242 896 3295 τὸ
917 3243 1272 3311 κατάλυμμά
1287 3256 1424 3309 σου,
1441 3243 1707 3312 ἀνάσυρε

135 3336 235 3401 τὰς
263 3334 502 3400 πολιὰς,
540 3333 930 3402 ἀποκάλυψαι
969 3333 1076 3400 τὰς
1098 3334 1354 3403 κνήμας,
1383 3351 1438 3389 κ.
1469 3352 1520 3388 τ.
1548 3333 1599 3388 λ.

199 3508 308 3561 Καὶ
334 3507 511 3560 ταῦτα
546 3507 681 3577 πρὸς
709 3508 835 3570 τοὺς
860 3508 918 3573 ἐξ
953 3508 1187 3579 Ἰσραὴλ,
1225 3502 1305 3572 οἷς
1338 3508 1511 3578 ἔλεγε,
1545 3527 1565 3560 ι
1591 3509 1710 3564 Τίνι

140 3616 201 3667 με
250 3598 572 3669 ώμοιώσατε
598 3615 613 3662 ;
657 3617 674 3649 ι
727 3599 873 3651 Ἐκεῖ
901 3599 996 3669 μὲν
1028 3595 1121 3654 οὖν
1147 3600 1531 3671 πλανωμένους
1559 3597 1712 3654 εἶπεν

139 3687 348 3750 αὐτοὺς,
405 3685 636 3739 ἐνταῦθα
665 3687 721 3738 δὲ
755 3687 1219 3754 ἀπολωλεκότας
1273 3689 1388 3755 τὴν
1437 3690 1707 3756 καρδίαν.

152 3776 284 3828 ’Δνθ’
338 3769 402 3829 οὗ
457 3776 752 3846 Σύμμαχος
804 3776 1088 3842 ἐξέδωκεν,
1117 3781 1172 3831 ol
1222 3779 1709 3846 σκληροκάρδιοι.

138 3865 269 3919 Καθ’
307 3867 571 3937 ἑκάτερον
601 3867 657 3920 δὲ
690 3868 1021 3938 παρίσταται
1051 3868 1113 3921 τὸ
1157 3868 1255 3938 τῆς
1287 3868 1512 3938 γνώμης
1555 3869 1713 3922 ἀναί-

139 3957 347 4028 σθητον.
407 3958 498 4010 Διὸ
536 3957 676 4028 πρὸς
716 3958 1156 4030 εἰδωλολατρείαν
1199 3959 1519 4029 ἐτράποντο.
1562 3959 1706 4011 Ἀλλ’

136 4045 279 4114 ὅμως
307 4047 477 4100 ἐλεῶν
511 4048 709 4111 αὐτοὺς
744 4050 771 4100 6
800 4048 932 4112 Θεὸς
982 4048 1309 4118 ὑποσχέσεσι
1343 4049 1536 4112 καλαῖς
1572 4050 1709 4102 ἀνα-

135 4138 382 4193 καλεῖται
401 4139 536 4210 πρὸς
562 4138 776 4193 σύνεσιν
803 4144 1260 4208 ,ιιακρυνθὲντας
1288 4141 1714 4207 δικαιοσύνης,

133 4227 277 4280 τοῦτ’
334 4228 452 4281 ἔστι
511 4227 668 4282 Θεοῦ.
733 4229 1134 4299 ’Δπειρήκεσαν
1184 4230 1290 4299 γὰρ
1346 4233 1466 4292 ταῖς
1506 4231 1716 4299 ψυχαῖς

1806 3066 1912 3104 non
1975 3059 2052 3102 est
2111 3049 2323 3110 solium,
2361 3048 2473 3114 ﬁlia
2517 3046 2886 3102 Chaldamrum
2919 3066 2934 3102 :
2966 3054 3212 3121 quoniam
3278 3071 3382 3107 non

1808 3141 1951 3194 ultra
1982 3139 2298 3208 adjicies,ut
2327 3137 2526 3193 voceris
2551 3139 2725 3192 mollis
2779 3149 2827 3193 et
2861 3149 3056 3197 tenera.
3093 3144 3242 3199 Tolle
3272 3162 3384 3198 mo-

1811 3232 1938 3292 lam,
1969 3239 2017 3282 et
2047 3229 2182 3288 mole
2235 3231 2464 3298 farinam
2491 3246 2508 3294 ;
2537 3231 2708 3283 revela
2764 3233 3154 3300 operimentum
3210 3249 3380 3300 tuum,

1811 3322 1991 3393 detege
2031 3338 2208 3387 canos,
2241 3321 2450 3376 denuda
2507 3322 2688 3387 tibias,
2714 3331 2821 3380 etc.

1886 3501 2045 3572 533
2076 3501 2142 3556 Et
2169 3503 2271 3557 ista
2306 3503 2372 3556 ad
2422 3503 2698 3559 lsraelitas
2741 3507 2929 3570 etiam,
2969 3508 3022 3561 in
3056 3523 3196 3578 quos
3225 3525 3387 3578 sape-

1816 3593 1934 3648 rius
1974 3594 2109 3647 illud
2152 3612 2164 3646 :
2203 3613 2220 3644 ι
2259 3593 2360 3647 Cui
2400 3609 2485 3648 me
2520 3597 2869 3652 assimilastis
2893 3598 2961 3664 ⁸⁸,
3003 3619 3020 3650 ι
3063 3609 3390 3669 usurpatum

1814 3691 1918 3748 est,
1951 3683 2283 3737 referuntur.
2311 3682 2387 3751 lbi
2418 3699 2548 3752 ergo
2579 3699 2674 3739 eos
2700 3701 2907 3748 errare,
2944 3687 3033 3740 hic
3074 3696 3255 3743 autem
3299 3707 3391 3742 cor

1816 3772 2128 3842 perdidisse,
2182 3774 2316 3839 sive,
2379 3782 2436 3826 ut
2483 3775 2754 3843 expressit
2804 3773 3207 3846 Symmachus,
3255 3779 3408 3832 duro-

1818 3866 1975 3920 corde
2003 3865 2254 3919 exsistere
2279 3864 2568 3932 signiﬁcat,
2595 3869 3077 3934 ututroquemodo
3102 3869 3388 3931 vecordes,

1819 3956 2093 4023 animique
2148 3970 2312 4010 sensu
2369 3953 2660 4009 destitutos
2717 3955 2785 4008 ad
2849 3957 3213 4013 idololatriam
3270 3975 3392 4016 sese

1819 4046 2120 4101 contulisse
2155 4045 2517 4101 demonstret.
2553 4044 2658 4101 Sed
2679 4061 2888 4102 eorum
2918 4047 3039 4118 jam
3070 4049 3388 4122 miseratio-_

1821 4155 1890 4193 ne
1924 4146 2256 4193 commotum
2294 4137 2458 4191 Deum
2492 4153 2590 4207 spe
2618 4139 2782 4205 bona,
2808 4139 3223 4210 magniﬁcisque
3269 4143 3390 4212 pol~

1787 4247 1790 4249 ·
1823 4228 2242 4291 licitatiouibus,
2274 4229 2364 4297 qui
2398 4229 2738 4297 ajustitia,id
2766 4241 2848 4285 est
2875 4246 2905 4284 a
2927 4229 3226 4302 Deo,tonge
3254 4233 3390 4303 fuis-

136 4317 368 4381 ἁλούσας
411 4318 647 4389 ὁρῶντες
697 4322 798 4381 τὰς
835 4319 964 4371 δέκα
1022 4319 1230 4389 φυλὰς,
1277 4320 1459 4383 αὐτοῖς
1508 4338 1569 4373 τε
1614 4321 1707 4373 τὸν

1817 4329 1953 4386 sent,
1977 4321 2040 4372 ad
2093 4319 2526 4388 resipiscentiam
2581 4336 2900 4390 provocare.
2943 4322 3169 4378 Animos
3216 4325 3386 4387 enim,

150 4408 433 4479 Ἀσσύριον
493 4409 726 4479 ὁρῶντες
769 4410 1121 4481 ἐγκείμενον,
1172 4411 1408 4480 ματαίας
1440 4410 1534 4464 τοῦ
1571 4410 1706 4464 Θεοῦ

135 4501 229 4562 τὰς
260 4500 599 4568 ἐπαγγελίας
630 4501 899 4571 ἐνόμιζον.
937 4501 1029 4554 Διὸ
1066 4501 1165 4570 τὴν
1199 4500 1339 4554 κατὰ
1385 4501 1707 4562 Βαϐυλῶνος

137 4587 330 4649 αὐτοὺς
357 4587 764 4656 εὐαγγελίζεται
805 4589 983 4657 δίκην.
1046 4590 1303 4643 Ἐκὸλασε
1342 4591 1449 4662 γὰρ
1485 4590 1614 4654 τοὺς
1648 4590 1707 4657 ἐξ

147 4677 365 4748 Ἰσραὴλ
393 4681 420 4732 6
448 4680 579 4742 Θεὸς
606 4680 668 4731 οὐ
719 4679 914 4749 μισῶν,
949 4680 1226 4751 σωτηρίαν
1252 4681 1310 4734 δὲ
1350 4683 1534 4744 αὐτοῖς
1574 4699 1710 4754 μνη-

136 4767 476 4835 στευόμενος,
503 4768 578 4830 ὡς
605 4769 700 4822 καὶ
729 4769 836 4823 τῶν
870 4770 1066 4838 ίατρῶν
1101 4773 1149 4823 oi.
1177 4771 1464 4840 τέμνοντές
1514 4789 1572 4824 τε
1621 4772 1716 4826 καὶ

134 4857 414 4920 καίοντες·
460 4859 584 4912 ἐπεὶ
628 4861 722 4912 καὶ
767 4863 916 4914 πᾶσα
946 4862 1171 4924 κόλασις
1207 4863 1341 4933 πρὸς
1376 4862 1564 4931 ὄνησιν
1595 4865 1716 4916 ἐπι-

135 4947 382 5018 φέρεται.
419 4949 821 5004 Συναναπλέκει
853 4952 909 5004 δὲ
935 4955 997 5022 τῇ
1027 4955 1126 5023 τῆς
1163 4953 1396 5022 μερικῆς
1417 4955 1715 5022 σωτηρίας

135 5037 427 5108 ὑποσχέσει
457 5042 670 5110 καὶτῆς
697 5044 1078 5113 γενικωτάτης
1105 5043 1202 5114 τὴν
1225 5044 1479 5114 δήλωσιν.
1516 5047 1579 5098 Ἠ
1613 5046 1712 5116 μὲν

134 5126 242 5198 γὰρ
272 5129 364 5182 διὰ
388 5133 632 5203 Κυρίουά
652 5134 943 5206 λύτρωσις,
963 5136 1185 5206 μερι-κὴ,
1207 5138 1240 5206 ἠ
1262 5137 1318 5189 δὲ
1336 5136 1425 5189 διὰ
1443 5138 1702 5208 Χριστοῦ,

135 5218 354 5272 πάντων
377 5222 698 5293 ἀνθρώπων.
714 5225 786 5278 Τὸ
801 5226 882 5290 δὲ,
909 5229 980 5281 οὐ
1006 5227 1091 5296 μὴ
1121 5227 1422 5295 βραδύνω,
1446 5228 1706 5299 παρέοικε

135 5309 212 5381 τῷ
232 5329 244 5341 ·
283 5331 302 5364 ι
327 5313 444 5366 Ἔτι
468 5317 664 5387 μικρὸν
683 5319 712 5371 6
737 5318 1037 5388 ἐρχόμενος
1077 5318 1217 5389 ἥξει,
1237 5319 1329 5372 καὶ
1347 5319 1406 5372 οὐ
1434 5321 1694 5390 χρονιετμ

1811 4413 1902 4480 qui
1961 4410 2146 4464 decem
2184 4409 2360 4464 tribus
2395 4420 2582 4479 captas
2637 4427 2761 4466 esse
2795 4413 3113 4479 cernebant,
3168 4414 3387 4485 abiece-

1807 4513 1936 4557 rant
1965 4520 1980 4569 ;
2019 4511 2072 4555 et
2104 4502 2196 4570 qui
2221 4502 2321 4556 sibi
2350 4503 2636 4574 Assyrium
2669 4505 2954 4560 imminere
2976 4505 3262 4571 videbant,
3288 4522 3385 4561 va~

1811 4608 1912 4647 nas
1961 4607 2079 4648 esse
2120 4593 2542 4661 pollicitationes
2577 4595 3012 4649 arbitrabantur.
3047 4596 3229 4666 Atque
3259 4599 3388 4651 hinc

1809 4692 1912 4749 est,
1935 4683 2080 4754 quod
2131 4684 2211 4739 eis
2247 4685 2501 4752 praedicta
2540 4683 2833 4750 Babylonis
2881 4688 3090 4742 ultione
3149 4690 3390 4745 recreari

1821 4775 1963 4830 Deus
1985 4775 2186 4841 voluit;
2225 4777 2316 4844 qui
2341 4793 2448 4831 non
2481 4777 2626 4840 odio,
2663 4778 2758 4832 sed
2799 4780 2994 4835 salutis
3028 4795 3213 4836 amore
3260 4797 3388 4851 pro-

1815 4871 2041 4921 vocatus
2067 4867 2132 4920 ad
2157 4864 2521 4919 Is-raelitarum
2579 4881 2770 4935 poenas
2804 4869 3060 4935 accessit,
3095 4885 3202 4924 non
3229 4871 3388 4926 aliter

1816 4972 1978 5026 quam
2028 4956 2094 5011 ad
2148 4957 2561 5026 amputandum,
2590 4959 2672 5012 ve‘l
2725 4959 2996 5014 urendum
3039 4963 3236 5016 medici
3275 4977 3390 5018 :ne

1813 5048 1991 5103 dicam
2060 5048 2278 5102 nonnisi
2322 5047 2587 5101 utilitatis
2638 5051 2814 5118 gratia
2867 5066 3088 5122 semper
3148 5052 3387 5107 ultiones

1797 5137 2020 5193 induci.
2048 5137 2276 5206 Copulat
2310 5145 2490 5192 autem
2522 5153 2646 5193 eum
2675 5141 2993 5210 particulari
3031 5143 3221 5197 salutis
3250 5158 3386 5212 pro-

1817 5227 2098 5292 missione,
2139 5236 2193 5281 et
2213 5228 2334 5296 ejus
2357 5230 2520 5284 etiam
2552 5231 3034 5301 signiﬁcationem,
3070 5249 3202 5303 quae
3227 5249 3387 5304 gene-

1798 5321 1890 5377 ris
1930 5329 2015 5378 est
2040 5321 2304 5376 universi.
2337 5320 2435 5375 Est
2466 5321 2614 5376 enim
2645 5337 2767 5392 quae
2824 5323 2882 5378 ﬁt
2923 5338 3026 5394 per
3055 5322 3259 5394 Cyrum
3295 5337 3384 5378 re-

209 5449 254 5481 “
315 5449 469 5506 llebr.
514 5470 556 5519 ι,
586 5453 672 5508 Η.
750 5454 796 5487 ⁸⁸
833 5454 1032 5510 Ezech.
1058 5470 1194 5520 mm,
1234 5455 1290 5510 '5.
1363 5456 1412 5488 ⁸⁷
1447 5454 1583 5511 ibid.
1621 5454 1707 5511 ‘12.

1814 5455 1840 5487 λ’
1898 5457 2006 5510 lsa.
2061 5471 2206 5522 XLVI,
2250 5455 2303 5510 5.

210 5679 234 5718 ά
264 5679 351 5734 ισ.
383 5679 591 5752 Κύρου.

469 5773 738 5833 Ριτιιοι..
785 5771 901 5832 Cn.
950 5773 1327 5837 LXXXVII.

1422 5595 1663 5653 ‘VARUE
1698 5594 2097 5653 LECTIONES.
