3980 6306
206 356 363 423 2445
1316 343 1821 410 ΟΟΜΜΕΝΤᾹΒΙῙ

1927 338 1961 402 Ἰ
1997 334 2305 402 ΙΞΑῙΑΜᾩ
3338 337 3486 403 2446

212 475 386 534 ἰσως
413 466 472 522 δὲ
493 463 587 519 καὶ
616 458 798 527 αὐτοῖς
824 462 974 531 λέγει
999 460 1115 526 τοῖς
1133 458 1301 516 πάλαι
1326 462 1617 532 νικήσασι·
1644 457 1805 512 τοῦτο

1927 464 2142 510 nentem
2174 454 2536 525 interpretum
2566 452 2923 524 Septuaginta
2947 451 3177 514 releras,
3207 449 3480 507 deimmi-

206 559 271 614 δὲ
308 556 449 630 πρὸς
497 553 591 608 τὸν
649 552 870 624 Ἰσραὴλ
921 550 1089 622 ῥηθὲν
1142 549 1620 623 παρεμϐέὸληται.
1671 544 1807 602 Εῐτα

1927 545 2057 600 ibus
2078 544 2349 616 eiusmodi
2390 549 2445 598 et
2476 541 2797 598 inhumanis
2828 541 3144 597 hominibus
3175 584 3193 608 ,
3226 541 3484 597 fcrtassis

204 648 382 703 πάλιν
421 643 560 717 πρὸς
598 639 716 713 τὴν
740 639 1050 695 Χαλδαίαν
1107 638 1267 712 φησὶ,
1316 637 1587 693 Κάθισον
1632 652 1813 691 κατα-

1927 644 1966 692 :t
2001 636 2069 692 de
2105 636 2215 690 illis
2259 635 2424 689 etiam
2455 648 2484 688 a
2525 634 2728 705 quibus
2749 634 2876 688 victi
2917 632 3191 703 quondam
3238 632 3487 693 fuerunt.

205 733 637 807 νενυγμένη,ἢ
678 732 819 787 κατὰ
858 731 1177 802 Σύμμαχον,
1250 727 1578 784 σιωπῶσα·
1618 728 1652 798 ὴ
1702 727 1813 799 γὰρ

1927 726 2205 782 ῃιείΙειίι.
2241 722 2351 781 Sed
2390 733 2476 780 est
2506 725 2573 779 ad
2602 724 2863 780 lsraelem
2903 723 3111 778 dictum
3141 722 3286 778 istud
3317 722 3489 776 inter-

207 831 363 885 οὕτω
413 827 781 899 μεγάλαυχος,
821 821 919 877 καὶ
965 821 1044 886 ὡς
1099 821 1359 888 οίκέταις
1385 819 1645 892 χρωμένη
1680 820 1795 882 τοῖς

1927 816 2157 871 :alatutn.
2179 814 2487 873 Chaldaeum
2511 815 2707 870 deinde
2729 814 3086 884 compellens,
3112 811 3265 881 Sede,
3284 812 3485 884 inquit,

208 923 452 986 ἔθνεσιν,
488 915 797 990 μετάγνωθι
822 914 1009 970 λοιπὸν
1036 913 1125 984 ἐφ’
1150 909 1232 978 οἷς
1259 912 1527 986 ἔπραξας,
1556 910 1798 981 τοσούτῳ

1927 917 2216 976 rompuncta
2245 924 2263 971 ;
2296 908 2381 963 vel
2438 915 2638 971 tacens,
2685 906 2991 962 secundum
3067 906 3482 981 Symmachum.

206 1011 418 1077 σκότῳ
451 1007 703 1070 παιδείας
732 1003 1076 1074 ὲκδιδομένη.

1927 997 2040 1066 luat
2065 999 2211 1054 enim
2252 1013 2319 1055 eo
2363 998 2632 1069 superbiae
2663 1005 2716 1053 et
2745 999 3074 1070 arrogantiae
3115 1014 3373 1055 evaseras
3427 1007 3492 1053 ut

210 1117 484 1175 tanquam
534 1101 726 1167 servis,
761 1097 1079 1154 nationibus
1126 1097 1357 1155 utereris
1394 1114 1411 1167 ;
1454 1104 1510 1153 te
1545 1095 1807 1166 deinceps
1844 1106 2055 1159 eorum,
2087 1092 2469 1165 quaegessisti,
2511 1106 2636 1146 cum
2701 1090 2756 1145 in
2799 1091 2968 1147 tantis
3030 1091 3298 1146 doctrinae
3344 1100 3490 1145 tene—

211 1199 330 1252 bris
363 1192 686 1258 versareris,
717 1190 989 1262 poenitere
1014 1203 1233 1260 aequum
1260 1194 1367 1246 est.

287 1291 366 1345 Τὸ
396 1290 452 1343 δὲ
513 1285 693 1356 ἰσχὺς
729 1284 1059 1351 βασιλείας
1078 1323 1094 1351 ,
1136 1282 1435 1339 ’δέσποινα
1470 1279 1808 1348 ,βασιλειῶν

209 1381 451 1447 ἐξέδωκε
485 1378 806 1447 Σύμμαχος,
839 1372 937 1428 καὶ
963 1374 1064 1446 τὴν
1094 1371 1275 1427 αἰτίαν
1316 1373 1624 1445 ἐπήγαγεν,
1654 1371 1806 1426 διδά-

1927 1369 2054 1422 uina
2086 1382 2369 1438 regnorum
2400 1368 2566 1421 vertit
2596 1366 2962 1439 Symmachus
2988 1383 3003 1433 ;
3034 1376 3088 1422 et
3131 1383 3357 1424 causam
3397 1368 3495 1425 ad-

211 1488 367 1524 σκων
388 1469 462 1532 ὡς
484 1469 545 1521 ού
566 1468 649 1520 δεῖ
674 1467 789 1528 τοῖς
821 1463 928 1518 ὑπὸ
960 1462 1100 1517 Θεοῦ
1131 1462 1586 1535 ταπεινουμένοις
1634 1463 1810 1530 ἐπεμ-

1927 1458 2007 1525 Ιίι,
2036 1464 2095 1513 ut
2136 1457 2331 1513 deceat
2368 1472 2478 1513 non
2512 1457 2579 1513 iis
2613 1472 2758 1524 esse,
2788 1458 2883 1528 qui
2935 1473 2964 1512 a
2996 1458 3109 1514 Deo
3149 1457 3490 1531 afﬂiguntur,

209 1560 449 1623 σαίνειν,
474 1555 567 1620 οὓς
593 1555 832 1625 ἐγχωρεῖ
851 1551 1247 1616 παιδευθέντας
1282 1551 1632 1621 ἐλεηθῆναι.
1668 1550 1808 1603 Συν-

1928 1548 2327 1621 nsurgendum,
2386 1562 2622 1618 quorum
2684 1550 3032 1620 correptione
3064 1550 3133 1607 ad
3193 1552 3496 1609 misericor-

211 1651 333 1719 ῳδὲι
353 1649 410 1702 δὲ
436 1646 648 1709 τούτοις
678 1645 774 1699 καὶ
795 1643 1079 1716 Ζαχαρίας
1105 1643 1301 1715 φησίν·
1340 1663 1360 1696 ι
1401 1643 1686 1721 Ἐζήλωκα
1705 1642 1809 1714 τὴν

1927 1640 2059 1694 liam
2085 1642 2270 1711 potius
2304 1641 2488 1695 decuit
2525 1639 2880 1696 commoveri.
2915 1640 3042 1697 istis
3086 1650 3265 1697 autem
3310 1651 3365 1723 et
3402 1644 3500 1699 illa

162 1778 193 1793 ,μ
229 1716 594 1810 λΙερουσαλὴμ
617 1735 781 1805 ζῆλον
815 1734 1012 1806 μέγαν,
1037 1735 1134 1788 καὶ
1154 1734 1218 1787 θυ
1228 1733 1315 1805 μῷ
1346 1732 1568 1804 μεγάλῳ
1593 1716 1809 1804 ὀργίζο-

1927 1739 2247 1800 congruunt,
2272 1744 2394 1799 quae
2422 1743 2519 1814 per
2548 1727 2870 1783 Zachariam
2904 1730 2960 1785 in
2988 1731 3137 1787 hunc
3159 1716 3379 1788 modum
3408 1733 3496 1788 di-

215 1846 323 1900 μαι
369 1825 482 1895 ἐγὼ
517 1826 611 1880 ἐπὶ
637 1824 709 1877 τὰ
757 1823 885 1895 ἔθνη
923 1823 992 1876 τὰ
1024 1822 1516 1893 συνεπιτιθέμενα·
1576 1820 1695 1875 ἀνθ’
1731 1813 1809 1874 ὧν

1927 1829 2149 1876 cuntur:
2189 1840 2214 1872 ~t
2262 1819 2569 1876 [Emulatus
2621 1834 2742 1875 sum
2773 1821 3075 1878 Jerusalem
3104 1825 3234 1879 .zelo
3257 1837 3493 1897 magno:

211 1890 335 1987 ἐγὼ
359 1890 460 1989 μέν
492 1915 774 1986 ὠργίσθην
799 1890 990 1982 ὀλίγα,
1042 1913 1197 1967 αὐτοὶ
1231 1911 1289 1965 δὲ
1331 1890 1692 1968 συνεπέθεντο
1728 1910 1812 1974 είς

1927 1920 1968 1969 at
1997 1914 2078 1968 ira
2121 1927 2316 1983 magna
2347 1927 2446 1983 ego
2490 1912 2703 1969 irascor
2738 1928 2906 1984 super
2940 1923 3146 1993 gentes
3181 1890 3493 1987 opulentas.

1976 1278 2246 1333 Caeterum
2281 1290 2391 1346 quo
2420 1276 2540 1330 loco
2578 1274 2838 1344 fortitudo
2897 1276 3044 1347 regni
3074 1276 3358 1342 habemus,
3389 1277 3492 1332 do-

213 2010 391 2064 κακά.
432 2026 452 2059 ι
487 2006 558 2059 Σὺ
581 2004 660 2071 δὲ,
693 2004 850 2075 φησι,
873 2004 971 2057 καὶ
992 2001 1258 2074 διηνεκῶς
1279 2004 1637 2068 βασιλεύειν
1650 2002 1812 2057 ὑπεί-

213 2100 420 2169 ληφας,
460 2095 732 2151 παιδεύων
760 2097 882 2158 ταῖς
913 2092 1223 2164 παρούσαις
1250 2093 1586 2165 εὐπραγίαις
1611 2093 1687 2165 μὴ
1711 2109 1813 2147 πε-

215 2189 498 2251 ποιθέναι,
533 2189 776 2258 προορᾷν
802 2186 859 2239 δὲ
894 2186 963 2240 τὰ
992 2185 1258 2255 ἔσχατα,
1298 2186 1395 2240 καὶ
1431 2186 1531 2250 τὰς
1578 2185 1813 2258 ὕστερον

216 2280 492 2350 ἐσομένας
522 2277 848 2348 μεταϐολάς.
879 2275 1066 2329 Ταῦτα
1091 2276 1151 2329 δὲ
1178 2276 1278 2347 τῆς
1299 2276 1682 2347 ὑπερηφανίας
1699 2275 1815 2331 τῶν

216 2375 281 2425 ὲν
317 2372 457 2440 αὐτῇ
491 2368 929 2440 βασιλευσάντων
976 2366 1246 2438 ὑπῆρχεν.
1288 2366 1410 2436 Ὑφ’
1444 2367 1545 2421 ἕνα
1581 2367 1640 2421 δὲ
1670 2367 1809 2438 αὐτῇ

216 2462 421 2533 καιρὸν
442 2459 657 2516 ἀπειλεῖ
675 2458 867 2529 ἀνδρὸς
890 2458 1147 2529 στέρησιν
1173 2456 1268 2511 τοῦ
1302 2457 1425 2511 καθ’
1464 2458 1523 2512 ὃν
1556 2458 1676 2528 ⁴ίιλω
1712 2457 1813 2527 βα-

220 2553 536 2615 σιλεύοντος
558 2553 772 2624 χρόνον,
811 2550 909 2604 καὶ
944 2551 1154 2603 τέκνων
1181 2548 1290 2602 τῶν
1327 2549 1418 2600 ὑπ’
1446 2548 1620 2619 αὐτῆς
1655 2548 1813 2619 βασι-

216 2647 560 2716 λευομένων,
591 2645 624 2716 ἦ
651 2644 748 2698 καὶ
770 2644 879 2697 τῶν
919 2642 1087 2713 αὐτῆς
1123 2641 1429 2712 οἰκητόρων
1470 2642 1530 2694 ἐν
1561 2644 1629 2711 τῇ
1663 2642 1812 2713 μάχῃ

218 2739 528 2794 πεσόντων.
560 2737 635 2791 Oti
665 2736 754 2790 διὰ
779 2734 850 2789 τὰ
871 2733 1242 2804 προλεχθέντα
1271 2732 1330 2785 δέ
1351 2748 1436 2785 σοι
1463 2730 1639 2785 ταῦτα
1675 2748 1815 2801 συμ-

220 2831 459 2901 ϐήσεται
490 2817 651 2899 μόνον
670 2844 684 2860 ·
711 2827 829 2881 ἀλλ’
857 2826 941 2880 ὅτι
969 2824 1066 2878 καὶ
1092 2824 1194 2888 τὰς
1226 2822 1450 2887 ἐλπίδας
1474 2825 1533 2876 ἐν
1575 2822 1815 2894 ἐπῳδαῖς

222 2922 354 2976 ἔθου
378 2921 471 2974 καὶ
516 2919 907 2991 φαρμακείαις.
963 2916 1351 2987 Προλεγὸντων
1384 2914 1494 2984 γάρ
1539 2931 1624 2969 σοι
1654 2915 1817 2984 νίκην

221 3015 340 3068 τῶν
372 3009 513 3075 αὐτὰ
550 3011 866 3081 μετιόντων,
894 3010 1032 3082 πρὸς
1067 3008 1231 3078 ὄγκον
1264 3007 1496 3078 ἀρθεῖσα
1530 3009 1815 3079 φρονήμα-

221 3123 343 3170 τος,
364 3104 501 3175 ὁμοῦ
532 3105 627 3158 κα)⁸
657 3106 724 3175 τῇ
759 3102 989 3172 δυνάμει
1027 3099 1309 3172 θαρροῦσα
1334 3142 1348 3167 ,
1390 3101 1486 3153 καὶ
1512 3100 1615 3171 τὴν
1640 3099 1817 3171 ἀρχὴν

1913 2006 2051 2074 Quia
2084 2021 2185 2076 ego
2241 2007 2415 2061 iratus
2456 2021 2575 2062 sum
2606 2021 2822 2076 parum,
2885 2007 2989 2077 ipsi
3041 2008 3373 2065 addiderunt
3427 2012 3498 2065 ad

1911 2098 2054 2153 mala
2087 2098 2190 2153 ⁷³.»
2227 2098 2295 2151 At
2326 2107 2377 2152 te
2398 2097 2609 2152 diutius
2648 2106 2990 2168 regnaturum
3006 2101 3272 2156 arbitrata
3300 2118 3379 2168 es,
3410 2103 3496 2158 in-

1912 2188 2051 2260 quit.
2088 2197 2146 2242 ut
2190 2189 2443 2258 praesenti
2474 2204 2655 2244 rerum
2691 2193 2975 2247 successui
3024 2207 3136 2248 non
3171 2208 3294 2250 esse
3329 2195 3497 2251 conﬁ-

1912 2280 2171 2343 dcudum,
2208 2280 2303 2335 sed
2331 2280 2548 2347 ultima,
2586 2288 2638 2336 et
2663 2298 2785 2353 quae
2809 2282 3069 2355 deinceps
3105 2284 3307 2342 futurae
3344 2299 3496 2353 sunt,

1912 2371 2249 2426 mutationes
2291 2379 2551 2442 oportere
2595 2374 2879 2445 praevideri
2914 2376 3340 2434 demonstraret.
3393 2377 3500 2433 De-

1913 2463 2296 2518 monstrabant
2326 2477 2459 2517 vero
2493 2462 2605 2518 haec
2639 2479 2831 2519 eorum
2860 2466 2956 2533 qui
2990 2466 3046 2520 in
3079 2481 3142 2522 ea
3173 2478 3498 2539 regnarunt.

1915 2551 2306 2628 arrogantiam.
2339 2553 2403 2609 Ei
2443 2571 2608 2626 porro
2648 2572 2758 2611 uno
2795 2557 3100 2629 eodemque
3143 2568 3409 2632 tempore,
3446 2574 3502 2617 et

1913 2648 2036 2711 viri,
2068 2646 2162 2716 qui
2195 2646 2325 2700 dum
2349 2654 2506 2715 capta
2541 2655 2626 2702 est
2646 2646 2932 2717 regnabat,
2962 2656 3017 2702 et
3047 2647 3372 2715 liberorum,
3405 2660 3503 2706 aut

1914 2740 2076 2794 etiam
2108 2736 2334 2801 civium,
2369 2736 2463 2806 qui
2498 2736 2552 2791 in
2596 2735 2713 2791 acie
2756 2736 2941 2792 casuri
2973 2744 3180 2803 essent,
3216 2738 3502 2796 interitum

1918 2830 2220 2883 minitatur.
2256 2826 2446 2899 Neque
2476 2838 2658 2884 tamen
2708 2830 2810 2885 ista
2847 2829 2903 2884 in
2948 2836 3002 2886 te
3050 2830 3253 2897 solum,
3297 2832 3498 2903 inquit,

1918 2928 2242 2991 propterea,
2276 2935 2399 2990 quae
2433 2930 2560 2976 ante
2579 2921 2726 2976 dicta
2754 2929 2904 2989 sunt,
2935 2929 3169 2977 ventura
3204 2930 3370 2991 sunt;
3403 2924 3503 2979 sed

1918 3014 2041 3069 ideo
2066 3013 2234 3068 etiam
2269 3014 2416 3084 quod
2445 3029 2569 3084 spes
2596 3022 2720 3070 tuas
2745 3015 2799 3070 in
2827 3015 3298 3072 incantationibus
3326 3024 3383 3072 et
3412 3033 3505 3073 vc-

1919 3104 2133 3161 neliciis
2175 3107 2311 3163 sitas
2350 3105 2516 3178 536
2571 3105 2849 3163 habueris.
2887 3107 3021 3162 Cum
3052 3107 3198 3164 enim
3243 3124 3412 3180 penes
3453 3119 3506 3165 te

222 3200 336 3267 οὐκ
365 3198 586 3269 οἰομένη
617 3195 853 3267 κρείττω
878 3194 1166 3265 φανεῖσθαι
1211 3193 1312 3262 τὴν
1341 3192 1639 3265 Περσικὴν,
1677 3192 1811 3261 ἔφα-

1927 3191 2042 3250 fore
2066 3195 2353 3251 victoriam
2375 3196 2758 3266 praedicerent,
2782 3198 2873 3267 qui
2906 3211 2969 3253 ea
2998 3196 3261 3263 adibant;
3289 3206 3505 3254 tantum

228 3307 365 3353 σκες
383 3306 395 3319 ·
442 3288 587 3357 Ἐγώ
604 3290 743 3357 ειμι,
773 3286 871 3341 καί
899 3289 1009 3341 οὐκ
1039 3285 1212 3339 ἐστιν
1233 3284 1426 3353 ἑτέρα,
1461 3287 1582 3349 ταῖς
1612 3287 1675 3339 ὲκ
1694 3285 1816 3339 δαι-

1927 3289 2065 3345 I'astu
2093 3296 2149 3343 et
2182 3294 2495 3359 arrogantia
2547 3290 2876 3358 intumuisti,
2896 3299 2958 3346 ut
2984 3291 3183 3362 opibus
3203 3292 3312 3348 tuis
3338 3291 3503 3357 freta,

231 3382 416 3453 μόνων
470 3379 775 3451 μαντείαις,
806 3379 901 3432 καὶ
948 3380 1070 3441 ταῖς
1103 3378 1165 3445 ἐξ
1196 3378 1414 3449 ἄστρων
1466 3375 1813 3449 θαρρήσασα.

227 3473 346 3529 Καὶ
371 3472 471 3542 τὴν
500 3470 593 3524 ἐπὶ
621 3471 870 3540 δαίμοσιν
904 3469 1099 3524 ἐλπίδα
1120 3469 1407 3537 πορνείαν
1433 3467 1610 3523 καλεῖ.
1652 3469 1817 3521 Ἀπο-

231 3563 466 3633 στατικὴ
492 3562 601 3633 γάρ
630 3563 746 3615 ἐστι
772 3560 930 3614 Θεοῦ.
964 3562 1107 3615 Πᾶσι
1132 3559 1242 3631 γὰρ
1270 3558 1582 3631 ἀνθρώποις
1612 3560 1646 3631 ἡ
1681 3560 1818 3630 πρὸς

227 3655 368 3709 Θεὸν
389 3654 664 3717 οἰκείωσις
694 3652 836 3707 κατὰ
867 3650 1054 3722 φύσιν,
1087 3654 1120 3722 ἡ
1148 3652 1205 3705 δὲ
1235 3651 1376 3722 πρὸς
1419 3650 1680 3723 δαίμονας
1724 3650 1818 3705 ἀλ-
1868 3646 1873 3650 ’

228 3747 448 3819 λοτρία,
496 3746 596 3817 τὴν
648 3743 852 3799 τούτων
891 3745 1027 3815 πρὸς
1054 3743 1377 3814 ἀνθρώπους
1417 3743 1707 3797 συνουσίαν
1734 3742 1824 3796 διὰ

228 3838 490 3911 γοητείας
519 3838 854 3908 ἐπαγομένη.
892 3835 984 3890 Διὸ
1010 3836 1104 3891 καὶ
1141 3836 1355 3899 Παῦλος
1402 3840 1468 3906 τῇ
1501 3835 1825 3905 φαρμακείᾳ

228 3925 503 3980 συνάπτει
538 3925 637 3996 τὴν
676 3924 1119 3995 εἰδωλολατρείαν
1179 3924 1355 3995 λέγων
1382 3943 1394 3955 ·
1449 3944 1468 3977 ι
1528 3924 1829 3979 Εἰδωλολα-

232 4012 421 4084 τρεία,
456 4011 794 4085 φαρμακεία.
833 4031 852 4064 ι

1917 3378 2216 3449 Persisque
2257 3389 2310 3435 te
2350 3381 2466 3437 fore
2513 3383 2851 3452 superiorem
2886 3383 3176 3449 arbitrata,
3207 3392 3428 3459 esselte,
3455 3392 3508 3439 et

1919 3486 2022 3525 non
2039 3472 2291 3526 exsistere
2318 3472 2505 3540 aliam,
2530 3473 2695 3543 inque
2713 3473 3008 3543 vaticiniis,
3038 3490 3160 3546 quae
3197 3491 3296 3546 per
3312 3476 3509 3532 daemo-

1920 3576 2020 3617 nas
2047 3570 2107 3618 et
2135 3572 2287 3619 astra
2312 3563 2472 3630 nunt,
2504 3565 2801 3629 conlidere.
2825 3578 2963 3621 ausa
2994 3565 3075 3621 sis
3104 3565 3311 3622 dicere.
3343 3565 3508 3636 Spem

1920 3652 2142 3719 deinde,
2169 3670 2291 3724 qua:
2315 3655 2370 3710 in
2391 3655 2732 3713 daemonibus
2748 3657 3070 3720 collocatur,
3097 3657 3543 3732 fornicationem..-

1923 3743 2047 3799 ideo
2078 3746 2347 3814 nominat,
2376 3748 2521 3816 quod
2553 3761 2583 3801 a
2618 3747 2728 3803 Deo
2757 3755 2998 3817 separet.
3027 3746 3126 3804 Est
3154 3750 3301 3805 enim
3327 3749 3423 3805 Dei
3453 3759 3511 3806 et

1927 3835 2211 3890 hominum
2241 3831 2478 3900 maxime
2512 3838 2814 3893 secundum
2846 3846 3100 3894 naturam
3138 3839 3506 3906 familiaritas,

1931 3925 2107 3980 aliena
2156 3937 2336 3983 autem
2382 3928 2562 3999 plane,
2615 3944 2736 3998 quae
2790 3943 2916 3982 cum
2960 3929 3296 3985 daemonibus
3346 3930 3506 3996 inita,

1933 4016 2041 4071 illis
2074 4031 2198 4073 cum
2236 4018 2556 4074 hominibus
2610 4034 2965 4088 congressum
3007 4020 3234 4092 magicis
3289 4021 3507 4077 artibus

232 4104 531 4160 conciliat:
575 4104 813 4175 indeque
864 4111 948 4159 est
980 4103 1128 4175 quod
1159 4103 1361 4159 Paulus
1406 4100 1676 4160 idolorum
1710 4104 1920 4162 cultum
1945 4122 2070 4162 cum
2103 4109 2171 4164 iis
2199 4111 2505 4183 conjttngit,
2571 4127 2696 4166 cum
2748 4111 3019 4166 idolorum
3088 4112 3347 4179 servitus,
3410 4127 3510 4169 ve-

230 4197 457 4263 neﬁcia,
484 4196 615 4251 dicit
638 4195 708 4250 ".

312 4291 391 4344 Οὐ
414 4289 592 4343 τοίνυν
612 4287 738 4342 οὔτε
768 4289 1089 4355 Χαλδαίοις
1117 4287 1233 4343 οὔθ’
1266 4289 1477 4362 ἑτέροις
1511 4289 1574 4343 τὸ
1605 4290 1821 4345 εἰδωλο-

233 4385 462 4456 λατρεϊν
514 4382 858 4452 συγγνωστὸν
882 4422 898 4448 ,
937 4382 1053 4435 ἀλλ’
1110 4381 1377 4454 ὀλέθριον.
1409 4384 1630 4437 Ἔσται
1682 4378 1818 4449 οὖν,

1999 4290 2119 4348 Νοη
2153 4299 2238 4349 est
2278 4292 2446 4363 igitur
2478 4291 2625 4345 idola
2665 4290 2842 4346 colere
2878 4305 3053 4361 neque
3086 4288 3382 4356 Chalda'is,
3413 4306 3512 4348 ne-

1929 4401 2035 4456 que
2075 4385 2200 4446 aliis
2234 4385 2393 4439 venia
2435 4382 2690 4452 dignum,
2731 4380 2829 4437 sed
2862 4382 3060 4453 capite.
3097 4379 3211 4435 Erit
3259 4398 3381 4454 ergo
3404 4381 3514 4453 [or-

236 4475 434 4548 φησὶν,
475 4476 508 4544 ὴ
539 4474 786 4541 πορνεία
809 4490 925 4528 σου
959 4476 1049 4539 εἰς
1080 4475 1407 4543 αἰσχύνην,
1456 4474 1535 4527 ὅτ’
1581 4474 1647 4529 ἂν
1675 4474 1821 4546 litati

1931 4480 2129 4534 nicatio
2162 4489 2276 4545 tua,
2308 4477 2505 4550 inquit,
2536 4478 2589 4530 in
2620 4477 2880 4541 dedecus;
2911 4490 3032 4532 cum
3058 4474 3319 4548 tibi,qua
3347 4478 3517 4535 estin

237 4568 492 4637 δαίμοσιν
541 4565 719 4631 ἐλπὶς
773 4563 1053 4636 διαπέσῃ,
1101 4559 1189 4618 ὧν
1224 4567 1260 4635 ὴ
1317 4565 1517 4635 ἰσχὺς,
1545 4567 1823 4633 ἀσθένεια,

239 4660 388 4731 μήτε
437 4656 725 4725 προλέγειν
769 4657 1023 4729 ἑχόντων,
1085 4658 1159 4721 ὡς
1195 4657 1307 4727 ἐγώ
1336 4677 1419 4712 σοι
1456 4659 1653 4726 ταῦτα,
1686 4662 1825 4733 μήτε

238 4747 459 4821 βοηθεῖν
481 4745 815 4815 δυναμένων.
858 4746 1006 4799 Ἀντὶ
1026 4746 1083 4799 δὲ
1117 4745 1232 4810 τοῦ,
1261 4746 1455 4803 Γνῶθι
1480 4747 1570 4804 ὅτι
1595 4749 1632 4817 ἡ
1669 4750 1825 4803 σύν-

232 4855 376 4905 εσις
402 4838 629 4892 τούτων
659 4835 850 4901 ἔσται,
881 4840 981 4890 καὶ
1033 4839 1071 4905 ἡ
1108 4840 1355 4906 πορνεία
1396 4856 1495 4894 σοι
1537 4842 1824 4910 αἰσχύνη,

236 4929 541 5002 Σύμμαχος
571 4940 732 4998 φησι⁶
767 4927 876 4982 Καὶ
904 4930 941 4996 ἠ
982 4928 1200 4998 γνῶσίς
1264 4944 1382 4985 σου
1410 4932 1563 5001 αὕτη
1606 4932 1832 5001 ἐξηπά-

235 5023 438 5092 τησέν
460 5034 553 5076 σε.
592 5021 852 5075 Σύνεσιν
891 5021 947 5074 δὲ
996 5021 1151 5074 καλεῖ
1172 5023 1271 5092 τὴν
1320 5024 1514 5092 σοφίαν
1543 5024 1652 5078 τῶν
1691 5025 1830 5095 μάν-

236 5134 406 5172 τεων.
434 5115 527 5168 Διό
571 5130 731 5184 φησι,
757 5112 861 5166 Καὶ
887 5115 958 5167 οὐ
1006 5112 1092 5183 μὴ
1124 5110 1280 5183 γνῷς
1305 5114 1373 5168 ἐκ
1400 5116 1687 5185 μαντείας
1726 5117 1834 5172 τὸν

237 5208 651 5278 ἐπερχόμενον
704 5204 974 5273 ὄλεθρον,
1025 5205 1083 5259 ὃν
1135 5207 1226 5260 καὶ
1255 5206 1529 5270 ,ϐόθυνον
1568 5207 1744 5272 καλεῖ,
1772 5208 1835 5262 τὸ

239 5301 491 5370 ἄφυκτον
519 5294 628 5349 τῶν
661 5296 1107 5364 ἐμπεπτωκότων
1147 5296 1343 5367 δηλῶν.
1407 5296 1717 5368 Παρίστησι
1775 5297 1833 5356 δὲ

1933 4572 2294 4638 daemonibus,
2327 4587 2445 4640 spes
2479 4570 2757 4636 exciderit,
2789 4585 3013 4640 quorum
3046 4570 3212 4625 virtus
3239 4569 3308 4625 ab
3339 4570 3517 4641 impo-

1935 4666 2102 4723 tentia
2132 4678 2240 4719 non
2268 4662 2476 4728 dili‘ert,
2509 4664 2604 4733 qui
2645 4663 2741 4717 tibi
2776 4661 2907 4717 nihil
2926 4660 3228 4731 quidquam
3259 4661 3343 4717 vel
3371 4675 3515 4732 pra!-

1935 4750 2135 4815 dicere,
2163 4760 2334 4818 utego
2358 4748 2483 4809 ista,
2509 4746 2593 4800 vel
2613 4745 2863 4799 auxiliari
2887 4754 3114 4815 queunt.
3139 4743 3206 4799 At
3221 4759 3341 4815 pro,
3366 4744 3513 4800 Scito

1932 4838 2076 4908 quod
2117 4837 2401 4907 prudentia
2432 4836 2620 4889 horum
2649 4835 2770 4900 erit,
2800 4847 2848 4887 et
2878 4833 3165 4902 fornicatio
3193 4842 3285 4887 tua
3303 4832 3399 4886 tibi
3420 4833 3514 4887 de-

1935 4931 2134 4992 decori,
2176 4929 2249 4983 ita
2296 4927 2702 4997 Symmachus:
2738 4923 2805 4978 Et
2854 4925 3202 4995 intelligentia
3248 4935 3362 4985 tua,
3403 4923 3516 4978 [nec

1934 5021 2132 5087 decepit
2168 5029 2235 5073 te.
2267 5016 2368 5071 Ubi
2407 5016 2770 5085 intelligentiae
2799 5016 3022 5071 nomine
3068 5012 3401 5069 vaticinandi
3424 5025 3517 5067 ar-

1938 5118 2046 5163 tem
2082 5104 2428 5175 signiﬁcavit.
2461 5102 2528 5157 Et
2561 5102 2687 5156 inde
2719 5111 2823 5170 est,
2852 5101 3000 5173 quod
3043 5102 3149 5156 ait;
3180 5098 3252 5154 Et
3291 5115 3394 5152 non
3424 5114 3515 5153 eo-

1935 5213 2148 5270 guosces
2182 5209 2248 5250 ex
2297 5193 2559 5249 vaticiniis
2584 5193 2946 5247 advenientem
2991 5192 3305 5255 interitum;
3352 5204 3516 5259 quem

1936 5291 2141 5359 foveam
2168 5288 2330 5343 etiam
2361 5284 2674 5356 appellavit,
2710 5291 2768 5337 ttt
2804 5298 2919 5348 eos,
2942 5281 3035 5351 qui
3068 5281 3122 5336 in
3145 5295 3263 5335 eam
3298 5279 3517 5335 cecide-

238 5389 448 5458 Δανιὴλ
478 5388 625 5449 ὅπως
652 5385 802 5457 παρὰ
832 5385 1118 5448 Χαλδαίοις
1149 5387 1444 5457 διέπρεπον
1473 5387 1639 5456 μάγοι
1662 5386 1821 5451 τινὲς1

1927 5386 2054 5446 rint,
2097 5397 2205 5436 non
2233 5393 2355 5435 esse
2385 5391 2650 5432 evasuros
2682 5376 3111 5430 demonstraret.
3168 5371 3342 5441 Legas
3390 5385 3519 5427 vero

237 5487 344 5542 καὶ
377 5479 710 5551 Γαζαρτρκοὶ,
766 5481 859 5533 καὶ
910 5481 1215 5549 φαρμακοὶ,
1266 5482 1360 5534 καὶ
1403 5483 1452 5532 ol
1488 5479 1559 5533 τὰ
1604 5479 1821 5533 τοιαῦτα

1938 5484 1991 5530 et
2017 5473 2158 5545 apud
2208 5470 2485 5525 Danielem
2517 5482 2704 5537 magos
2745 5466 2799 5519 in
2841 5464 3091 5519 Chaldaeo
3134 5466 3424 5533 quosdam,
3466 5470 3524 5518 ει

239 5576 403 5646 σοφοὶ
431 5572 597 5642 (οὓτω
625 5570 736 5639 γὰρ
766 5570 956 5633 αὐτοὺς
988 5571 1264 5643 ἐκάλουν),
1288 5571 1337 5625 οἳ
1370 5573 1464 5625 καὶ
1513 5569 1821 5640 εὐδοκίμουν

1942 5566 2274 5630 Gazarenos,
2325 5557 2793 5633 etyenelicos",
2834 5555 3082 5625 aliosque
3129 5554 3329 5608 artium
3379 5553 3524 5623 ejus—

318 5759 363 5792 ⁷³
390 5755 627 5810 Zacltar.
658 5770 693 5817 I,
735 5753 920 5814 lt,l5.
946 5753 992 5785 ἠ
1062 5751 1250 5821 (ialm,
1281 5753 1374 5810 ΞΟ.
1408 5753 1455 5786 ⁷⁸
1487 5749 1622 5804 Dan.
1654 5762 1715 5811 tt,
1748 5753 1799 5806 Ξ.
