  <div class='ocr_page' id='page_1' title='image "/cluster/home/n/w/nwhite01/storage/ocr_20150623/87 pars.2/pst.000005712908/463.png"; bbox 0 0 3980 6306; ppageno 0'>
   <div class='ocr_carea' id='block_1_1' title="bbox 490 278 628 344">
    <p class='ocr_par' dir='ltr' id='par_1_1' title="bbox 490 278 628 344">
     <span class='ocr_line' id='line_1_1' title="bbox 490 278 628 344; baseline 0.022 -3"><span class='ocrx_word' id='word_1_1' title='bbox 490 278 628 344; x_wconf 69' lang='grc' dir='ltr'><strong>264Ἷ</strong></span> 
     </span>
    </p>
   </div>
   <div class='ocr_carea' id='block_1_2' title="bbox 1828 286 2454 350">
    <p class='ocr_par' dir='ltr' id='par_1_2' title="bbox 1828 286 2454 350">
     <span class='ocr_line' id='line_1_2' title="bbox 1828 286 2454 350; baseline 0.002 -1"><span class='ocrx_word' id='word_1_2' title='bbox 1828 286 2179 350; x_wconf 82' lang='lat' dir='ltr'><strong>PROCOPII</strong></span> <span class='ocrx_word' id='word_1_3' title='bbox 2209 287 2454 350; x_wconf 67' lang='lat' dir='ltr'><strong>GAZIEI</strong></span> 
     </span>
    </p>
   </div>
   <div class='ocr_carea' id='block_1_3' title="bbox 3646 284 3817 349">
    <p class='ocr_par' dir='ltr' id='par_1_3' title="bbox 3646 284 3817 349">
     <span class='ocr_line' id='line_1_3' title="bbox 3646 284 3817 349; baseline -0.006 0"><span class='ocrx_word' id='word_1_4' title='bbox 3646 284 3817 349; x_wconf 63' lang='lat'><strong>2453</strong></span> 
     </span>
    </p>
   </div>
   <div class='ocr_carea' id='block_1_4' title="bbox 487 389 2072 472">
    <p class='ocr_par' dir='ltr' id='par_1_4' title="bbox 487 389 2072 467">
     <span class='ocr_line' id='line_1_4' title="bbox 487 389 2072 467; baseline 0.003 -20"><span class='ocrx_word' id='word_1_5' title='bbox 487 389 635 448; x_wconf 79' lang='lat' dir='ltr'><strong>modi</strong></span> <span class='ocrx_word' id='word_1_6' title='bbox 672 389 1041 462; x_wconf 84' lang='lat' dir='ltr'><strong>professores,</strong></span> <span class='ocrx_word' id='word_1_7' title='bbox 1079 405 1219 463; x_wconf 85' lang='lat' dir='ltr'><strong>quos</strong></span> <span class='ocrx_word' id='word_1_8' title='bbox 1253 392 1333 448; x_wconf 93' lang='lat' dir='ltr'><strong>illi</strong></span> <span class='ocrx_word' id='word_1_9' title='bbox 1390 394 1668 467; x_wconf 80' lang='lat' dir='ltr'><strong>sapientes</strong></span> <span class='ocrx_word' id='word_1_10' title='bbox 1705 406 1924 463; x_wconf 81' lang='lat' dir='ltr'><strong>vocant,</strong></span> <span class='ocrx_word' id='word_1_11' title='bbox 1965 398 2072 453; x_wconf 88' lang='lat' dir='ltr'><strong>cla-</strong></span> 
     </span>
    </p>
   </div>
   <div class='ocr_carea' id='block_1_5' title="bbox 2179 389 3805 472">
    <p class='ocr_par' dir='ltr' id='par_1_5' title="bbox 2187 393 3805 472">
     <span class='ocr_line' id='line_1_5' title="bbox 2187 393 3805 472; baseline 0 -20"><span class='ocrx_word' id='word_1_12' title='bbox 2187 398 2339 472; x_wconf 83' lang='grc' dir='ltr'><strong>παρὰ</strong></span> <span class='ocrx_word' id='word_1_13' title='bbox 2363 399 2443 471; x_wconf 82' lang='grc' dir='ltr'><strong>τῷ</strong></span> <span class='ocrx_word' id='word_1_14' title='bbox 2468 398 2716 471; x_wconf 73' lang='grc' dir='ltr'><strong>βασιλεῖ,</strong></span> <span class='ocrx_word' id='word_1_15' title='bbox 2756 395 2831 462; x_wconf 85' lang='grc' dir='ltr'><strong>ὡς</strong></span> <span class='ocrx_word' id='word_1_16' title='bbox 2860 393 2930 450; x_wconf 82' lang='grc' dir='ltr'><strong>δι’</strong></span> <span class='ocrx_word' id='word_1_17' title='bbox 2966 394 3151 450; x_wconf 68' lang='grc' dir='ltr'><strong>αὐτῶν</strong></span> <span class='ocrx_word' id='word_1_18' title='bbox 3192 396 3644 470; x_wconf 60' lang='grc' dir='ltr'><strong>κατορθουμένης</strong></span> <span class='ocrx_word' id='word_1_19' title='bbox 3685 400 3805 468; x_wconf 80' lang='grc' dir='ltr'><strong>τῆς</strong></span> 
     </span>
    </p>
   </div>
   <div class='ocr_carea' id='block_1_6' title="bbox 487 482 2080 555">
    <p class='ocr_par' dir='ltr' id='par_1_6' title="bbox 487 482 2080 555">
     <span class='ocr_line' id='line_1_6' title="bbox 487 482 2080 555; baseline 0.004 -18"><span class='ocrx_word' id='word_1_20' title='bbox 487 482 689 548; x_wconf 87' lang='lat' dir='ltr'><strong>ruisse,</strong></span> <span class='ocrx_word' id='word_1_21' title='bbox 723 490 1048 553; x_wconf 82' lang='lat' dir='ltr'><strong>tantumque</strong></span> <span class='ocrx_word' id='word_1_22' title='bbox 1072 484 1183 555; x_wconf 90' lang='lat' dir='ltr'><strong>regi</strong></span> <span class='ocrx_word' id='word_1_23' title='bbox 1211 485 1474 553; x_wconf 85' lang='lat' dir='ltr'><strong>probatos</strong></span> <span class='ocrx_word' id='word_1_24' title='bbox 1513 486 1708 555; x_wconf 87' lang='lat' dir='ltr'><strong>fuisse,</strong></span> <span class='ocrx_word' id='word_1_25' title='bbox 1738 496 1797 543; x_wconf 94' lang='lat' dir='ltr'><strong>ut</strong></span> <span class='ocrx_word' id='word_1_26' title='bbox 1828 503 1941 543; x_wconf 91' lang='lat' dir='ltr'><strong>non</strong></span> <span class='ocrx_word' id='word_1_27' title='bbox 1970 488 2080 544; x_wconf 86' lang='lat' dir='ltr'><strong>nisi</strong></span> 
     </span>
    </p>
   </div>
   <div class='ocr_carea' id='block_1_7' title="bbox 404 573 2080 651">
    <p class='ocr_par' dir='ltr' id='par_1_7' title="bbox 404 573 2080 651">
     <span class='ocr_line' id='line_1_7' title="bbox 404 573 2080 651; baseline 0.006 -23"><span class='ocrx_word' id='word_1_28' title='bbox 404 590 411 597; x_wconf 75' lang='lat'><strong><em>&#39;</em></strong></span> <span class='ocrx_word' id='word_1_29' title='bbox 484 589 676 629; x_wconf 83' lang='lat' dir='ltr'><strong>eorum</strong></span> <span class='ocrx_word' id='word_1_30' title='bbox 701 573 964 645; x_wconf 82' lang='lat' dir='ltr'><strong>auspiciis</strong></span> <span class='ocrx_word' id='word_1_31' title='bbox 983 589 1211 645; x_wconf 84' lang='lat' dir='ltr'><strong>regnum</strong></span> <span class='ocrx_word' id='word_1_32' title='bbox 1241 574 1479 632; x_wconf 76' lang='lat' dir='ltr'><strong>feliciter</strong></span> <span class='ocrx_word' id='word_1_33' title='bbox 1515 578 1893 635; x_wconf 76' lang='lat' dir='ltr'><strong>administrari</strong></span> <span class='ocrx_word' id='word_1_34' title='bbox 1915 595 2080 651; x_wconf 85' lang='lat' dir='ltr'><strong>posse</strong></span> 
     </span>
    </p>
   </div>
   <div class='ocr_carea' id='block_1_8' title="bbox 485 664 2080 737">
    <p class='ocr_par' dir='ltr' id='par_1_8' title="bbox 485 664 2080 737">
     <span class='ocr_line' id='line_1_8' title="bbox 485 664 2080 737; baseline 0.004 -18"><span class='ocrx_word' id='word_1_35' title='bbox 485 665 767 719; x_wconf 83' lang='lat' dir='ltr'><strong>crederet:</strong></span> <span class='ocrx_word' id='word_1_36' title='bbox 794 680 935 734; x_wconf 87' lang='lat' dir='ltr'><strong>quos</strong></span> <span class='ocrx_word' id='word_1_37' title='bbox 958 664 1046 718; x_wconf 90' lang='lat' dir='ltr'><strong>hic</strong></span> <span class='ocrx_word' id='word_1_38' title='bbox 1080 678 1178 735; x_wconf 90' lang='lat' dir='ltr'><strong>per</strong></span> <span class='ocrx_word' id='word_1_39' title='bbox 1215 665 1389 734; x_wconf 84' lang='lat' dir='ltr'><strong>ignem</strong></span> <span class='ocrx_word' id='word_1_40' title='bbox 1417 682 1682 737; x_wconf 82' lang='lat' dir='ltr'><strong>passuros</strong></span> <span class='ocrx_word' id='word_1_41' title='bbox 1713 683 1839 724; x_wconf 88' lang='lat' dir='ltr'><strong>esse</strong></span> <span class='ocrx_word' id='word_1_42' title='bbox 1896 669 2080 724; x_wconf 82' lang='lat' dir='ltr'><strong>vindi-</strong></span> 
     </span>
    </p>
   </div>
   <div class='ocr_carea' id='block_1_9' title="bbox 485 756 2082 829">
    <p class='ocr_par' dir='ltr' id='par_1_9' title="bbox 485 756 2082 829">
     <span class='ocr_line' id='line_1_9' title="bbox 485 756 2082 829; baseline 0.004 -20"><span class='ocrx_word' id='word_1_43' title='bbox 485 768 631 809; x_wconf 85' lang='lat' dir='ltr'><strong>ctam</strong></span> <span class='ocrx_word' id='word_1_44' title='bbox 690 764 876 811; x_wconf 86' lang='lat' dir='ltr'><strong>monet</strong></span> <span class='ocrx_word' id='word_1_45' title='bbox 913 756 1197 826; x_wconf 83' lang='lat' dir='ltr'><strong>propheta,</strong></span> <span class='ocrx_word' id='word_1_46' title='bbox 1239 770 1375 821; x_wconf 76' lang='lat' dir='ltr'><strong>cum</strong></span> <span class='ocrx_word' id='word_1_47' title='bbox 1404 764 1460 812; x_wconf 87' lang='lat' dir='ltr'><strong>et</strong></span> <span class='ocrx_word' id='word_1_48' title='bbox 1487 757 1685 829; x_wconf 86' lang='lat' dir='ltr'><strong>ipsam,</strong></span> <span class='ocrx_word' id='word_1_49' title='bbox 1734 759 1899 815; x_wconf 89' lang='lat' dir='ltr'><strong>nullis</strong></span> <span class='ocrx_word' id='word_1_50' title='bbox 1922 762 2082 816; x_wconf 79' lang='lat' dir='ltr'><strong>auxi--</strong></span> 
     </span>
    </p>
   </div>
   <div class='ocr_carea' id='block_1_10' title="bbox 484 847 2078 921">
    <p class='ocr_par' dir='ltr' id='par_1_10' title="bbox 484 847 2078 921">
     <span class='ocr_line' id='line_1_10' title="bbox 484 847 2078 921; baseline 0.004 -21"><span class='ocrx_word' id='word_1_51' title='bbox 484 848 619 902; x_wconf 83' lang='lat' dir='ltr'><strong>lium</strong></span> <span class='ocrx_word' id='word_1_52' title='bbox 681 847 826 903; x_wconf 76' lang='lat' dir='ltr'><strong>ferre</strong></span> <span class='ocrx_word' id='word_1_53' title='bbox 856 847 1189 913; x_wconf 82' lang='lat' dir='ltr'><strong>valentibus,</strong></span> <span class='ocrx_word' id='word_1_54' title='bbox 1233 847 1359 917; x_wconf 90' lang='lat' dir='ltr'><strong>igne</strong></span> <span class='ocrx_word' id='word_1_55' title='bbox 1417 850 1759 921; x_wconf 79' lang='lat' dir='ltr'><strong>conﬂagrare</strong></span> <span class='ocrx_word' id='word_1_56' title='bbox 1799 851 2078 907; x_wconf 87' lang='lat' dir='ltr'><strong>civitatem</strong></span> 
     </span>
    </p>
   </div>
   <div class='ocr_carea' id='block_1_11' title="bbox 483 940 2080 1010">
    <p class='ocr_par' dir='ltr' id='par_1_11' title="bbox 483 940 2080 1010">
     <span class='ocr_line' id='line_1_11' title="bbox 483 940 2080 1010; baseline 0.003 -16"><span class='ocrx_word' id='word_1_57' title='bbox 483 940 799 1010; x_wconf 80' lang='lat' dir='ltr'><strong>contigerit.</strong></span> <span class='ocrx_word' id='word_1_58' title='bbox 825 940 968 995; x_wconf 90' lang='lat' dir='ltr'><strong>Sunt</strong></span> <span class='ocrx_word' id='word_1_59' title='bbox 999 946 1182 994; x_wconf 89' lang='lat' dir='ltr'><strong>tamen</strong></span> <span class='ocrx_word' id='word_1_60' title='bbox 1215 940 1308 1010; x_wconf 88' lang='lat' dir='ltr'><strong>qui</strong></span> <span class='ocrx_word' id='word_1_61' title='bbox 1337 955 1648 998; x_wconf 85' lang='lat' dir='ltr'><strong>sermonem</strong></span> <span class='ocrx_word' id='word_1_62' title='bbox 1672 943 1740 998; x_wconf 91' lang='lat' dir='ltr'><strong>ad</strong></span> <span class='ocrx_word' id='word_1_63' title='bbox 1763 942 2080 999; x_wconf 77' lang='lat' dir='ltr'><strong>Chaldwam</strong></span> 
     </span>
    </p>
   </div>
   <div class='ocr_carea' id='block_1_12' title="bbox 2186 488 3805 562">
    <p class='ocr_par' dir='ltr' id='par_1_12' title="bbox 2186 488 3805 562">
     <span class='ocr_line' id='line_1_12' title="bbox 2186 488 3805 562; baseline 0.001 -16"><span class='ocrx_word' id='word_1_64' title='bbox 2186 491 2489 562; x_wconf 84' lang='grc' dir='ltr'><strong>βασιλείας,</strong></span> <span class='ocrx_word' id='word_1_65' title='bbox 2520 490 2613 556; x_wconf 79' lang='grc' dir='ltr'><strong>οὓς</strong></span> <span class='ocrx_word' id='word_1_66' title='bbox 2640 507 2776 561; x_wconf 81' lang='grc' dir='ltr'><strong>φησι</strong></span> <span class='ocrx_word' id='word_1_67' title='bbox 2824 488 3238 560; x_wconf 75' lang='grc' dir='ltr'><strong>καταλήψεσθαι</strong></span> <span class='ocrx_word' id='word_1_68' title='bbox 3289 492 3391 562; x_wconf 82' lang='grc' dir='ltr'><strong>τὴν</strong></span> <span class='ocrx_word' id='word_1_69' title='bbox 3444 490 3545 545; x_wconf 75' lang='grc' dir='ltr'><strong>διὰ</strong></span> <span class='ocrx_word' id='word_1_70' title='bbox 3576 490 3805 561; x_wconf 69' lang='grc' dir='ltr'><strong>πυρὸς</strong></span> 
     </span>
    </p>
   </div>
   <div class='ocr_carea' id='block_1_13' title="bbox 2183 581 3800 654">
    <p class='ocr_par' dir='ltr' id='par_1_13' title="bbox 2183 581 3800 654">
     <span class='ocr_line' id='line_1_13' title="bbox 2183 581 3800 654; baseline 0.001 -20"><span class='ocrx_word' id='word_1_71' title='bbox 2183 583 2480 654; x_wconf 77' lang='grc' dir='ltr'><strong>τιμωρίαν,</strong></span> <span class='ocrx_word' id='word_1_72' title='bbox 2500 582 2663 654; x_wconf 78' lang='grc' dir='ltr'><strong>ἡνίκα</strong></span> <span class='ocrx_word' id='word_1_73' title='bbox 2690 581 3063 653; x_wconf 78' lang='grc' dir='ltr'><strong>πυρίκαυστος</strong></span> <span class='ocrx_word' id='word_1_74' title='bbox 3091 581 3191 634; x_wconf 83' lang='grc' dir='ltr'><strong>καὶ</strong></span> <span class='ocrx_word' id='word_1_75' title='bbox 3218 582 3252 651; x_wconf 78' lang='grc' dir='ltr'><strong>ἠ</strong></span> <span class='ocrx_word' id='word_1_76' title='bbox 3281 581 3438 646; x_wconf 81' lang='grc' dir='ltr'><strong>πόλις</strong></span> <span class='ocrx_word' id='word_1_77' title='bbox 3460 584 3800 653; x_wconf 75' lang='grc' dir='ltr'><strong>γενήσεται,</strong></span> 
     </span>
    </p>
   </div>
   <div class='ocr_carea' id='block_1_14' title="bbox 2185 670 3803 743">
    <p class='ocr_par' dir='ltr' id='par_1_14' title="bbox 2185 670 3803 743">
     <span class='ocr_line' id='line_1_14' title="bbox 2185 670 3803 743; baseline 0 -17"><span class='ocrx_word' id='word_1_78' title='bbox 2185 673 2321 743; x_wconf 84' lang='grc' dir='ltr'><strong>μηδὲ</strong></span> <span class='ocrx_word' id='word_1_79' title='bbox 2340 673 2526 737; x_wconf 74' lang='grc' dir='ltr'><strong>αὐτοῖς</strong></span> <span class='ocrx_word' id='word_1_80' title='bbox 2573 671 2789 742; x_wconf 80' lang='grc' dir='ltr'><strong>βοηθεῖν</strong></span> <span class='ocrx_word' id='word_1_81' title='bbox 2818 671 3173 742; x_wconf 78' lang='grc' dir='ltr'><strong>δυναμένους.</strong></span> <span class='ocrx_word' id='word_1_82' title='bbox 3203 670 3363 735; x_wconf 75' lang='grc' dir='ltr'><strong>Τινὲς</strong></span> <span class='ocrx_word' id='word_1_83' title='bbox 3382 672 3440 724; x_wconf 78' lang='grc' dir='ltr'><strong>δὲ</strong></span> <span class='ocrx_word' id='word_1_84' title='bbox 3460 674 3578 726; x_wconf 77' lang='grc' dir='ltr'><strong>κατ’</strong></span> <span class='ocrx_word' id='word_1_85' title='bbox 3610 675 3803 743; x_wconf 78' lang='grc' dir='ltr'><strong>εἰρω-</strong></span> 
     </span>
    </p>
   </div>
   <div class='ocr_carea' id='block_1_15' title="bbox 2181 762 3803 836">
    <p class='ocr_par' dir='ltr' id='par_1_15' title="bbox 2181 762 3803 836">
     <span class='ocr_line' id='line_1_15' title="bbox 2181 762 3803 836; baseline 0.001 -18"><span class='ocrx_word' id='word_1_86' title='bbox 2181 764 2329 818; x_wconf 90' lang='grc' dir='ltr'><strong>νείαν</strong></span> <span class='ocrx_word' id='word_1_87' title='bbox 2353 766 2445 818; x_wconf 87' lang='grc' dir='ltr'><strong>τδν</strong></span> <span class='ocrx_word' id='word_1_88' title='bbox 2471 764 2628 834; x_wconf 89' lang='grc' dir='ltr'><strong>λόγον</strong></span> <span class='ocrx_word' id='word_1_89' title='bbox 2652 764 2788 836; x_wconf 79' lang='grc' dir='ltr'><strong>πρὸς</strong></span> <span class='ocrx_word' id='word_1_90' title='bbox 2804 763 2920 833; x_wconf 77' lang='grc' dir='ltr'><strong>τὴν</strong></span> <span class='ocrx_word' id='word_1_91' title='bbox 2941 763 3253 819; x_wconf 73' lang='grc' dir='ltr'><strong>Χαλδαίαν</strong></span> <span class='ocrx_word' id='word_1_92' title='bbox 3272 762 3541 830; x_wconf 74' lang='grc' dir='ltr'><strong>ἐδέξαντο.</strong></span> <span class='ocrx_word' id='word_1_93' title='bbox 3563 767 3803 834; x_wconf 80' lang='grc' dir='ltr'><strong>Ἔχεις</strong></span> 
     </span>
    </p>
   </div>
   <div class='ocr_carea' id='block_1_16' title="bbox 2181 852 3925 923">
    <p class='ocr_par' dir='ltr' id='par_1_16' title="bbox 2181 852 3925 923">
     <span class='ocr_line' id='line_1_16' title="bbox 2181 852 3925 923; baseline 0 -13"><span class='ocrx_word' id='word_1_94' title='bbox 2181 855 2488 923; x_wconf 77' lang='grc' dir='ltr'><strong>ἄνθρακας</strong></span> <span class='ocrx_word' id='word_1_95' title='bbox 2513 854 2726 923; x_wconf 82' lang='grc' dir='ltr'><strong>πυρὸς,</strong></span> <span class='ocrx_word' id='word_1_96' title='bbox 2766 855 2795 908; x_wconf 88' lang='grc' dir='ltr'><strong>ὅ</strong></span> <span class='ocrx_word' id='word_1_97' title='bbox 2831 855 2949 907; x_wconf 81' lang='grc' dir='ltr'><strong>ἐστι</strong></span> <span class='ocrx_word' id='word_1_98' title='bbox 2992 852 3235 923; x_wconf 74' lang='grc' dir='ltr'><strong>θερμοὺς</strong></span> <span class='ocrx_word' id='word_1_99' title='bbox 3263 854 3464 923; x_wconf 78' lang='grc' dir='ltr'><strong>ἄνδρας</strong></span> <span class='ocrx_word' id='word_1_100' title='bbox 3486 855 3581 909; x_wconf 84' lang='grc' dir='ltr'><strong>καὶ</strong></span> <span class='ocrx_word' id='word_1_101' title='bbox 3619 855 3803 919; x_wconf 79' lang='grc' dir='ltr'><strong>ζέον-</strong></span> <span class='ocrx_word' id='word_1_102' title='bbox 3895 896 3925 918; x_wconf 83' lang='grc'><strong>.</strong></span> 
     </span>
    </p>
   </div>
   <div class='ocr_carea' id='block_1_17' title="bbox 2180 938 3796 1016">
    <p class='ocr_par' dir='ltr' id='par_1_17' title="bbox 2180 938 3796 1016">
     <span class='ocr_line' id='line_1_17' title="bbox 2180 938 3796 1016; baseline -0.001 -17"><span class='ocrx_word' id='word_1_103' title='bbox 2180 962 2301 1010; x_wconf 89' lang='grc' dir='ltr'><strong>τας,</strong></span> <span class='ocrx_word' id='word_1_104' title='bbox 2328 947 2457 1009; x_wconf 69' lang='grc' dir='ltr'><strong>τοὺς</strong></span> <span class='ocrx_word' id='word_1_105' title='bbox 2479 946 2609 1016; x_wconf 75' lang='grc' dir='ltr'><strong>περὶ</strong></span> <span class='ocrx_word' id='word_1_106' title='bbox 2624 938 2699 998; x_wconf 83' lang='grc' dir='ltr'><strong>ὧν</strong></span> <span class='ocrx_word' id='word_1_107' title='bbox 2719 946 2746 998; x_wconf 86' lang='grc' dir='ltr'>ὁ</span> <span class='ocrx_word' id='word_1_108' title='bbox 2767 943 2946 1012; x_wconf 88' lang='grc' dir='ltr'><strong>λόγος,</strong></span> <span class='ocrx_word' id='word_1_109' title='bbox 2965 943 3042 998; x_wconf 84' lang='grc' dir='ltr'><strong>ὅτ’</strong></span> <span class='ocrx_word' id='word_1_110' title='bbox 3058 944 3127 998; x_wconf 83' lang='grc' dir='ltr'><strong>ἂν</strong></span> <span class='ocrx_word' id='word_1_111' title='bbox 3147 943 3241 996; x_wconf 81' lang='grc' dir='ltr'><strong>ἐπ’</strong></span> <span class='ocrx_word' id='word_1_112' title='bbox 3262 945 3461 1010; x_wconf 83' lang='grc' dir='ltr'><strong>αὐτοῖς</strong></span> <span class='ocrx_word' id='word_1_113' title='bbox 3483 946 3796 1012; x_wconf 80' lang='grc' dir='ltr'><strong>καθίσῃς,</strong></span> 
     </span>
    </p>
   </div>
   <div class='ocr_carea' id='block_1_18' title="bbox 2179 1035 3800 1109">
    <p class='ocr_par' dir='ltr' id='par_1_18' title="bbox 2179 1035 3800 1109">
     <span class='ocr_line' id='line_1_18' title="bbox 2179 1035 3800 1109; baseline 0.001 -17"><span class='ocrx_word' id='word_1_114' title='bbox 2179 1038 2208 1092; x_wconf 80' lang='grc' dir='ltr'>ὅ</span> <span class='ocrx_word' id='word_1_115' title='bbox 2233 1038 2385 1092; x_wconf 80' lang='grc' dir='ltr'><strong>ἐστιν</strong></span> <span class='ocrx_word' id='word_1_116' title='bbox 2414 1035 2807 1109; x_wconf 80' lang='grc' dir='ltr'><strong>ὲπαναπαύσῃ.</strong></span> <span class='ocrx_word' id='word_1_117' title='bbox 2836 1036 3002 1090; x_wconf 81' lang='grc' dir='ltr'><strong>Αὐτοὶ</strong></span> <span class='ocrx_word' id='word_1_118' title='bbox 3025 1036 3136 1108; x_wconf 82' lang='grc' dir='ltr'><strong>γὰρ</strong></span> <span class='ocrx_word' id='word_1_119' title='bbox 3166 1035 3380 1092; x_wconf 79' lang='grc' dir='ltr'><strong>ἔσονταί</strong></span> <span class='ocrx_word' id='word_1_120' title='bbox 3414 1054 3496 1089; x_wconf 86' lang='grc' dir='ltr'><strong>σοι</strong></span> <span class='ocrx_word' id='word_1_121' title='bbox 3519 1035 3800 1107; x_wconf 70' lang='grc' dir='ltr'><strong>βοήθεια.</strong></span> 
     </span>
    </p>
   </div>
   <div class='ocr_carea' id='block_1_19' title="bbox 2182 1127 3805 1199">
    <p class='ocr_par' dir='ltr' id='par_1_19' title="bbox 2182 1127 3805 1199">
     <span class='ocr_line' id='line_1_19' title="bbox 2182 1127 3805 1199; baseline -0.002 -16"><span class='ocrx_word' id='word_1_122' title='bbox 2182 1131 2390 1198; x_wconf 85' lang='grc' dir='ltr'><strong>Ἤγουν</strong></span> <span class='ocrx_word' id='word_1_123' title='bbox 2412 1128 2735 1197; x_wconf 79' lang='grc' dir='ltr'><strong>ἄνθρακας,</strong></span> <span class='ocrx_word' id='word_1_124' title='bbox 2757 1128 2856 1191; x_wconf 82' lang='grc' dir='ltr'><strong>τὰς</strong></span> <span class='ocrx_word' id='word_1_125' title='bbox 2884 1129 3320 1199; x_wconf 76' lang='grc' dir='ltr'><strong>ἑπιστρεπτικὰς</strong></span> <span class='ocrx_word' id='word_1_126' title='bbox 3348 1129 3441 1181; x_wconf 75' lang='grc' dir='ltr'><strong>καὶ</strong></span> <span class='ocrx_word' id='word_1_127' title='bbox 3455 1127 3805 1198; x_wconf 76' lang='grc' dir='ltr'><strong>ὠφελίμους</strong></span> 
     </span>
    </p>
   </div>
   <div class='ocr_carea' id='block_1_20' title="bbox 2176 1218 3804 1291">
    <p class='ocr_par' dir='ltr' id='par_1_20' title="bbox 2176 1218 3804 1291">
     <span class='ocr_line' id='line_1_20' title="bbox 2176 1218 3804 1291; baseline -0.001 -18"><span class='ocrx_word' id='word_1_128' title='bbox 2176 1219 2447 1291; x_wconf 82' lang='grc' dir='ltr'><strong>τιμωρίας</strong></span> <span class='ocrx_word' id='word_1_129' title='bbox 2475 1218 2653 1272; x_wconf 86' lang='grc' dir='ltr'><strong>καλεῖ.</strong></span> <span class='ocrx_word' id='word_1_130' title='bbox 2692 1218 3123 1290; x_wconf 74' lang='grc' dir='ltr'><strong>Ἐπιστραφείση</strong></span> <span class='ocrx_word' id='word_1_131' title='bbox 3145 1219 3255 1291; x_wconf 92' lang='grc' dir='ltr'><strong>γάρ</strong></span> <span class='ocrx_word' id='word_1_132' title='bbox 3282 1235 3384 1284; x_wconf 90' lang='grc' dir='ltr'><strong>σοι,</strong></span> <span class='ocrx_word' id='word_1_133' title='bbox 3404 1219 3586 1289; x_wconf 74' lang='grc' dir='ltr'><strong>φησὶν,</strong></span> <span class='ocrx_word' id='word_1_134' title='bbox 3615 1218 3804 1271; x_wconf 74' lang='grc' dir='ltr'><strong>ἔσται</strong></span> 
     </span>
    </p>
   </div>
   <div class='ocr_carea' id='block_1_21' title="bbox 2176 1307 3808 1397">
    <p class='ocr_par' dir='ltr' id='par_1_21' title="bbox 2176 1307 3808 1397">
     <span class='ocr_line' id='line_1_21' title="bbox 2176 1307 3808 1397; baseline -0.002 -33"><span class='ocrx_word' id='word_1_135' title='bbox 2176 1310 2245 1365; x_wconf 82' lang='grc' dir='ltr'><strong>τὰ</strong></span> <span class='ocrx_word' id='word_1_136' title='bbox 2282 1313 2384 1381; x_wconf 87' lang='grc' dir='ltr'><strong>τῆς</strong></span> <span class='ocrx_word' id='word_1_137' title='bbox 2418 1309 2693 1381; x_wconf 81' lang='grc' dir='ltr'><strong>τιμωρίας</strong></span> <span class='ocrx_word' id='word_1_138' title='bbox 2716 1308 2853 1381; x_wconf 74' lang='grc' dir='ltr'><strong>πρὸς</strong></span> <span class='ocrx_word' id='word_1_139' title='bbox 2881 1308 3091 1378; x_wconf 81' lang='grc' dir='ltr'><strong>ἀγαθοῦ</strong></span> <span class='ocrx_word' id='word_1_140' title='bbox 3121 1308 3220 1379; x_wconf 87' lang='grc' dir='ltr'><strong>τῆς</strong></span> <span class='ocrx_word' id='word_1_141' title='bbox 3246 1310 3375 1397; x_wconf 73' lang='grc' dir='ltr'><strong>παρ’</strong></span> <span class='ocrx_word' id='word_1_142' title='bbox 3404 1307 3537 1378; x_wconf 77' lang='grc' dir='ltr'><strong>ἐμοῦ</strong></span> <span class='ocrx_word' id='word_1_143' title='bbox 3562 1325 3808 1378; x_wconf 80' lang='grc' dir='ltr'><strong>τυγχα-</strong></span> 
     </span>
    </p>
   </div>
   <div class='ocr_carea' id='block_1_22' title="bbox 484 1032 2078 1104">
    <p class='ocr_par' dir='ltr' id='par_1_22' title="bbox 484 1032 2078 1104">
     <span class='ocr_line' id='line_1_22' title="bbox 484 1032 2078 1104; baseline 0.004 -17"><span class='ocrx_word' id='word_1_144' title='bbox 484 1035 692 1088; x_wconf 86' lang='lat' dir='ltr'><strong>iruuice</strong></span> <span class='ocrx_word' id='word_1_145' title='bbox 745 1033 905 1104; x_wconf 79' lang='lat' dir='ltr'><strong>dirigi</strong></span> <span class='ocrx_word' id='word_1_146' title='bbox 972 1032 1335 1101; x_wconf 84' lang='lat' dir='ltr'><strong>arbitrentur,</strong></span> <span class='ocrx_word' id='word_1_147' title='bbox 1386 1048 1514 1088; x_wconf 90' lang='lat' dir='ltr'><strong>cum</strong></span> <span class='ocrx_word' id='word_1_148' title='bbox 1579 1034 1772 1091; x_wconf 84' lang='lat' dir='ltr'><strong>habere</strong></span> <span class='ocrx_word' id='word_1_149' title='bbox 1823 1036 2078 1093; x_wconf 82' lang='lat' dir='ltr'><strong>carbones</strong></span> 
     </span>
    </p>
   </div>
   <div class='ocr_carea' id='block_1_23' title="bbox 482 1125 2076 1198">
    <p class='ocr_par' dir='ltr' id='par_1_23' title="bbox 482 1125 2076 1198">
     <span class='ocr_line' id='line_1_23' title="bbox 482 1125 2076 1198; baseline 0.004 -19"><span class='ocrx_word' id='word_1_150' title='bbox 482 1128 643 1198; x_wconf 88' lang='lat' dir='ltr'><strong>ignis,</strong></span> <span class='ocrx_word' id='word_1_151' title='bbox 694 1134 994 1183; x_wconf 75' lang='lat' dir='ltr'><strong>aestuantes</strong></span> <span class='ocrx_word' id='word_1_152' title='bbox 1035 1126 1293 1180; x_wconf 89' lang='lat' dir='ltr'><strong>nimirum</strong></span> <span class='ocrx_word' id='word_1_153' title='bbox 1338 1134 1392 1180; x_wconf 91' lang='lat' dir='ltr'><strong>et</strong></span> <span class='ocrx_word' id='word_1_154' title='bbox 1425 1125 1782 1197; x_wconf 72' lang='lat' dir='ltr'><strong>praefervidos</strong></span> <span class='ocrx_word' id='word_1_155' title='bbox 1822 1129 2076 1186; x_wconf 90' lang='lat' dir='ltr'><strong>homines</strong></span> 
     </span>
    </p>
   </div>
   <div class='ocr_carea' id='block_1_24' title="bbox 483 1218 2078 1292">
    <p class='ocr_par' dir='ltr' id='par_1_24' title="bbox 483 1218 2078 1292">
     <span class='ocr_line' id='line_1_24' title="bbox 483 1218 2078 1292; baseline 0.001 -18"><span class='ocrx_word' id='word_1_156' title='bbox 483 1220 609 1276; x_wconf 89' lang='lat' dir='ltr'><strong>illos</strong></span> <span class='ocrx_word' id='word_1_157' title='bbox 638 1220 799 1286; x_wconf 82' lang='lat' dir='ltr'><strong>dixit,</strong></span> <span class='ocrx_word' id='word_1_158' title='bbox 840 1219 910 1274; x_wconf 85' lang='lat' dir='ltr'><strong>de</strong></span> <span class='ocrx_word' id='word_1_159' title='bbox 931 1219 1133 1290; x_wconf 88' lang='lat' dir='ltr'><strong>quibus</strong></span> <span class='ocrx_word' id='word_1_160' title='bbox 1154 1218 1445 1284; x_wconf 80' lang='lat' dir='ltr'><strong>intellexit,</strong></span> <span class='ocrx_word' id='word_1_161' title='bbox 1469 1234 1618 1286; x_wconf 88' lang='lat' dir='ltr'><strong>cum,</strong></span> <span class='ocrx_word' id='word_1_162' title='bbox 1660 1221 1706 1277; x_wconf 87' lang='lat' dir='ltr'><strong>si</strong></span> <span class='ocrx_word' id='word_1_163' title='bbox 1741 1222 1963 1292; x_wconf 86' lang='lat' dir='ltr'><strong>quando</strong></span> <span class='ocrx_word' id='word_1_164' title='bbox 1987 1238 2078 1276; x_wconf 84' lang='lat' dir='ltr'><strong>su-</strong></span> 
     </span>
    </p>
   </div>
   <div class='ocr_carea' id='block_1_25' title="bbox 480 1301 2074 1384">
    <p class='ocr_par' dir='ltr' id='par_1_25' title="bbox 480 1301 2074 1384">
     <span class='ocr_line' id='line_1_25' title="bbox 480 1301 2074 1384; baseline 0.002 -17"><span class='ocrx_word' id='word_1_165' title='bbox 480 1308 573 1382; x_wconf 78' lang='lat' dir='ltr'><strong>per</strong></span> <span class='ocrx_word' id='word_1_166' title='bbox 604 1313 763 1383; x_wconf 80' lang='lat'><strong>537</strong></span> <span class='ocrx_word' id='word_1_167' title='bbox 793 1329 880 1367; x_wconf 87' lang='lat' dir='ltr'><strong>eos</strong></span> <span class='ocrx_word' id='word_1_168' title='bbox 909 1310 1132 1377; x_wconf 78' lang='lat' dir='ltr'><strong>sederis,</strong></span> <span class='ocrx_word' id='word_1_169' title='bbox 1166 1311 1221 1365; x_wconf 86' lang='lat' dir='ltr'><strong>id</strong></span> <span class='ocrx_word' id='word_1_170' title='bbox 1250 1301 1358 1377; x_wconf 71' lang='lat' dir='ltr'><strong>est,</strong></span> <span class='ocrx_word' id='word_1_171' title='bbox 1394 1311 1756 1382; x_wconf 83' lang='lat' dir='ltr'><strong>requieveris,</strong></span> <span class='ocrx_word' id='word_1_172' title='bbox 1805 1313 2074 1384; x_wconf 79' lang='lat' dir='ltr'><strong>atljuttxil.</strong></span> 
     </span>
    </p>
   </div>
   <div class='ocr_carea' id='block_1_26' title="bbox 480 1401 2072 1475">
    <p class='ocr_par' dir='ltr' id='par_1_26' title="bbox 480 1403 2072 1474">
     <span class='ocr_line' id='line_1_26' title="bbox 480 1403 2072 1474; baseline 0.003 -16"><span class='ocrx_word' id='word_1_173' title='bbox 480 1406 730 1459; x_wconf 82' lang='lat' dir='ltr'><strong>Aderunt</strong></span> <span class='ocrx_word' id='word_1_174' title='bbox 756 1403 901 1458; x_wconf 88' lang='lat' dir='ltr'><strong>enim</strong></span> <span class='ocrx_word' id='word_1_175' title='bbox 934 1404 1034 1457; x_wconf 89' lang='lat' dir='ltr'><strong>tibi</strong></span> <span class='ocrx_word' id='word_1_176' title='bbox 1059 1404 1114 1457; x_wconf 92' lang='lat' dir='ltr'><strong>in</strong></span> <span class='ocrx_word' id='word_1_177' title='bbox 1140 1404 1429 1460; x_wconf 82' lang='lat' dir='ltr'><strong>auxilium.</strong></span> <span class='ocrx_word' id='word_1_178' title='bbox 1461 1404 1559 1461; x_wconf 85' lang='lat' dir='ltr'><strong>Vel</strong></span> <span class='ocrx_word' id='word_1_179' title='bbox 1584 1414 1753 1474; x_wconf 80' lang='lat' dir='ltr'><strong>terte,</strong></span> <span class='ocrx_word' id='word_1_180' title='bbox 1784 1408 2072 1463; x_wconf 77' lang='lat' dir='ltr'><strong>carbonum</strong></span> 
     </span>
    </p>
   </div>
   <div class='ocr_carea' id='block_1_27' title="bbox 2179 1401 3805 1475">
    <p class='ocr_par' dir='ltr' id='par_1_27' title="bbox 2179 1401 3805 1475">
     <span class='ocr_line' id='line_1_27' title="bbox 2179 1401 3805 1475; baseline -0.002 -18"><span class='ocrx_word' id='word_1_181' title='bbox 2179 1401 2376 1473; x_wconf 79' lang='grc' dir='ltr'><strong>νούσης</strong></span> <span class='ocrx_word' id='word_1_182' title='bbox 2400 1403 2714 1471; x_wconf 78' lang='grc' dir='ltr'><strong>βοηθείας,</strong></span> <span class='ocrx_word' id='word_1_183' title='bbox 2746 1404 2797 1457; x_wconf 88' lang='grc' dir='ltr'><strong>εἰ</strong></span> <span class='ocrx_word' id='word_1_184' title='bbox 2825 1404 2918 1458; x_wconf 77' lang='grc' dir='ltr'><strong>καὶ</strong></span> <span class='ocrx_word' id='word_1_185' title='bbox 2945 1403 3038 1460; x_wconf 74' lang='grc' dir='ltr'><strong>τδν</strong></span> <span class='ocrx_word' id='word_1_186' title='bbox 3067 1403 3176 1475; x_wconf 81' lang='grc' dir='ltr'><strong>πρὸ</strong></span> <span class='ocrx_word' id='word_1_187' title='bbox 3210 1402 3305 1456; x_wconf 87' lang='grc' dir='ltr'><strong>τοῦ</strong></span> <span class='ocrx_word' id='word_1_188' title='bbox 3333 1403 3522 1474; x_wconf 73' lang='grc' dir='ltr'><strong>χρόνον</strong></span> <span class='ocrx_word' id='word_1_189' title='bbox 3550 1404 3642 1465; x_wconf 83' lang='grc' dir='ltr'><strong>είς</strong></span> <span class='ocrx_word' id='word_1_190' title='bbox 3662 1420 3805 1472; x_wconf 80' lang='grc' dir='ltr'><strong>μα-</strong></span> 
     </span>
    </p>
   </div>
   <div class='ocr_carea' id='block_1_28' title="bbox 480 1480 2072 1570">
    <p class='ocr_par' dir='ltr' id='par_1_28' title="bbox 480 1493 2072 1570">
     <span class='ocr_line' id='line_1_28' title="bbox 480 1493 2072 1570; baseline 0.007 -23"><span class='ocrx_word' id='word_1_191' title='bbox 480 1495 729 1559; x_wconf 89' lang='lat' dir='ltr'><strong>nomine,</strong></span> <span class='ocrx_word' id='word_1_192' title='bbox 782 1493 965 1559; x_wconf 86' lang='lat' dir='ltr'><strong>utiles,</strong></span> <span class='ocrx_word' id='word_1_193' title='bbox 1016 1501 1071 1548; x_wconf 88' lang='lat' dir='ltr'><strong>et</strong></span> <span class='ocrx_word' id='word_1_194' title='bbox 1101 1494 1169 1548; x_wconf 88' lang='lat' dir='ltr'><strong>ad</strong></span> <span class='ocrx_word' id='word_1_195' title='bbox 1207 1495 1652 1567; x_wconf 87' lang='lat' dir='ltr'><strong>resipiscentiam</strong></span> <span class='ocrx_word' id='word_1_196' title='bbox 1703 1509 2072 1570; x_wconf 82' lang='lat' dir='ltr'><strong>provocantes</strong></span> 
     </span>
    </p>
   </div>
   <div class='ocr_carea' id='block_1_29' title="bbox 2179 1480 3801 1570">
    <p class='ocr_par' dir='ltr' id='par_1_29' title="bbox 2179 1493 3801 1567">
     <span class='ocr_line' id='line_1_29' title="bbox 2179 1493 3801 1567; baseline 0 -18"><span class='ocrx_word' id='word_1_197' title='bbox 2179 1496 2529 1551; x_wconf 84' lang='grc' dir='ltr'><strong>ταιοπονίαν</strong></span> <span class='ocrx_word' id='word_1_198' title='bbox 2562 1496 2911 1564; x_wconf 79' lang='grc' dir='ltr'><strong>ἀνάλωσας.</strong></span> <span class='ocrx_word' id='word_1_199' title='bbox 2938 1497 3126 1550; x_wconf 88' lang='grc' dir='ltr'><strong>Ταῦτα</strong></span> <span class='ocrx_word' id='word_1_200' title='bbox 3156 1496 3215 1551; x_wconf 76' lang='grc' dir='ltr'><strong>δὲ</strong></span> <span class='ocrx_word' id='word_1_201' title='bbox 3248 1496 3436 1567; x_wconf 82' lang='grc' dir='ltr'><strong>φησὶν,</strong></span> <span class='ocrx_word' id='word_1_202' title='bbox 3464 1494 3627 1549; x_wconf 72' lang='grc' dir='ltr'><strong>ἔσται</strong></span> <span class='ocrx_word' id='word_1_203' title='bbox 3687 1493 3801 1549; x_wconf 77' lang='grc' dir='ltr'><strong>καὶ</strong></span> 
     </span>
    </p>
   </div>
   <div class='ocr_carea' id='block_1_30' title="bbox 478 1582 2072 1663">
    <p class='ocr_par' dir='ltr' id='par_1_30' title="bbox 478 1582 2072 1663">
     <span class='ocr_line' id='line_1_30' title="bbox 478 1582 2072 1663; baseline 0.008 -26"><span class='ocrx_word' id='word_1_204' title='bbox 478 1599 671 1654; x_wconf 65' lang='lat' dir='ltr'><strong>poenas</strong></span> <span class='ocrx_word' id='word_1_205' title='bbox 701 1583 995 1652; x_wconf 74' lang='lat' dir='ltr'><strong>significat.</strong></span> <span class='ocrx_word' id='word_1_206' title='bbox 1032 1582 1157 1639; x_wconf 80' lang='lat' dir='ltr'><strong>Tibi</strong></span> <span class='ocrx_word' id='word_1_207' title='bbox 1190 1586 1359 1652; x_wconf 87' lang='lat' dir='ltr'><strong>enim,</strong></span> <span class='ocrx_word' id='word_1_208' title='bbox 1410 1587 1610 1658; x_wconf 87' lang='lat' dir='ltr'><strong>inquit,</strong></span> <span class='ocrx_word' id='word_1_209' title='bbox 1655 1604 1779 1663; x_wconf 85' lang='lat' dir='ltr'><strong>eum</strong></span> <span class='ocrx_word' id='word_1_210' title='bbox 1825 1592 2072 1663; x_wconf 84' lang='lat' dir='ltr'><strong>resipue-</strong></span> 
     </span>
    </p>
   </div>
   <div class='ocr_carea' id='block_1_31' title="bbox 2179 1582 3800 1663">
    <p class='ocr_par' dir='ltr' id='par_1_31' title="bbox 2179 1584 3800 1658">
     <span class='ocr_line' id='line_1_31' title="bbox 2179 1584 3800 1658; baseline -0.001 -18"><span class='ocrx_word' id='word_1_211' title='bbox 2179 1586 2296 1640; x_wconf 87' lang='grc' dir='ltr'><strong>καθ’</strong></span> <span class='ocrx_word' id='word_1_212' title='bbox 2323 1586 2554 1641; x_wconf 73' lang='grc' dir='ltr'><strong>ἕκαστον</strong></span> <span class='ocrx_word' id='word_1_213' title='bbox 2574 1586 2683 1641; x_wconf 83' lang='grc' dir='ltr'><strong>τῶν</strong></span> <span class='ocrx_word' id='word_1_214' title='bbox 2700 1586 3035 1658; x_wconf 77' lang='grc' dir='ltr'><strong>ἀνθρώπων.</strong></span> <span class='ocrx_word' id='word_1_215' title='bbox 3077 1584 3156 1640; x_wconf 88' lang='grc' dir='ltr'><strong>Δι’</strong></span> <span class='ocrx_word' id='word_1_216' title='bbox 3200 1586 3428 1649; x_wconf 74' lang='grc' dir='ltr'><strong>ἑαυτοὺς</strong></span> <span class='ocrx_word' id='word_1_217' title='bbox 3455 1584 3564 1654; x_wconf 83' lang='lat'><strong>7&amp;9</strong></span> <span class='ocrx_word' id='word_1_218' title='bbox 3607 1589 3800 1639; x_wconf 72' lang='grc' dir='ltr'><strong>πλα-</strong></span> 
     </span>
    </p>
   </div>
   <div class='ocr_carea' id='block_1_32' title="bbox 480 1672 2072 1750">
    <p class='ocr_par' dir='ltr' id='par_1_32' title="bbox 480 1672 2071 1739">
     <span class='ocr_line' id='line_1_32' title="bbox 480 1672 2071 1739; baseline 0.006 -10"><span class='ocrx_word' id='word_1_219' title='bbox 480 1677 582 1739; x_wconf 87' lang='lat' dir='ltr'><strong>ris,</strong></span> <span class='ocrx_word' id='word_1_220' title='bbox 614 1672 721 1731; x_wconf 53' lang='lat' dir='ltr'><strong>ista&quot;</strong></span> <span class='ocrx_word' id='word_1_221' title='bbox 760 1676 814 1729; x_wconf 92' lang='lat' dir='ltr'><strong>in</strong></span> <span class='ocrx_word' id='word_1_222' title='bbox 856 1676 1209 1732; x_wconf 90' lang='lat' dir='ltr'><strong>commodum</strong></span> <span class='ocrx_word' id='word_1_223' title='bbox 1253 1692 1340 1734; x_wconf 84' lang='lat' dir='ltr'><strong>tne</strong></span> <span class='ocrx_word' id='word_1_224' title='bbox 1378 1680 1680 1736; x_wconf 74' lang='lat' dir='ltr'><strong>auxiliante</strong></span> <span class='ocrx_word' id='word_1_225' title='bbox 1725 1684 1957 1739; x_wconf 91' lang='lat' dir='ltr'><strong>cesserit</strong></span> <span class='ocrx_word' id='word_1_226' title='bbox 1986 1684 2071 1739; x_wconf 92' lang='lat' dir='ltr'><strong>ul-</strong></span> 
     </span>
    </p>
   </div>
   <div class='ocr_carea' id='block_1_33' title="bbox 2179 1672 3793 1750">
    <p class='ocr_par' dir='ltr' id='par_1_33' title="bbox 2179 1677 3793 1750">
     <span class='ocr_line' id='line_1_33' title="bbox 2179 1677 3793 1750; baseline -0.003 -16"><span class='ocrx_word' id='word_1_227' title='bbox 2179 1679 2457 1747; x_wconf 80' lang='grc' dir='ltr'><strong>νηθέντες</strong></span> <span class='ocrx_word' id='word_1_228' title='bbox 2483 1679 2668 1745; x_wconf 71' lang='grc' dir='ltr'><strong>ἕξουσι</strong></span> <span class='ocrx_word' id='word_1_229' title='bbox 2685 1678 2982 1750; x_wconf 85' lang='grc' dir='ltr'><strong>τιμωρίαν,</strong></span> <span class='ocrx_word' id='word_1_230' title='bbox 3005 1679 3072 1748; x_wconf 75' lang='grc' dir='ltr'><strong>ἣν</strong></span> <span class='ocrx_word' id='word_1_231' title='bbox 3100 1679 3161 1732; x_wconf 85' lang='grc' dir='ltr'><strong>οὐ</strong></span> <span class='ocrx_word' id='word_1_232' title='bbox 3197 1678 3373 1750; x_wconf 76' lang='grc' dir='ltr'><strong>φεύξῃ</strong></span> <span class='ocrx_word' id='word_1_233' title='bbox 3399 1677 3473 1747; x_wconf 84' lang='grc' dir='ltr'><strong>μὴ</strong></span> <span class='ocrx_word' id='word_1_234' title='bbox 3498 1678 3793 1747; x_wconf 81' lang='grc' dir='ltr'><strong>μετανοή-</strong></span> 
     </span>
    </p>
   </div>
   <div class='ocr_carea' id='block_1_34' title="bbox 478 1750 2072 1840">
    <p class='ocr_par' dir='ltr' id='par_1_34' title="bbox 478 1770 2070 1840">
     <span class='ocr_line' id='line_1_34' title="bbox 478 1770 2070 1840; baseline 0.006 -17"><span class='ocrx_word' id='word_1_235' title='bbox 478 1770 581 1836; x_wconf 80' lang='lat' dir='ltr'><strong>tio,</strong></span> <span class='ocrx_word' id='word_1_236' title='bbox 623 1770 981 1840; x_wconf 82' lang='lat' dir='ltr'><strong>quantumvis</strong></span> <span class='ocrx_word' id='word_1_237' title='bbox 1015 1778 1175 1825; x_wconf 83' lang='lat' dir='ltr'><strong>antea</strong></span> <span class='ocrx_word' id='word_1_238' title='bbox 1220 1771 1275 1824; x_wconf 82' lang='lat' dir='ltr'><strong>in</strong></span> <span class='ocrx_word' id='word_1_239' title='bbox 1319 1787 1513 1826; x_wconf 84' lang='lat' dir='ltr'><strong>vanum</strong></span> <span class='ocrx_word' id='word_1_240' title='bbox 1553 1773 1905 1829; x_wconf 79' lang='lat' dir='ltr'><strong>laboraveris.</strong></span> <span class='ocrx_word' id='word_1_241' title='bbox 1940 1776 2070 1832; x_wconf 71' lang='lat' dir='ltr'><strong>Haec</strong></span> 
     </span>
    </p>
   </div>
   <div class='ocr_carea' id='block_1_35' title="bbox 2179 1750 3799 1840">
    <p class='ocr_par' dir='ltr' id='par_1_35' title="bbox 2179 1765 3799 1835">
     <span class='ocr_line' id='line_1_35' title="bbox 2179 1765 3799 1835; baseline -0.002 -13"><span class='ocrx_word' id='word_1_242' title='bbox 2179 1785 2331 1825; x_wconf 75' lang='grc' dir='ltr'><strong>σασα.</strong></span> <span class='ocrx_word' id='word_1_243' title='bbox 2371 1769 2446 1822; x_wconf 85' lang='grc' dir='ltr'>Τὸ</span> <span class='ocrx_word' id='word_1_244' title='bbox 2476 1769 2532 1822; x_wconf 83' lang='grc' dir='ltr'><strong>δὲ</strong></span> <span class='ocrx_word' id='word_1_245' title='bbox 2560 1767 2918 1834; x_wconf 77' lang='grc' dir='ltr'><strong>ἑκοπίασας,</strong></span> <span class='ocrx_word' id='word_1_246' title='bbox 2948 1769 3071 1822; x_wconf 86' lang='grc' dir='ltr'><strong>ἀντὶ</strong></span> <span class='ocrx_word' id='word_1_247' title='bbox 3112 1766 3209 1821; x_wconf 91' lang='grc' dir='ltr'><strong>τοῦ</strong></span> <span class='ocrx_word' id='word_1_248' title='bbox 3242 1765 3611 1835; x_wconf 81' lang='grc' dir='ltr'><strong>ἡσθένησας.</strong></span> <span class='ocrx_word' id='word_1_249' title='bbox 3658 1768 3799 1820; x_wconf 77' lang='lat' dir='ltr'><strong>Me-</strong></span> 
     </span>
    </p>
   </div>
   <div class='ocr_carea' id='block_1_36' title="bbox 478 1857 2072 1932">
    <p class='ocr_par' dir='ltr' id='par_1_36' title="bbox 478 1862 2068 1932">
     <span class='ocr_line' id='line_1_36' title="bbox 478 1862 2068 1932; baseline 0.005 -18"><span class='ocrx_word' id='word_1_250' title='bbox 478 1871 685 1927; x_wconf 81' lang='lat' dir='ltr'><strong>autem,</strong></span> <span class='ocrx_word' id='word_1_251' title='bbox 715 1862 913 1932; x_wconf 82' lang='lat' dir='ltr'><strong>inquit,</strong></span> <span class='ocrx_word' id='word_1_252' title='bbox 948 1862 1112 1917; x_wconf 86' lang='lat' dir='ltr'><strong>etiam</strong></span> <span class='ocrx_word' id='word_1_253' title='bbox 1169 1862 1401 1932; x_wconf 74' lang='lat' dir='ltr'><strong>singulis</strong></span> <span class='ocrx_word' id='word_1_254' title='bbox 1450 1865 1761 1923; x_wconf 91' lang='lat' dir='ltr'><strong>hominibus</strong></span> <span class='ocrx_word' id='word_1_255' title='bbox 1803 1873 2068 1923; x_wconf 82' lang='lat' dir='ltr'><strong>eventura</strong></span> 
     </span>
    </p>
   </div>
   <div class='ocr_carea' id='block_1_37' title="bbox 2179 1857 3797 1932">
    <p class='ocr_par' dir='ltr' id='par_1_37' title="bbox 2179 1857 3797 1931">
     <span class='ocr_line' id='line_1_37' title="bbox 2179 1857 3797 1931; baseline -0.001 -16"><span class='ocrx_word' id='word_1_256' title='bbox 2179 1859 2519 1915; x_wconf 80' lang='grc' dir='ltr'><strong>ταϐαλοῦσα</strong></span> <span class='ocrx_word' id='word_1_257' title='bbox 2550 1860 2659 1931; x_wconf 89' lang='lat'><strong>7&amp;9</strong></span> <span class='ocrx_word' id='word_1_258' title='bbox 2681 1860 2761 1923; x_wconf 90' lang='grc' dir='ltr'><strong>είς</strong></span> <span class='ocrx_word' id='word_1_259' title='bbox 2781 1859 3047 1930; x_wconf 89' lang='grc' dir='ltr'><strong>δαίμονας</strong></span> <span class='ocrx_word' id='word_1_260' title='bbox 3070 1859 3179 1913; x_wconf 77' lang='grc' dir='ltr'><strong>ἀπὸ</strong></span> <span class='ocrx_word' id='word_1_261' title='bbox 3211 1857 3348 1912; x_wconf 84' lang='grc' dir='ltr'><strong>Θεοῦ</strong></span> <span class='ocrx_word' id='word_1_262' title='bbox 3373 1858 3470 1929; x_wconf 80' lang='grc' dir='ltr'><strong>τὴν</strong></span> <span class='ocrx_word' id='word_1_263' title='bbox 3504 1858 3797 1928; x_wconf 77' lang='grc' dir='ltr'><strong>λατρείαν</strong></span> 
     </span>
    </p>
   </div>
   <div class='ocr_carea' id='block_1_38' title="bbox 478 1950 2072 2027">
    <p class='ocr_par' dir='ltr' id='par_1_38' title="bbox 478 1951 2066 2027">
     <span class='ocr_line' id='line_1_38' title="bbox 478 1951 2066 2027; baseline 0.004 -21"><span class='ocrx_word' id='word_1_264' title='bbox 478 1961 630 2006; x_wconf 83' lang='lat' dir='ltr'><strong>sunt.</strong></span> <span class='ocrx_word' id='word_1_265' title='bbox 665 1951 769 2006; x_wconf 88' lang='lat' dir='ltr'><strong>Per</strong></span> <span class='ocrx_word' id='word_1_266' title='bbox 798 1967 856 2007; x_wconf 89' lang='lat' dir='ltr'><strong>se</strong></span> <span class='ocrx_word' id='word_1_267' title='bbox 891 1951 1037 2006; x_wconf 88' lang='lat' dir='ltr'><strong>enim</strong></span> <span class='ocrx_word' id='word_1_268' title='bbox 1068 1952 1160 2021; x_wconf 90' lang='lat' dir='ltr'><strong>qui</strong></span> <span class='ocrx_word' id='word_1_269' title='bbox 1195 1963 1469 2019; x_wconf 87' lang='lat' dir='ltr'><strong>errarunt,</strong></span> <span class='ocrx_word' id='word_1_270' title='bbox 1509 1955 1733 2009; x_wconf 87' lang='lat' dir='ltr'><strong>multam</strong></span> <span class='ocrx_word' id='word_1_271' title='bbox 1760 1957 2066 2027; x_wconf 86' lang='lat' dir='ltr'><strong>patientur;</strong></span> 
     </span>
    </p>
   </div>
   <div class='ocr_carea' id='block_1_39' title="bbox 2179 1950 3797 2027">
    <p class='ocr_par' dir='ltr' id='par_1_39' title="bbox 2179 1950 3797 2020">
     <span class='ocr_line' id='line_1_39' title="bbox 2179 1950 3797 2020; baseline -0.001 -15"><span class='ocrx_word' id='word_1_272' title='bbox 2179 1951 2441 2015; x_wconf 78' lang='grc' dir='ltr'><strong>εὐάλωτος</strong></span> <span class='ocrx_word' id='word_1_273' title='bbox 2467 1952 2721 2020; x_wconf 82' lang='grc' dir='ltr'><strong>γέγονας.</strong></span> <span class='ocrx_word' id='word_1_274' title='bbox 2767 1951 2915 2006; x_wconf 82' lang='grc' dir='ltr'><strong>’Δντὶ</strong></span> <span class='ocrx_word' id='word_1_275' title='bbox 2941 1951 2999 2005; x_wconf 79' lang='grc' dir='ltr'><strong>δὲ</strong></span> <span class='ocrx_word' id='word_1_276' title='bbox 3031 1950 3128 2005; x_wconf 88' lang='grc' dir='ltr'><strong>τοῦ</strong></span> <span class='ocrx_word' id='word_1_277' title='bbox 3150 1967 3165 1983; x_wconf 84' lang='grc'>·</span> <span class='ocrx_word' id='word_1_278' title='bbox 3210 1950 3579 2020; x_wconf 71' lang='grc' dir='ltr'><strong>Ἑκοπίασας</strong></span> <span class='ocrx_word' id='word_1_279' title='bbox 3596 1950 3687 2005; x_wconf 81' lang='grc' dir='ltr'><strong>ὲν</strong></span> <span class='ocrx_word' id='word_1_280' title='bbox 3709 1950 3797 2020; x_wconf 78' lang='grc' dir='ltr'><strong>τῇ</strong></span> 
     </span>
    </p>
   </div>
   <div class='ocr_carea' id='block_1_40' title="bbox 477 2042 2072 2119">
    <p class='ocr_par' dir='ltr' id='par_1_40' title="bbox 477 2043 2071 2119">
     <span class='ocr_line' id='line_1_40' title="bbox 477 2043 2071 2119; baseline 0.008 -25"><span class='ocrx_word' id='word_1_281' title='bbox 477 2059 641 2112; x_wconf 80' lang='lat' dir='ltr'><strong>quant</strong></span> <span class='ocrx_word' id='word_1_282' title='bbox 684 2058 785 2097; x_wconf 86' lang='lat' dir='ltr'><strong>nec</strong></span> <span class='ocrx_word' id='word_1_283' title='bbox 812 2043 923 2107; x_wconf 84' lang='lat' dir='ltr'><strong>illa,</strong></span> <span class='ocrx_word' id='word_1_284' title='bbox 954 2058 1116 2113; x_wconf 90' lang='lat' dir='ltr'><strong>quam</strong></span> <span class='ocrx_word' id='word_1_285' title='bbox 1151 2044 1629 2115; x_wconf 86' lang='lat' dir='ltr'><strong>nonpoenituerit,</strong></span> <span class='ocrx_word' id='word_1_286' title='bbox 1665 2048 1873 2107; x_wconf 83' lang='lat' dir='ltr'><strong>evitare</strong></span> <span class='ocrx_word' id='word_1_287' title='bbox 1915 2059 2071 2119; x_wconf 90' lang='lat' dir='ltr'><strong>pote-</strong></span> 
     </span>
    </p>
   </div>
   <div class='ocr_carea' id='block_1_41' title="bbox 2179 2042 3794 2119">
    <p class='ocr_par' dir='ltr' id='par_1_41' title="bbox 2179 2042 3794 2112">
     <span class='ocr_line' id='line_1_41' title="bbox 2179 2042 3794 2112; baseline 0.001 -15"><span class='ocrx_word' id='word_1_288' title='bbox 2179 2042 2470 2112; x_wconf 74' lang='grc' dir='ltr'><strong>μεταϐολῇ</strong></span> <span class='ocrx_word' id='word_1_289' title='bbox 2495 2058 2635 2108; x_wconf 85' lang='grc' dir='ltr'><strong>σου,</strong></span> <span class='ocrx_word' id='word_1_290' title='bbox 2682 2043 2779 2097; x_wconf 71' lang='grc' dir='ltr'><strong>καὶ</strong></span> <span class='ocrx_word' id='word_1_291' title='bbox 2808 2042 2877 2097; x_wconf 83' lang='grc' dir='ltr'><strong>τὰ</strong></span> <span class='ocrx_word' id='word_1_292' title='bbox 2916 2042 3082 2111; x_wconf 76' lang='grc' dir='ltr'><strong>ἐξῆςο</strong></span> <span class='ocrx_word' id='word_1_293' title='bbox 3121 2043 3172 2097; x_wconf 76' lang='grc' dir='ltr'><strong>οἱ</strong></span> <span class='ocrx_word' id='word_1_294' title='bbox 3226 2043 3403 2096; x_wconf 86' lang='grc' dir='ltr'><strong>λοιποί</strong></span> <span class='ocrx_word' id='word_1_295' title='bbox 3451 2059 3623 2112; x_wconf 81' lang='grc' dir='ltr'><strong>φασιν</strong></span> <span class='ocrx_word' id='word_1_296' title='bbox 3655 2082 3675 2106; x_wconf 87' lang='grc'><strong>,</strong></span> <span class='ocrx_word' id='word_1_297' title='bbox 3719 2046 3794 2098; x_wconf 83' lang='grc' dir='ltr'><strong>οι</strong></span> 
     </span>
    </p>
   </div>
   <div class='ocr_carea' id='block_1_42' title="bbox 478 2134 2072 2211">
    <p class='ocr_par' dir='ltr' id='par_1_42' title="bbox 478 2134 2071 2211">
     <span class='ocr_line' id='line_1_42' title="bbox 478 2134 2071 2211; baseline 0.006 -24"><span class='ocrx_word' id='word_1_298' title='bbox 478 2138 567 2189; x_wconf 84' lang='lat' dir='ltr'><strong>rit.</strong></span> <span class='ocrx_word' id='word_1_299' title='bbox 588 2134 873 2203; x_wconf 82' lang='lat' dir='ltr'><strong>Significat</strong></span> <span class='ocrx_word' id='word_1_300' title='bbox 892 2150 1023 2189; x_wconf 88' lang='lat' dir='ltr'><strong>vero</strong></span> <span class='ocrx_word' id='word_1_301' title='bbox 1039 2134 1185 2190; x_wconf 87' lang='lat' dir='ltr'><strong>idem</strong></span> <span class='ocrx_word' id='word_1_302' title='bbox 1211 2136 1497 2202; x_wconf 89' lang='lat' dir='ltr'><strong>laborasti,</strong></span> <span class='ocrx_word' id='word_1_303' title='bbox 1544 2154 1606 2194; x_wconf 85' lang='lat' dir='ltr'><strong>ac</strong></span> <span class='ocrx_word' id='word_1_304' title='bbox 1629 2138 1905 2204; x_wconf 79' lang='lat' dir='ltr'><strong>siinﬁrma</strong></span> <span class='ocrx_word' id='word_1_305' title='bbox 1919 2142 2071 2211; x_wconf 82' lang='lat' dir='ltr'><strong>fuisti</strong></span> 
     </span>
    </p>
   </div>
   <div class='ocr_carea' id='block_1_43' title="bbox 2179 2134 3794 2211">
    <p class='ocr_par' dir='ltr' id='par_1_43' title="bbox 2179 2134 3794 2203">
     <span class='ocr_line' id='line_1_43' title="bbox 2179 2134 3794 2203; baseline -0.001 -13"><span class='ocrx_word' id='word_1_306' title='bbox 2179 2135 2420 2203; x_wconf 70' lang='grc' dir='ltr'><strong>ἔμποροί</strong></span> <span class='ocrx_word' id='word_1_307' title='bbox 2444 2150 2561 2189; x_wconf 89' lang='grc' dir='ltr'><strong>σου</strong></span> <span class='ocrx_word' id='word_1_308' title='bbox 2592 2134 2713 2189; x_wconf 83' lang='grc' dir='ltr'><strong>ἀπὸ</strong></span> <span class='ocrx_word' id='word_1_309' title='bbox 2736 2136 3018 2203; x_wconf 81' lang='grc' dir='ltr'><strong>νεότητός</strong></span> <span class='ocrx_word' id='word_1_310' title='bbox 3041 2148 3179 2190; x_wconf 86' lang='grc' dir='ltr'><strong>σου.</strong></span> <span class='ocrx_word' id='word_1_311' title='bbox 3231 2134 3527 2200; x_wconf 84' lang='grc' dir='ltr'><strong>Ἕκαστος</strong></span> <span class='ocrx_word' id='word_1_312' title='bbox 3564 2136 3665 2201; x_wconf 71' lang='grc' dir='ltr'><strong>εἰς</strong></span> <span class='ocrx_word' id='word_1_313' title='bbox 3717 2137 3794 2188; x_wconf 81' lang='grc' dir='ltr'><strong>τὸ</strong></span> 
     </span>
    </p>
   </div>
   <div class='ocr_carea' id='block_1_44' title="bbox 477 2218 2072 2301">
    <p class='ocr_par' dir='ltr' id='par_1_44' title="bbox 477 2224 2068 2301">
     <span class='ocr_line' id='line_1_44' title="bbox 477 2224 2068 2301; baseline 0.008 -24"><span class='ocrx_word' id='word_1_314' title='bbox 477 2228 732 2282; x_wconf 70' lang='lat' dir='ltr'><strong>uixisset.</strong></span> <span class='ocrx_word' id='word_1_315' title='bbox 765 2224 1033 2281; x_wconf 76' lang='lat' dir='ltr'><strong>Perfacile</strong></span> <span class='ocrx_word' id='word_1_316' title='bbox 1058 2226 1205 2282; x_wconf 91' lang='lat' dir='ltr'><strong>enim</strong></span> <span class='ocrx_word' id='word_1_317' title='bbox 1228 2229 1532 2299; x_wconf 84' lang='lat' dir='ltr'><strong>expugnari</strong></span> <span class='ocrx_word' id='word_1_318' title='bbox 1561 2228 1797 2301; x_wconf 89' lang='lat' dir='ltr'><strong>capique</strong></span> <span class='ocrx_word' id='word_1_319' title='bbox 1825 2242 2068 2301; x_wconf 82' lang='lat' dir='ltr'><strong>poteras,</strong></span> 
     </span>
    </p>
   </div>
   <div class='ocr_carea' id='block_1_45' title="bbox 2179 2218 3795 2301">
    <p class='ocr_par' dir='ltr' id='par_1_45' title="bbox 2179 2218 3795 2295">
     <span class='ocr_line' id='line_1_45' title="bbox 2179 2218 3795 2295; baseline 0 -17"><span class='ocrx_word' id='word_1_320' title='bbox 2179 2224 2361 2295; x_wconf 72' lang='grc' dir='ltr'><strong>πέραν</strong></span> <span class='ocrx_word' id='word_1_321' title='bbox 2382 2226 2411 2266; x_wconf 73' lang='grc' dir='ltr'><strong>ιι</strong></span> <span class='ocrx_word' id='word_1_322' title='bbox 2445 2224 2664 2280; x_wconf 82' lang='grc' dir='ltr'><strong>ἑαυτοῦ</strong></span> <span class='ocrx_word' id='word_1_323' title='bbox 2702 2224 3164 2293; x_wconf 72' lang='grc' dir='ltr'><strong>ἐπλανήθησαν,</strong></span> <span class='ocrx_word' id='word_1_324' title='bbox 3193 2223 3264 2289; x_wconf 78' lang='grc' dir='ltr'><strong>ἐξ</strong></span> <span class='ocrx_word' id='word_1_325' title='bbox 3291 2218 3379 2278; x_wconf 81' lang='grc' dir='ltr'><strong>ὧν</strong></span> <span class='ocrx_word' id='word_1_326' title='bbox 3416 2223 3624 2289; x_wconf 73' lang='grc' dir='ltr'><strong>οὐδεὶς</strong></span> <span class='ocrx_word' id='word_1_327' title='bbox 3674 2224 3795 2278; x_wconf 76' lang='grc' dir='ltr'><strong>εὖ·</strong></span> 
     </span>
    </p>
   </div>
   <div class='ocr_carea' id='block_1_46' title="bbox 479 2304 2072 2390">
    <p class='ocr_par' dir='ltr' id='par_1_46' title="bbox 479 2318 2071 2388">
     <span class='ocr_line' id='line_1_46' title="bbox 479 2318 2071 2388; baseline 0.009 -21"><span class='ocrx_word' id='word_1_328' title='bbox 479 2335 599 2388; x_wconf 75' lang='grc' dir='ltr'><strong>(ιιιίο</strong></span> <span class='ocrx_word' id='word_1_329' title='bbox 632 2318 722 2373; x_wconf 90' lang='lat' dir='ltr'><strong>Dei</strong></span> <span class='ocrx_word' id='word_1_330' title='bbox 762 2318 968 2372; x_wconf 90' lang='lat' dir='ltr'><strong>cultum</strong></span> <span class='ocrx_word' id='word_1_331' title='bbox 1025 2334 1151 2374; x_wconf 90' lang='lat' dir='ltr'><strong>cum</strong></span> <span class='ocrx_word' id='word_1_332' title='bbox 1191 2318 1535 2378; x_wconf 77' lang='lat' dir='ltr'><strong>daemonibus</strong></span> <span class='ocrx_word' id='word_1_333' title='bbox 1575 2333 1956 2381; x_wconf 84' lang='lat' dir='ltr'><strong>commutaras.</strong></span> <span class='ocrx_word' id='word_1_334' title='bbox 1999 2328 2071 2382; x_wconf 82' lang='lat' dir='ltr'><strong>At</strong></span> 
     </span>
    </p>
   </div>
   <div class='ocr_carea' id='block_1_47' title="bbox 2179 2304 3796 2390">
    <p class='ocr_par' dir='ltr' id='par_1_47' title="bbox 2179 2304 3796 2388">
     <span class='ocr_line' id='line_1_47' title="bbox 2179 2304 3796 2388; baseline -0.002 -13"><span class='ocrx_word' id='word_1_335' title='bbox 2179 2304 2463 2388; x_wconf 74' lang='grc' dir='ltr'><strong>οηταίόὀι</strong></span> <span class='ocrx_word' id='word_1_336' title='bbox 2481 2318 2879 2387; x_wconf 52' lang='lat' dir='ltr'><strong>omnia—Ald</strong></span> <span class='ocrx_word' id='word_1_337' title='bbox 2905 2320 3018 2372; x_wconf 78' lang='grc' dir='ltr'><strong>οὐκ</strong></span> <span class='ocrx_word' id='word_1_338' title='bbox 3039 2318 3213 2372; x_wconf 80' lang='grc' dir='ltr'><strong>ἐστιν</strong></span> <span class='ocrx_word' id='word_1_339' title='bbox 3236 2320 3269 2371; x_wconf 86' lang='grc' dir='ltr'><em>ὀ</em></span> <span class='ocrx_word' id='word_1_340' title='bbox 3289 2314 3487 2377; x_wconf 83' lang='grc' dir='ltr'><strong>σώζων</strong></span> <span class='ocrx_word' id='word_1_341' title='bbox 3508 2332 3604 2383; x_wconf 85' lang='grc' dir='ltr'><strong>σε,</strong></span> <span class='ocrx_word' id='word_1_342' title='bbox 3625 2316 3796 2371; x_wconf 77' lang='grc' dir='ltr'><strong>κατὰ</strong></span> 
     </span>
    </p>
   </div>
   <div class='ocr_carea' id='block_1_48' title="bbox 477 2406 2072 2483">
    <p class='ocr_par' dir='ltr' id='par_1_48' title="bbox 477 2408 2072 2481">
     <span class='ocr_line' id='line_1_48' title="bbox 477 2408 2072 2481; baseline 0.006 -17"><span class='ocrx_word' id='word_1_343' title='bbox 477 2412 647 2477; x_wconf 79' lang='lat' dir='ltr'><strong>enim,</strong></span> <span class='ocrx_word' id='word_1_344' title='bbox 686 2427 795 2480; x_wconf 85' lang='lat' dir='ltr'><strong>quo</strong></span> <span class='ocrx_word' id='word_1_345' title='bbox 855 2411 975 2465; x_wconf 86' lang='lat' dir='ltr'><strong>loco</strong></span> <span class='ocrx_word' id='word_1_346' title='bbox 1004 2408 1293 2466; x_wconf 85' lang='lat' dir='ltr'><strong>Laborasti</strong></span> <span class='ocrx_word' id='word_1_347' title='bbox 1330 2413 1387 2467; x_wconf 86' lang='lat' dir='ltr'><strong>in</strong></span> <span class='ocrx_word' id='word_1_348' title='bbox 1417 2416 1827 2471; x_wconf 83' lang='lat' dir='ltr'><strong>commutatione</strong></span> <span class='ocrx_word' id='word_1_349' title='bbox 1870 2426 1984 2481; x_wconf 86' lang='lat' dir='ltr'><strong>tua,</strong></span> <span class='ocrx_word' id='word_1_350' title='bbox 2017 2425 2072 2474; x_wconf 86' lang='lat' dir='ltr'><strong>et</strong></span> 
     </span>
    </p>
   </div>
   <div class='ocr_carea' id='block_1_49' title="bbox 2179 2406 3795 2483">
    <p class='ocr_par' dir='ltr' id='par_1_49' title="bbox 2179 2406 3795 2483">
     <span class='ocr_line' id='line_1_49' title="bbox 2179 2406 3795 2483; baseline -0.002 -19"><span class='ocrx_word' id='word_1_351' title='bbox 2179 2412 2489 2483; x_wconf 70' lang='grc' dir='ltr'><strong>Σύμμαχον.</strong></span> <span class='ocrx_word' id='word_1_352' title='bbox 2542 2410 2701 2472; x_wconf 83' lang='grc' dir='ltr'><strong>Τινὲς</strong></span> <span class='ocrx_word' id='word_1_353' title='bbox 2733 2410 2791 2463; x_wconf 80' lang='grc' dir='ltr'><strong>δὲ</strong></span> <span class='ocrx_word' id='word_1_354' title='bbox 2847 2409 2927 2474; x_wconf 83' lang='grc' dir='ltr'><strong>τὸ,</strong></span> <span class='ocrx_word' id='word_1_355' title='bbox 2982 2410 3319 2478; x_wconf 81' lang='grc' dir='ltr'><strong>Ἀνθρωπος</strong></span> <span class='ocrx_word' id='word_1_356' title='bbox 3361 2406 3486 2461; x_wconf 78' lang='grc' dir='ltr'><strong>καθ’</strong></span> <span class='ocrx_word' id='word_1_357' title='bbox 3538 2407 3795 2461; x_wconf 73' lang='grc' dir='ltr'><strong>ἑαυτὸν</strong></span> 
     </span>
    </p>
   </div>
   <div class='ocr_carea' id='block_1_50' title="bbox 479 2496 2072 2578">
    <p class='ocr_par' dir='ltr' id='par_1_50' title="bbox 479 2501 2069 2578">
     <span class='ocr_line' id='line_1_50' title="bbox 479 2501 2069 2578; baseline 0.007 -26"><span class='ocrx_word' id='word_1_358' title='bbox 479 2517 599 2571; x_wconf 67' lang='lat' dir='ltr'><strong>quae</strong></span> <span class='ocrx_word' id='word_1_359' title='bbox 622 2512 949 2572; x_wconf 88' lang='lat' dir='ltr'><strong>sequuntur,</strong></span> <span class='ocrx_word' id='word_1_360' title='bbox 983 2501 1247 2573; x_wconf 80' lang='lat' dir='ltr'><strong>legimus;</strong></span> <span class='ocrx_word' id='word_1_361' title='bbox 1274 2503 1473 2558; x_wconf 88' lang='lat' dir='ltr'><strong>ibidem</strong></span> <span class='ocrx_word' id='word_1_362' title='bbox 1497 2508 1712 2561; x_wconf 64' lang='lat' dir='ltr'><strong>caeteri:</strong></span> <span class='ocrx_word' id='word_1_363' title='bbox 1749 2505 2069 2578; x_wconf 86' lang='lat' dir='ltr'><strong>Negotiato-</strong></span> 
     </span>
    </p>
   </div>
   <div class='ocr_carea' id='block_1_51' title="bbox 2179 2496 3794 2578">
    <p class='ocr_par' dir='ltr' id='par_1_51' title="bbox 2179 2496 3794 2571">
     <span class='ocr_line' id='line_1_51' title="bbox 2179 2496 3794 2571; baseline -0.004 -15"><span class='ocrx_word' id='word_1_364' title='bbox 2179 2503 2509 2571; x_wconf 76' lang='grc' dir='ltr'><strong>ἐπλανήθη,</strong></span> <span class='ocrx_word' id='word_1_365' title='bbox 2541 2502 2642 2556; x_wconf 83' lang='grc' dir='ltr'><strong>σοί</strong></span> <span class='ocrx_word' id='word_1_366' title='bbox 2675 2499 2743 2553; x_wconf 75' lang='grc' dir='ltr'><strong>δὲ</strong></span> <span class='ocrx_word' id='word_1_367' title='bbox 2766 2502 2874 2554; x_wconf 85' lang='grc' dir='ltr'><strong>οὐκ</strong></span> <span class='ocrx_word' id='word_1_368' title='bbox 2904 2500 3079 2555; x_wconf 81' lang='grc' dir='ltr'><strong>ἕσται</strong></span> <span class='ocrx_word' id='word_1_369' title='bbox 3111 2499 3379 2567; x_wconf 83' lang='grc' dir='ltr'><strong>σωτηρία</strong></span> <span class='ocrx_word' id='word_1_370' title='bbox 3406 2538 3422 2564; x_wconf 91' lang='grc'><strong>,</strong></span> <span class='ocrx_word' id='word_1_371' title='bbox 3450 2496 3633 2561; x_wconf 79' lang='grc' dir='ltr'><strong>οὕτως</strong></span> <span class='ocrx_word' id='word_1_372' title='bbox 3684 2498 3794 2569; x_wconf 76' lang='grc' dir='ltr'><strong>ἑρ-</strong></span> 
     </span>
    </p>
   </div>
   <div class='ocr_carea' id='block_1_52' title="bbox 479 2588 2072 2667">
    <p class='ocr_par' dir='ltr' id='par_1_52' title="bbox 479 2593 2062 2667">
     <span class='ocr_line' id='line_1_52' title="bbox 479 2593 2062 2667; baseline 0.006 -23"><span class='ocrx_word' id='word_1_373' title='bbox 479 2610 561 2648; x_wconf 86' lang='lat' dir='ltr'><strong>res</strong></span> <span class='ocrx_word' id='word_1_374' title='bbox 596 2594 675 2647; x_wconf 85' lang='lat' dir='ltr'><strong>tui</strong></span> <span class='ocrx_word' id='word_1_375' title='bbox 710 2594 776 2646; x_wconf 89' lang='lat' dir='ltr'><strong>ab</strong></span> <span class='ocrx_word' id='word_1_376' title='bbox 814 2593 1169 2648; x_wconf 79' lang='lat' dir='ltr'><strong>adolescentia</strong></span> <span class='ocrx_word' id='word_1_377' title='bbox 1216 2601 1328 2660; x_wconf 89' lang='lat' dir='ltr'><strong>tua,</strong></span> <span class='ocrx_word' id='word_1_378' title='bbox 1366 2596 1724 2667; x_wconf 80' lang='lat' dir='ltr'><strong>unusquisque</strong></span> <span class='ocrx_word' id='word_1_379' title='bbox 1750 2598 1805 2651; x_wconf 88' lang='lat' dir='ltr'><strong>in</strong></span> <span class='ocrx_word' id='word_1_380' title='bbox 1833 2599 1937 2667; x_wconf 80' lang='lat' dir='ltr'><strong>ﬁne</strong></span> <span class='ocrx_word' id='word_1_381' title='bbox 1966 2615 2062 2653; x_wconf 84' lang='lat' dir='ltr'><strong>suo</strong></span> 
     </span>
    </p>
   </div>
   <div class='ocr_carea' id='block_1_53' title="bbox 2179 2588 3797 2667">
    <p class='ocr_par' dir='ltr' id='par_1_53' title="bbox 2179 2588 3797 2666">
     <span class='ocr_line' id='line_1_53' title="bbox 2179 2588 3797 2666; baseline -0.004 -17"><span class='ocrx_word' id='word_1_382' title='bbox 2179 2596 2470 2666; x_wconf 78' lang='grc' dir='ltr'><strong>μήνευσαν,</strong></span> <span class='ocrx_word' id='word_1_383' title='bbox 2499 2594 2632 2646; x_wconf 74' lang='grc' dir='ltr'><strong>ὡσεὶ</strong></span> <span class='ocrx_word' id='word_1_384' title='bbox 2669 2592 2855 2661; x_wconf 77' lang='grc' dir='ltr'><strong>ἔλεγεν</strong></span> <span class='ocrx_word' id='word_1_385' title='bbox 2881 2606 2895 2621; x_wconf 79' lang='grc'><strong>⁸</strong></span> <span class='ocrx_word' id='word_1_386' title='bbox 2930 2590 3124 2645; x_wconf 76' lang='grc' dir='ltr'><strong>Πολλοὶ</strong></span> <span class='ocrx_word' id='word_1_387' title='bbox 3170 2589 3277 2644; x_wconf 86' lang='grc' dir='ltr'><strong>τῶν</strong></span> <span class='ocrx_word' id='word_1_388' title='bbox 3324 2588 3635 2660; x_wconf 81' lang='grc' dir='ltr'><strong>ἀνθρώπων</strong></span> <span class='ocrx_word' id='word_1_389' title='bbox 3684 2590 3797 2643; x_wconf 84' lang='grc' dir='ltr'><strong>ἀν-</strong></span> 
     </span>
    </p>
   </div>
   <div class='ocr_carea' id='block_1_54' title="bbox 476 2681 2072 2759">
    <p class='ocr_par' dir='ltr' id='par_1_54' title="bbox 476 2682 2065 2755">
     <span class='ocr_line' id='line_1_54' title="bbox 476 2682 2065 2755; baseline 0.001 -14"><span class='ocrx_word' id='word_1_390' title='bbox 476 2694 808 2748; x_wconf 78' lang='lat' dir='ltr'><strong>erraverunt,</strong></span> <span class='ocrx_word' id='word_1_391' title='bbox 841 2700 907 2738; x_wconf 77' lang='lat' dir='ltr'><strong>ex</strong></span> <span class='ocrx_word' id='word_1_392' title='bbox 936 2682 1126 2755; x_wconf 78' lang='lat' dir='ltr'><strong>quibus</strong></span> <span class='ocrx_word' id='word_1_393' title='bbox 1167 2683 1343 2739; x_wconf 79' lang='lat' dir='ltr'><strong>nullus</strong></span> <span class='ocrx_word' id='word_1_394' title='bbox 1368 2687 1605 2741; x_wconf 86' lang='lat' dir='ltr'><strong>inventus</strong></span> <span class='ocrx_word' id='word_1_395' title='bbox 1642 2695 1719 2742; x_wconf 87' lang='lat' dir='ltr'><strong>est</strong></span> <span class='ocrx_word' id='word_1_396' title='bbox 1746 2688 1845 2742; x_wconf 88' lang='lat' dir='ltr'><strong>tibi</strong></span> <span class='ocrx_word' id='word_1_397' title='bbox 1887 2690 2065 2744; x_wconf 81' lang='lat' dir='ltr'><strong>salva-</strong></span> 
     </span>
    </p>
   </div>
   <div class='ocr_carea' id='block_1_55' title="bbox 2179 2681 3791 2759">
    <p class='ocr_par' dir='ltr' id='par_1_55' title="bbox 2179 2681 3791 2759">
     <span class='ocr_line' id='line_1_55' title="bbox 2179 2681 3791 2759; baseline -0.003 -19"><span class='ocrx_word' id='word_1_398' title='bbox 2179 2686 2458 2759; x_wconf 84' lang='grc' dir='ltr'><strong>θρωπίνως</strong></span> <span class='ocrx_word' id='word_1_399' title='bbox 2482 2685 2889 2757; x_wconf 74' lang='grc' dir='ltr'><strong>ἐπλανήθησαν,</strong></span> <span class='ocrx_word' id='word_1_400' title='bbox 2916 2682 3247 2754; x_wconf 70' lang='grc' dir='ltr'><strong>συμμέτρως</strong></span> <span class='ocrx_word' id='word_1_401' title='bbox 3265 2682 3597 2744; x_wconf 77' lang='grc' dir='ltr'><strong>ἀποστάντες</strong></span> <span class='ocrx_word' id='word_1_402' title='bbox 3624 2681 3791 2735; x_wconf 81' lang='grc' dir='ltr'><strong>Θεοῦ</strong></span> 
     </span>
    </p>
   </div>
   <div class='ocr_carea' id='block_1_56' title="bbox 479 2771 2072 2851">
    <p class='ocr_par' dir='ltr' id='par_1_56' title="bbox 479 2775 2065 2851">
     <span class='ocr_line' id='line_1_56' title="bbox 479 2775 2065 2851; baseline 0.006 -25"><span class='ocrx_word' id='word_1_403' title='bbox 479 2784 581 2842; x_wconf 88' lang='lat' dir='ltr'><strong>tor,</strong></span> <span class='ocrx_word' id='word_1_404' title='bbox 615 2776 1085 2848; x_wconf 61' lang='lat' dir='ltr'><strong>interpretantur;</strong></span> <span class='ocrx_word' id='word_1_405' title='bbox 1118 2775 1482 2847; x_wconf 80' lang='lat' dir='ltr'><strong>Symmachus</strong></span> <span class='ocrx_word' id='word_1_406' title='bbox 1505 2786 1710 2845; x_wconf 79' lang='lat' dir='ltr'><strong>autem,</strong></span> <span class='ocrx_word' id='word_1_407' title='bbox 1748 2779 1939 2851; x_wconf 80' lang='lat' dir='ltr'><strong>Itaque</strong></span> <span class='ocrx_word' id='word_1_408' title='bbox 1960 2799 2065 2837; x_wconf 81' lang='lat' dir='ltr'><strong>non</strong></span> 
     </span>
    </p>
   </div>
   <div class='ocr_carea' id='block_1_57' title="bbox 2179 2771 3796 2851">
    <p class='ocr_par' dir='ltr' id='par_1_57' title="bbox 2179 2771 3796 2847">
     <span class='ocr_line' id='line_1_57' title="bbox 2179 2771 3796 2847; baseline -0.006 -15"><span class='ocrx_word' id='word_1_409' title='bbox 2179 2779 2404 2833; x_wconf 82' lang='grc' dir='ltr'><strong>πάθεσιν</strong></span> <span class='ocrx_word' id='word_1_410' title='bbox 2427 2775 2817 2847; x_wconf 81' lang='grc' dir='ltr'><strong>ὑπενεχθέντες</strong></span> <span class='ocrx_word' id='word_1_411' title='bbox 2852 2774 3055 2845; x_wconf 85' lang='grc' dir='ltr'><strong>σαρκός</strong></span> <span class='ocrx_word' id='word_1_412' title='bbox 3074 2788 3088 2803; x_wconf 79' lang='grc'><strong>⁸</strong></span> <span class='ocrx_word' id='word_1_413' title='bbox 3124 2775 3189 2827; x_wconf 81' lang='grc' dir='ltr'><strong>σὺ</strong></span> <span class='ocrx_word' id='word_1_414' title='bbox 3212 2772 3269 2827; x_wconf 84' lang='grc' dir='ltr'><strong>δὲ</strong></span> <span class='ocrx_word' id='word_1_415' title='bbox 3300 2773 3377 2836; x_wconf 86' lang='grc' dir='ltr'><strong>είς</strong></span> <span class='ocrx_word' id='word_1_416' title='bbox 3408 2771 3567 2825; x_wconf 90' lang='grc' dir='ltr'><strong>τοῦτο</strong></span> <span class='ocrx_word' id='word_1_417' title='bbox 3631 2788 3796 2843; x_wconf 74' lang='grc' dir='ltr'><strong>προ.</strong></span> 
     </span>
    </p>
   </div>
   <div class='ocr_carea' id='block_1_58' title="bbox 476 2863 2072 2940">
    <p class='ocr_par' dir='ltr' id='par_1_58' title="bbox 476 2866 2063 2939">
     <span class='ocr_line' id='line_1_58' title="bbox 476 2866 2063 2939; baseline 0.005 -19"><span class='ocrx_word' id='word_1_418' title='bbox 476 2878 574 2930; x_wconf 77' lang='lat' dir='ltr'><strong>est.</strong></span> <span class='ocrx_word' id='word_1_419' title='bbox 625 2868 716 2937; x_wconf 80' lang='lat' dir='ltr'><strong>qui</strong></span> <span class='ocrx_word' id='word_1_420' title='bbox 750 2867 913 2921; x_wconf 77' lang='lat' dir='ltr'><strong>salvet</strong></span> <span class='ocrx_word' id='word_1_421' title='bbox 945 2877 1014 2922; x_wconf 83' lang='lat' dir='ltr'><strong>te.</strong></span> <span class='ocrx_word' id='word_1_422' title='bbox 1050 2866 1312 2922; x_wconf 87' lang='lat' dir='ltr'><strong>Nonnulli</strong></span> <span class='ocrx_word' id='word_1_423' title='bbox 1368 2883 1533 2939; x_wconf 90' lang='lat' dir='ltr'><strong>porro</strong></span> <span class='ocrx_word' id='word_1_424' title='bbox 1567 2870 1739 2925; x_wconf 88' lang='lat' dir='ltr'><strong>illud:</strong></span> <span class='ocrx_word' id='word_1_425' title='bbox 1793 2870 1967 2928; x_wconf 82' lang='lat' dir='ltr'><strong>Homo</strong></span> <span class='ocrx_word' id='word_1_426' title='bbox 2006 2874 2063 2928; x_wconf 82' lang='lat' dir='ltr'><strong>in</strong></span> 
     </span>
    </p>
   </div>
   <div class='ocr_carea' id='block_1_59' title="bbox 2179 2863 3793 2940">
    <p class='ocr_par' dir='ltr' id='par_1_59' title="bbox 2179 2863 3793 2940">
     <span class='ocr_line' id='line_1_59' title="bbox 2179 2863 3793 2940; baseline -0.002 -17"><span class='ocrx_word' id='word_1_427' title='bbox 2179 2869 2318 2940; x_wconf 69' lang='grc' dir='ltr'><strong>έϐηςα</strong></span> <span class='ocrx_word' id='word_1_428' title='bbox 2357 2869 2704 2938; x_wconf 85' lang='grc' dir='ltr'><strong>ἀνοσιότητος</strong></span> <span class='ocrx_word' id='word_1_429' title='bbox 2736 2907 2751 2935; x_wconf 92' lang='grc'><strong>,</strong></span> <span class='ocrx_word' id='word_1_430' title='bbox 2778 2867 2856 2931; x_wconf 77' lang='grc' dir='ltr'><strong>ὡς</strong></span> <span class='ocrx_word' id='word_1_431' title='bbox 2895 2865 3100 2939; x_wconf 81' lang='grc' dir='ltr'><strong>μηδένα</strong></span> <span class='ocrx_word' id='word_1_432' title='bbox 3127 2881 3209 2918; x_wconf 90' lang='grc' dir='ltr'><strong>σοι</strong></span> <span class='ocrx_word' id='word_1_433' title='bbox 3267 2863 3540 2934; x_wconf 84' lang='grc' dir='ltr'><strong>σωτηρίας</strong></span> <span class='ocrx_word' id='word_1_434' title='bbox 3589 2866 3793 2919; x_wconf 82' lang='grc' dir='ltr'><strong>τόπον</strong></span> 
     </span>
    </p>
   </div>
   <div class='ocr_carea' id='block_1_60' title="bbox 477 2956 2072 3032">
    <p class='ocr_par' dir='ltr' id='par_1_60' title="bbox 477 2956 2068 3027">
     <span class='ocr_line' id='line_1_60' title="bbox 477 2956 2068 3027; baseline 0.004 -18"><span class='ocrx_word' id='word_1_435' title='bbox 477 2957 760 3027; x_wconf 80' lang='lat' dir='ltr'><strong>semetipso</strong></span> <span class='ocrx_word' id='word_1_436' title='bbox 798 2957 1020 3023; x_wconf 86' lang='lat' dir='ltr'><strong>erravit,</strong></span> <span class='ocrx_word' id='word_1_437' title='bbox 1054 2956 1151 3009; x_wconf 88' lang='lat' dir='ltr'><strong>tibi</strong></span> <span class='ocrx_word' id='word_1_438' title='bbox 1170 2968 1348 3011; x_wconf 88' lang='lat' dir='ltr'><strong>autem</strong></span> <span class='ocrx_word' id='word_1_439' title='bbox 1386 2974 1492 3013; x_wconf 84' lang='lat' dir='ltr'><strong>non</strong></span> <span class='ocrx_word' id='word_1_440' title='bbox 1516 2961 1619 3013; x_wconf 86' lang='lat' dir='ltr'><strong>erit</strong></span> <span class='ocrx_word' id='word_1_441' title='bbox 1655 2960 1827 3026; x_wconf 88' lang='lat' dir='ltr'><strong>salus,</strong></span> <span class='ocrx_word' id='word_1_442' title='bbox 1860 2962 1936 3016; x_wconf 92' lang='lat' dir='ltr'><strong>ita</strong></span> <span class='ocrx_word' id='word_1_443' title='bbox 1965 2977 2068 3018; x_wconf 74' lang='lat' dir='ltr'><strong>ex-</strong></span> 
     </span>
    </p>
   </div>
   <div class='ocr_carea' id='block_1_61' title="bbox 2179 2956 2611 3032">
    <p class='ocr_par' dir='ltr' id='par_1_61' title="bbox 2179 2960 2611 3032">
     <span class='ocr_line' id='line_1_61' title="bbox 2179 2960 2611 3032; baseline 0 -17"><span class='ocrx_word' id='word_1_444' title='bbox 2179 2960 2611 3032; x_wconf 72' lang='grc' dir='ltr'><strong>περιλειφθῆναι.</strong></span> 
     </span>
    </p>
   </div>
   <div class='ocr_carea' id='block_1_62' title="bbox 477 3046 3792 3123">
    <p class='ocr_par' dir='ltr' id='par_1_62' title="bbox 477 3046 3792 3123">
     <span class='ocr_line' id='line_1_62' title="bbox 477 3046 3792 3123; baseline 0 -23"><span class='ocrx_word' id='word_1_445' title='bbox 477 3049 701 3116; x_wconf 77' lang='lat' dir='ltr'><strong>plicant,</strong></span> <span class='ocrx_word' id='word_1_446' title='bbox 742 3063 805 3103; x_wconf 82' lang='lat' dir='ltr'><strong>nc</strong></span> <span class='ocrx_word' id='word_1_447' title='bbox 835 3048 880 3103; x_wconf 88' lang='lat' dir='ltr'><strong>si</strong></span> <span class='ocrx_word' id='word_1_448' title='bbox 929 3048 1233 3119; x_wconf 88' lang='lat' dir='ltr'><strong>permultos</strong></span> <span class='ocrx_word' id='word_1_449' title='bbox 1264 3048 1521 3104; x_wconf 84' lang='lat' dir='ltr'><strong>homines</strong></span> <span class='ocrx_word' id='word_1_450' title='bbox 1551 3051 1732 3106; x_wconf 88' lang='lat' dir='ltr'><strong>carnis</strong></span> <span class='ocrx_word' id='word_1_451' title='bbox 1780 3050 2066 3109; x_wconf 86' lang='lat' dir='ltr'><strong>all‘ectihus</strong></span> <span class='ocrx_word' id='word_1_452' title='bbox 2107 3052 2391 3123; x_wconf 83' lang='lat' dir='ltr'><strong>abreptos,</strong></span> <span class='ocrx_word' id='word_1_453' title='bbox 2415 3066 2540 3106; x_wconf 92' lang='lat' dir='ltr'><strong>cum</strong></span> <span class='ocrx_word' id='word_1_454' title='bbox 2572 3066 2602 3105; x_wconf 86' lang='lat' dir='ltr'><strong>a</strong></span> <span class='ocrx_word' id='word_1_455' title='bbox 2639 3049 2749 3105; x_wconf 90' lang='lat' dir='ltr'><strong>Deo</strong></span> <span class='ocrx_word' id='word_1_456' title='bbox 2768 3049 2981 3105; x_wconf 88' lang='lat' dir='ltr'><strong>modice</strong></span> <span class='ocrx_word' id='word_1_457' title='bbox 3040 3049 3424 3115; x_wconf 86' lang='lat' dir='ltr'><strong>recessissent,</strong></span> <span class='ocrx_word' id='word_1_458' title='bbox 3463 3046 3792 3104; x_wconf 74' lang='lat' dir='ltr'><strong>aberrasse</strong></span> 
     </span>
    </p>
   </div>
   <div class='ocr_carea' id='block_1_63' title="bbox 475 3138 3785 3212">
    <p class='ocr_par' dir='ltr' id='par_1_63' title="bbox 475 3138 3785 3212">
     <span class='ocr_line' id='line_1_63' title="bbox 475 3138 3785 3212; baseline -0.001 -17"><span class='ocrx_word' id='word_1_459' title='bbox 475 3139 718 3212; x_wconf 89' lang='lat' dir='ltr'><strong>quidem,</strong></span> <span class='ocrx_word' id='word_1_460' title='bbox 771 3149 823 3195; x_wconf 88' lang='lat' dir='ltr'><strong>te</strong></span> <span class='ocrx_word' id='word_1_461' title='bbox 871 3149 1075 3206; x_wconf 88' lang='lat' dir='ltr'><strong>autem,</strong></span> <span class='ocrx_word' id='word_1_462' title='bbox 1117 3155 1182 3194; x_wconf 88' lang='lat' dir='ltr'><strong>eo</strong></span> <span class='ocrx_word' id='word_1_463' title='bbox 1226 3138 1586 3210; x_wconf 84' lang='lat' dir='ltr'><strong>impuritatis,</strong></span> <span class='ocrx_word' id='word_1_464' title='bbox 1649 3141 1988 3210; x_wconf 87' lang='lat' dir='ltr'><strong>processisse</strong></span> <span class='ocrx_word' id='word_1_465' title='bbox 2026 3143 2258 3210; x_wconf 88' lang='lat' dir='ltr'><strong>diceret,</strong></span> <span class='ocrx_word' id='word_1_466' title='bbox 2293 3153 2352 3198; x_wconf 93' lang='lat' dir='ltr'><strong>ut</strong></span> <span class='ocrx_word' id='word_1_467' title='bbox 2405 3142 2591 3199; x_wconf 91' lang='lat' dir='ltr'><strong>nullus</strong></span> <span class='ocrx_word' id='word_1_468' title='bbox 2623 3140 2721 3197; x_wconf 89' lang='lat' dir='ltr'><strong>tibi</strong></span> <span class='ocrx_word' id='word_1_469' title='bbox 2749 3142 2911 3197; x_wconf 88' lang='lat' dir='ltr'><strong>saluti</strong></span> <span class='ocrx_word' id='word_1_470' title='bbox 2941 3142 3094 3196; x_wconf 89' lang='lat' dir='ltr'><strong>locus</strong></span> <span class='ocrx_word' id='word_1_471' title='bbox 3134 3140 3464 3210; x_wconf 89' lang='lat' dir='ltr'><strong>relinquatur</strong></span> <span class='ocrx_word' id='word_1_472' title='bbox 3493 3138 3785 3209; x_wconf 81' lang='lat' dir='ltr'><strong>amplius.</strong></span> 
     </span>
    </p>
   </div>
   <div class='ocr_carea' id='block_1_64' title="bbox 1051 3274 2072 3351">
    <p class='ocr_par' dir='ltr' id='par_1_64' title="bbox 1051 3274 1644 3332">
     <span class='ocr_line' id='line_1_64' title="bbox 1051 3274 1644 3332; baseline 0.005 -3"><span class='ocrx_word' id='word_1_473' title='bbox 1051 3274 1209 3329; x_wconf 78' lang='lat' dir='ltr'><strong>CAP.</strong></span> <span class='ocrx_word' id='word_1_474' title='bbox 1252 3274 1486 3332; x_wconf 78' lang='lat' dir='ltr'><strong>XLVIII.</strong></span> <span class='ocrx_word' id='word_1_475' title='bbox 1637 3308 1644 3315; x_wconf 91' lang='lat'><strong>-</strong></span> 
     </span>
    </p>
   </div>
   <div class='ocr_carea' id='block_1_65' title="bbox 2179 3274 3173 3351">
    <p class='ocr_par' dir='ltr' id='par_1_65' title="bbox 2748 3278 3173 3333">
     <span class='ocr_line' id='line_1_65' title="bbox 2748 3278 3173 3333; baseline -0.005 0"><span class='ocrx_word' id='word_1_476' title='bbox 2748 3278 2998 3333; x_wconf 78' lang='grc' dir='ltr'><strong>ΚΕΦΑΛ.</strong></span> <span class='ocrx_word' id='word_1_477' title='bbox 3032 3278 3173 3332; x_wconf 83' lang='grc' dir='ltr'><strong>ΜΗ’.</strong></span> 
     </span>
    </p>
   </div>
   <div class='ocr_carea' id='block_1_66' title="bbox 548 3356 2072 3442">
    <p class='ocr_par' dir='ltr' id='par_1_66' title="bbox 548 3366 2066 3442">
     <span class='ocr_line' id='line_1_66' title="bbox 548 3366 2066 3442; baseline 0.003 -21"><span class='ocrx_word' id='word_1_478' title='bbox 548 3367 884 3440; x_wconf 74' lang='lat' dir='ltr'><strong>538Vsns.</strong></span> <span class='ocrx_word' id='word_1_479' title='bbox 905 3367 1062 3421; x_wconf 75' lang='lat' dir='ltr'><strong>l-ll.</strong></span> <span class='ocrx_word' id='word_1_480' title='bbox 1088 3366 1277 3420; x_wconf 85' lang='lat' dir='ltr'><strong>Audite</strong></span> <span class='ocrx_word' id='word_1_481' title='bbox 1292 3366 1426 3432; x_wconf 75' lang='lat' dir='ltr'><strong>haec,</strong></span> <span class='ocrx_word' id='word_1_482' title='bbox 1444 3368 1635 3423; x_wconf 84' lang='lat' dir='ltr'><strong>domus</strong></span> <span class='ocrx_word' id='word_1_483' title='bbox 1650 3367 1948 3442; x_wconf 82' lang='lat' dir='ltr'><strong>Jacob,qul</strong></span> <span class='ocrx_word' id='word_1_484' title='bbox 1976 3388 2066 3426; x_wconf 81' lang='lat' dir='ltr'><strong>vo-</strong></span> 
     </span>
    </p>
   </div>
   <div class='ocr_carea' id='block_1_67' title="bbox 2179 3356 3789 3442">
    <p class='ocr_par' dir='ltr' id='par_1_67' title="bbox 2238 3364 3789 3437">
     <span class='ocr_line' id='line_1_67' title="bbox 2238 3364 3789 3437; baseline -0.002 -9"><span class='ocrx_word' id='word_1_485' title='bbox 2238 3373 2393 3430; x_wconf 77' lang='lat' dir='ltr'><strong>a-ta&#39;.</strong></span> <span class='ocrx_word' id='word_1_486' title='bbox 2447 3373 2766 3428; x_wconf 79' lang='grc' dir='ltr'><strong>Ἀκούσατε</strong></span> <span class='ocrx_word' id='word_1_487' title='bbox 2814 3370 3024 3437; x_wconf 81' lang='grc' dir='ltr'><strong>ταῦτα,</strong></span> <span class='ocrx_word' id='word_1_488' title='bbox 3081 3364 3246 3434; x_wconf 79' lang='grc' dir='ltr'><strong>οἶκος</strong></span> <span class='ocrx_word' id='word_1_489' title='bbox 3285 3367 3500 3429; x_wconf 77' lang='grc' dir='ltr'><strong>Ἰακὼϐ,</strong></span> <span class='ocrx_word' id='word_1_490' title='bbox 3558 3369 3619 3422; x_wconf 81' lang='grc' dir='ltr'><strong>οἱ</strong></span> <span class='ocrx_word' id='word_1_491' title='bbox 3667 3386 3789 3425; x_wconf 82' lang='grc' dir='ltr'><strong>κε-</strong></span> 
     </span>
    </p>
   </div>
   <div class='ocr_carea' id='block_1_68' title="bbox 476 3455 2072 3534">
    <p class='ocr_par' dir='ltr' id='par_1_68' title="bbox 476 3455 2065 3529">
     <span class='ocr_line' id='line_1_68' title="bbox 476 3455 2065 3529; baseline 0.001 -16"><span class='ocrx_word' id='word_1_492' title='bbox 476 3462 581 3513; x_wconf 77' lang='lat' dir='ltr'><strong>cati</strong></span> <span class='ocrx_word' id='word_1_493' title='bbox 606 3459 732 3512; x_wconf 87' lang='lat' dir='ltr'><strong>estis</strong></span> <span class='ocrx_word' id='word_1_494' title='bbox 765 3457 975 3510; x_wconf 84' lang='lat' dir='ltr'><strong>nomine</strong></span> <span class='ocrx_word' id='word_1_495' title='bbox 992 3455 1197 3523; x_wconf 77' lang='lat' dir='ltr'><strong>Israel,</strong></span> <span class='ocrx_word' id='word_1_496' title='bbox 1223 3465 1272 3511; x_wconf 89' lang='lat' dir='ltr'><strong>et</strong></span> <span class='ocrx_word' id='word_1_497' title='bbox 1296 3458 1481 3511; x_wconf 76' lang='lat' dir='ltr'><strong>existis</strong></span> <span class='ocrx_word' id='word_1_498' title='bbox 1496 3457 1567 3512; x_wconf 79' lang='lat' dir='ltr'><strong>de</strong></span> <span class='ocrx_word' id='word_1_499' title='bbox 1601 3475 1739 3527; x_wconf 85' lang='lat' dir='ltr'><strong>aqua</strong></span> <span class='ocrx_word' id='word_1_500' title='bbox 1771 3458 1938 3529; x_wconf 72' lang='lat' dir='ltr'><strong>Iuda,</strong></span> <span class='ocrx_word' id='word_1_501' title='bbox 1972 3462 2065 3529; x_wconf 86' lang='lat' dir='ltr'><strong>qui</strong></span> 
     </span>
    </p>
   </div>
   <div class='ocr_carea' id='block_1_69' title="bbox 2179 3455 3788 3534">
    <p class='ocr_par' dir='ltr' id='par_1_69' title="bbox 2179 3458 3788 3534">
     <span class='ocr_line' id='line_1_69' title="bbox 2179 3458 3788 3534; baseline -0.001 -15"><span class='ocrx_word' id='word_1_502' title='bbox 2179 3465 2453 3534; x_wconf 74' lang='grc' dir='ltr'><strong>ιιλημένοι</strong></span> <span class='ocrx_word' id='word_1_503' title='bbox 2476 3465 2573 3518; x_wconf 78' lang='grc' dir='ltr'><strong>ἐπὶ</strong></span> <span class='ocrx_word' id='word_1_504' title='bbox 2600 3462 2681 3529; x_wconf 84' lang='grc' dir='ltr'><strong>τῷ</strong></span> <span class='ocrx_word' id='word_1_505' title='bbox 2710 3463 2955 3531; x_wconf 83' lang='grc' dir='ltr'><strong>ὀνόματι</strong></span> <span class='ocrx_word' id='word_1_506' title='bbox 2999 3459 3271 3530; x_wconf 82' lang='grc' dir='ltr'><strong>Ἰσραὴλ,</strong></span> <span class='ocrx_word' id='word_1_507' title='bbox 3304 3458 3401 3513; x_wconf 78' lang='grc' dir='ltr'><strong>καὶ</strong></span> <span class='ocrx_word' id='word_1_508' title='bbox 3441 3459 3511 3523; x_wconf 79' lang='grc' dir='ltr'><strong>ἐξ</strong></span> <span class='ocrx_word' id='word_1_509' title='bbox 3554 3458 3788 3517; x_wconf 73' lang='grc' dir='ltr'><strong>Ἰούδα</strong></span> 
     </span>
    </p>
   </div>
   <div class='ocr_carea' id='block_1_70' title="bbox 470 3547 2072 3623">
    <p class='ocr_par' dir='ltr' id='par_1_70' title="bbox 470 3547 2062 3621">
     <span class='ocr_line' id='line_1_70' title="bbox 470 3547 2062 3621; baseline 0.002 -16"><span class='ocrx_word' id='word_1_510' title='bbox 470 3551 675 3621; x_wconf 76' lang='lat' dir='ltr'><strong>juratis</strong></span> <span class='ocrx_word' id='word_1_511' title='bbox 715 3549 930 3603; x_wconf 83' lang='lat' dir='ltr'><strong>nomine</strong></span> <span class='ocrx_word' id='word_1_512' title='bbox 966 3548 1183 3603; x_wconf 76' lang='lat' dir='ltr'><strong>Domini</strong></span> <span class='ocrx_word' id='word_1_513' title='bbox 1216 3548 1313 3602; x_wconf 87' lang='lat' dir='ltr'><strong>Dei</strong></span> <span class='ocrx_word' id='word_1_514' title='bbox 1348 3547 1545 3608; x_wconf 80' lang='lat' dir='ltr'><strong>Israel.</strong></span> <span class='ocrx_word' id='word_1_515' title='bbox 1576 3552 1664 3621; x_wconf 84' lang='lat' dir='ltr'><strong>qui</strong></span> <span class='ocrx_word' id='word_1_516' title='bbox 1705 3553 2062 3608; x_wconf 83' lang='lat' dir='ltr'><strong>recordamini</strong></span> 
     </span>
    </p>
   </div>
   <div class='ocr_carea' id='block_1_71' title="bbox 2179 3547 3786 3623">
    <p class='ocr_par' dir='ltr' id='par_1_71' title="bbox 2179 3551 3786 3623">
     <span class='ocr_line' id='line_1_71' title="bbox 2179 3551 3786 3623; baseline -0.003 -13"><span class='ocrx_word' id='word_1_517' title='bbox 2179 3555 2538 3621; x_wconf 64' lang='grc' dir='ltr'><strong>ἐξελθόντες.</strong></span> <span class='ocrx_word' id='word_1_518' title='bbox 2589 3557 2655 3608; x_wconf 78' lang='lat' dir='ltr'><strong>Ol</strong></span> <span class='ocrx_word' id='word_1_519' title='bbox 2710 3554 3038 3623; x_wconf 82' lang='grc' dir='ltr'><strong>ὀμνύοντες</strong></span> <span class='ocrx_word' id='word_1_520' title='bbox 3094 3551 3176 3617; x_wconf 84' lang='grc' dir='ltr'><strong>τῷ</strong></span> <span class='ocrx_word' id='word_1_521' title='bbox 3228 3553 3469 3622; x_wconf 83' lang='grc' dir='ltr'><strong>ὀνόματι</strong></span> <span class='ocrx_word' id='word_1_522' title='bbox 3522 3554 3786 3621; x_wconf 80' lang='grc' dir='ltr'><strong>Κυρίου</strong></span> 
     </span>
    </p>
   </div>
   <div class='ocr_carea' id='block_1_72' title="bbox 477 3642 2072 3715">
    <p class='ocr_par' dir='ltr' id='par_1_72' title="bbox 477 3642 2061 3714">
     <span class='ocr_line' id='line_1_72' title="bbox 477 3642 2061 3714; baseline 0.001 -15"><span class='ocrx_word' id='word_1_523' title='bbox 477 3661 581 3699; x_wconf 87' lang='lat' dir='ltr'><strong>non</strong></span> <span class='ocrx_word' id='word_1_524' title='bbox 607 3660 727 3698; x_wconf 84' lang='lat' dir='ltr'><strong>eum</strong></span> <span class='ocrx_word' id='word_1_525' title='bbox 759 3642 1001 3709; x_wconf 74' lang='lat' dir='ltr'><strong>veritate,</strong></span> <span class='ocrx_word' id='word_1_526' title='bbox 1038 3658 1201 3714; x_wconf 87' lang='lat' dir='ltr'><strong>neque</strong></span> <span class='ocrx_word' id='word_1_527' title='bbox 1233 3657 1351 3696; x_wconf 82' lang='lat' dir='ltr'><strong>eum</strong></span> <span class='ocrx_word' id='word_1_528' title='bbox 1375 3642 1619 3713; x_wconf 85' lang='lat' dir='ltr'><strong>justitia,</strong></span> <span class='ocrx_word' id='word_1_529' title='bbox 1662 3645 1752 3714; x_wconf 87' lang='lat' dir='ltr'><strong>qui</strong></span> <span class='ocrx_word' id='word_1_530' title='bbox 1774 3644 2061 3701; x_wconf 80' lang='lat' dir='ltr'><strong>adlueretis</strong></span> 
     </span>
    </p>
   </div>
   <div class='ocr_carea' id='block_1_73' title="bbox 2179 3642 3781 3715">
    <p class='ocr_par' dir='ltr' id='par_1_73' title="bbox 2179 3644 3781 3715">
     <span class='ocr_line' id='line_1_73' title="bbox 2179 3644 3781 3715; baseline -0.001 -15"><span class='ocrx_word' id='word_1_531' title='bbox 2179 3646 2316 3700; x_wconf 73' lang='grc' dir='ltr'><strong>Θεοῦ</strong></span> <span class='ocrx_word' id='word_1_532' title='bbox 2346 3645 2617 3714; x_wconf 81' lang='grc' dir='ltr'><strong>Ἰσραήλ.</strong></span> <span class='ocrx_word' id='word_1_533' title='bbox 2650 3646 3137 3715; x_wconf 81' lang='grc' dir='ltr'><strong>Μιμνησκόμενοι</strong></span> <span class='ocrx_word' id='word_1_534' title='bbox 3168 3646 3242 3698; x_wconf 88' lang='grc' dir='ltr'><strong>οὐ</strong></span> <span class='ocrx_word' id='word_1_535' title='bbox 3263 3645 3413 3712; x_wconf 84' lang='grc' dir='ltr'><strong>μετὰ</strong></span> <span class='ocrx_word' id='word_1_536' title='bbox 3438 3644 3781 3715; x_wconf 80' lang='grc' dir='ltr'><strong>ἀληθείας,</strong></span> 
     </span>
    </p>
   </div>
   <div class='ocr_carea' id='block_1_74' title="bbox 2162 3733 3781 3807">
    <p class='ocr_par' dir='ltr' id='par_1_74' title="bbox 2162 3733 3781 3807">
     <span class='ocr_line' id='line_1_74' title="bbox 2162 3733 3781 3807; baseline -0.001 -15"><span class='ocrx_word' id='word_1_537' title='bbox 2162 3737 2307 3793; x_wconf 79' lang='grc' dir='ltr'><strong>οὐδὲ</strong></span> <span class='ocrx_word' id='word_1_538' title='bbox 2352 3736 2504 3807; x_wconf 84' lang='grc' dir='ltr'><strong>μετὰ</strong></span> <span class='ocrx_word' id='word_1_539' title='bbox 2532 3737 2948 3804; x_wconf 82' lang='grc' dir='ltr'><strong>δικαιοσύνης,</strong></span> <span class='ocrx_word' id='word_1_540' title='bbox 2982 3734 3082 3789; x_wconf 80' lang='grc' dir='ltr'><strong>καί</strong></span> <span class='ocrx_word' id='word_1_541' title='bbox 3107 3735 3492 3803; x_wconf 81' lang='grc' dir='ltr'><strong>ἀντεχόμενοι</strong></span> <span class='ocrx_word' id='word_1_542' title='bbox 3514 3733 3595 3800; x_wconf 80' lang='grc' dir='ltr'><strong>τῷ</strong></span> <span class='ocrx_word' id='word_1_543' title='bbox 3614 3737 3781 3793; x_wconf 75' lang='grc' dir='ltr'><strong>ὀνό-</strong></span> 
     </span>
    </p>
   </div>
   <div class='ocr_carea' id='block_1_75' title="bbox 2156 3825 3780 3899">
    <p class='ocr_par' dir='ltr' id='par_1_75' title="bbox 2156 3825 3780 3899">
     <span class='ocr_line' id='line_1_75' title="bbox 2156 3825 3780 3899; baseline 0.001 -17"><span class='ocrx_word' id='word_1_544' title='bbox 2156 3845 2300 3899; x_wconf 82' lang='grc' dir='ltr'><strong>ματι</strong></span> <span class='ocrx_word' id='word_1_545' title='bbox 2332 3828 2443 3897; x_wconf 85' lang='grc' dir='ltr'><strong>τῆς</strong></span> <span class='ocrx_word' id='word_1_546' title='bbox 2472 3830 2701 3894; x_wconf 74' lang='grc' dir='ltr'><strong>πόλεως</strong></span> <span class='ocrx_word' id='word_1_547' title='bbox 2739 3827 2851 3896; x_wconf 82' lang='grc' dir='ltr'><strong>τῆς</strong></span> <span class='ocrx_word' id='word_1_548' title='bbox 2886 3828 3079 3897; x_wconf 77' lang='grc' dir='ltr'><strong>ἁγίας,</strong></span> <span class='ocrx_word' id='word_1_549' title='bbox 3106 3825 3204 3880; x_wconf 84' lang='grc' dir='ltr'><strong>καὶ</strong></span> <span class='ocrx_word' id='word_1_550' title='bbox 3234 3826 3331 3880; x_wconf 69' lang='grc' dir='ltr'><strong>ἐπὶ</strong></span> <span class='ocrx_word' id='word_1_551' title='bbox 3360 3826 3438 3892; x_wconf 83' lang='grc' dir='ltr'><strong>τῷ</strong></span> <span class='ocrx_word' id='word_1_552' title='bbox 3467 3825 3592 3892; x_wconf 82' lang='grc' dir='ltr'><strong>Θεῷ</strong></span> <span class='ocrx_word' id='word_1_553' title='bbox 3640 3830 3780 3885; x_wconf 75' lang='grc' dir='ltr'><strong>ἰσ-</strong></span> 
     </span>
    </p>
   </div>
   <div class='ocr_carea' id='block_1_76' title="bbox 2157 3916 3171 3988">
    <p class='ocr_par' dir='ltr' id='par_1_76' title="bbox 2157 3916 3171 3988">
     <span class='ocr_line' id='line_1_76' title="bbox 2157 3916 3171 3988; baseline -0.003 -16"><span class='ocrx_word' id='word_1_554' title='bbox 2157 3919 2325 3988; x_wconf 79' lang='grc' dir='ltr'><strong>ραὴλ</strong></span> <span class='ocrx_word' id='word_1_555' title='bbox 2350 3916 2918 3988; x_wconf 80' lang='grc' dir='ltr'><strong>ἁντιστηριζόμενοι,</strong></span> <span class='ocrx_word' id='word_1_556' title='bbox 2953 3934 3008 3971; x_wconf 89' lang='grc' dir='ltr'><strong>κ.</strong></span> <span class='ocrx_word' id='word_1_557' title='bbox 3038 3934 3090 3971; x_wconf 91' lang='grc' dir='ltr'><strong>τ.</strong></span> <span class='ocrx_word' id='word_1_558' title='bbox 3120 3916 3171 3969; x_wconf 91' lang='grc' dir='ltr'><strong>λ.</strong></span> 
     </span>
    </p>
   </div>
   <div class='ocr_carea' id='block_1_77' title="bbox 2234 4025 3782 4101">
    <p class='ocr_par' dir='ltr' id='par_1_77' title="bbox 2234 4025 3782 4101">
     <span class='ocr_line' id='line_1_77' title="bbox 2234 4025 3782 4101; baseline -0.002 -17"><span class='ocrx_word' id='word_1_559' title='bbox 2234 4031 2315 4084; x_wconf 87' lang='grc' dir='ltr'><strong>Τά</strong></span> <span class='ocrx_word' id='word_1_560' title='bbox 2350 4031 2493 4084; x_wconf 85' lang='grc' dir='ltr'><strong>κατὰ</strong></span> <span class='ocrx_word' id='word_1_561' title='bbox 2542 4027 2906 4082; x_wconf 75' lang='grc' dir='ltr'><strong>Βαϐυλωνίων</strong></span> <span class='ocrx_word' id='word_1_562' title='bbox 2962 4025 3169 4092; x_wconf 86' lang='grc' dir='ltr'><strong>είπὼν,</strong></span> <span class='ocrx_word' id='word_1_563' title='bbox 3224 4027 3558 4095; x_wconf 76' lang='grc' dir='ltr'><strong>ἐλεγκτικῶς</strong></span> <span class='ocrx_word' id='word_1_564' title='bbox 3613 4030 3782 4101; x_wconf 76' lang='grc' dir='ltr'><strong>πρὸς</strong></span> 
     </span>
    </p>
   </div>
   <div class='ocr_carea' id='block_1_78' title="bbox 2173 4118 3781 4191">
    <p class='ocr_par' dir='ltr' id='par_1_78' title="bbox 2173 4118 3781 4191">
     <span class='ocr_line' id='line_1_78' title="bbox 2173 4118 3781 4191; baseline 0 -15"><span class='ocrx_word' id='word_1_565' title='bbox 2173 4121 2460 4185; x_wconf 84' lang='grc' dir='ltr'><strong>Ἰουδαίους</strong></span> <span class='ocrx_word' id='word_1_566' title='bbox 2498 4120 2688 4191; x_wconf 80' lang='grc' dir='ltr'><strong>φησὶν,</strong></span> <span class='ocrx_word' id='word_1_567' title='bbox 2708 4119 2784 4183; x_wconf 86' lang='grc' dir='ltr'><strong>ὡς</strong></span> <span class='ocrx_word' id='word_1_568' title='bbox 2809 4119 2908 4172; x_wconf 82' lang='grc' dir='ltr'><strong>Διά</strong></span> <span class='ocrx_word' id='word_1_569' title='bbox 2933 4118 2995 4173; x_wconf 84' lang='grc' dir='ltr'><strong>τὸ</strong></span> <span class='ocrx_word' id='word_1_570' title='bbox 3019 4121 3148 4190; x_wconf 83' lang='grc' dir='ltr'><strong>παρ’</strong></span> <span class='ocrx_word' id='word_1_571' title='bbox 3187 4118 3313 4189; x_wconf 73' lang='grc' dir='ltr'><strong>ἐμοὶ</strong></span> <span class='ocrx_word' id='word_1_572' title='bbox 3351 4118 3560 4173; x_wconf 82' lang='grc' dir='ltr'><strong>δίκαιον</strong></span> <span class='ocrx_word' id='word_1_573' title='bbox 3602 4122 3781 4187; x_wconf 66' lang='grc' dir='ltr'><strong>ὲκείτ</strong></span> 
     </span>
    </p>
   </div>
   <div class='ocr_carea' id='block_1_79' title="bbox 2158 4208 3779 4284">
    <p class='ocr_par' dir='ltr' id='par_1_79' title="bbox 2158 4208 3779 4284">
     <span class='ocr_line' id='line_1_79' title="bbox 2158 4208 3779 4284; baseline -0.007 -16"><span class='ocrx_word' id='word_1_574' title='bbox 2158 4230 2283 4277; x_wconf 90' lang='grc' dir='ltr'><strong>νους</strong></span> <span class='ocrx_word' id='word_1_575' title='bbox 2313 4212 2653 4284; x_wconf 81' lang='grc' dir='ltr'><strong>μετέρχομαι</strong></span> <span class='ocrx_word' id='word_1_576' title='bbox 2687 4251 2703 4278; x_wconf 92' lang='grc'><strong>,</strong></span> <span class='ocrx_word' id='word_1_577' title='bbox 2736 4209 2834 4280; x_wconf 78' lang='grc' dir='ltr'><strong>οὐχ</strong></span> <span class='ocrx_word' id='word_1_578' title='bbox 2856 4210 2939 4263; x_wconf 84' lang='grc' dir='ltr'><strong>ὅτι</strong></span> <span class='ocrx_word' id='word_1_579' title='bbox 2968 4208 3222 4280; x_wconf 85' lang='grc' dir='ltr'><strong>βοηθείας</strong></span> <span class='ocrx_word' id='word_1_580' title='bbox 3250 4210 3405 4280; x_wconf 80' lang='grc' dir='ltr'><strong>ὑμεῖς</strong></span> <span class='ocrx_word' id='word_1_581' title='bbox 3428 4209 3571 4273; x_wconf 77' lang='grc' dir='ltr'><strong>άξιοι</strong></span> <span class='ocrx_word' id='word_1_582' title='bbox 3618 4215 3779 4268; x_wconf 74' lang='grc' dir='ltr'><strong>καθ-</strong></span> 
     </span>
    </p>
   </div>
   <div class='ocr_carea' id='block_1_80' title="bbox 472 4298 2072 4376">
    <p class='ocr_par' dir='ltr' id='par_1_80' title="bbox 472 4300 2055 4372">
     <span class='ocr_line' id='line_1_80' title="bbox 472 4300 2055 4372; baseline 0 -17"><span class='ocrx_word' id='word_1_583' title='bbox 472 4316 667 4372; x_wconf 64' lang='lat' dir='ltr'><strong>poenas</strong></span> <span class='ocrx_word' id='word_1_584' title='bbox 694 4316 910 4357; x_wconf 87' lang='lat' dir='ltr'><strong>sumere</strong></span> <span class='ocrx_word' id='word_1_585' title='bbox 930 4301 1293 4357; x_wconf 87' lang='lat' dir='ltr'><strong>demonstrat.</strong></span> <span class='ocrx_word' id='word_1_586' title='bbox 1345 4300 1515 4357; x_wconf 82' lang='lat' dir='ltr'><strong>Vocat</strong></span> <span class='ocrx_word' id='word_1_587' title='bbox 1534 4302 1678 4357; x_wconf 87' lang='lat' dir='ltr'><strong>enim</strong></span> <span class='ocrx_word' id='word_1_588' title='bbox 1705 4301 1920 4355; x_wconf 86' lang='lat' dir='ltr'><strong>domum</strong></span> <span class='ocrx_word' id='word_1_589' title='bbox 1950 4302 2055 4357; x_wconf 79' lang='lat' dir='ltr'><strong>Ja-</strong></span> 
     </span>
    </p>
   </div>
   <div class='ocr_carea' id='block_1_81' title="bbox 2179 4298 3779 4376">
    <p class='ocr_par' dir='ltr' id='par_1_81' title="bbox 2179 4298 3779 4376">
     <span class='ocr_line' id='line_1_81' title="bbox 2179 4298 3779 4376; baseline 0.002 -20"><span class='ocrx_word' id='word_1_590' title='bbox 2179 4305 2451 4376; x_wconf 81' lang='grc' dir='ltr'><strong>εστήκατε.</strong></span> <span class='ocrx_word' id='word_1_591' title='bbox 2490 4298 2672 4356; x_wconf 78' lang='grc' dir='ltr'><strong>Οίκον</strong></span> <span class='ocrx_word' id='word_1_592' title='bbox 2701 4301 2809 4373; x_wconf 83' lang='grc' dir='ltr'><strong>γὰρ</strong></span> <span class='ocrx_word' id='word_1_593' title='bbox 2846 4300 3002 4355; x_wconf 84' lang='grc' dir='ltr'><strong>καλεί</strong></span> <span class='ocrx_word' id='word_1_594' title='bbox 3042 4300 3257 4366; x_wconf 78' lang='grc' dir='ltr'><strong>Ἰακὼϐ,</strong></span> <span class='ocrx_word' id='word_1_595' title='bbox 3291 4301 3367 4365; x_wconf 86' lang='grc' dir='ltr'><strong>ὡς</strong></span> <span class='ocrx_word' id='word_1_596' title='bbox 3396 4300 3489 4354; x_wconf 85' lang='grc' dir='ltr'><strong>καὶ</strong></span> <span class='ocrx_word' id='word_1_597' title='bbox 3518 4301 3627 4372; x_wconf 85' lang='grc' dir='ltr'><strong>τῆς</strong></span> <span class='ocrx_word' id='word_1_598' title='bbox 3661 4305 3779 4359; x_wconf 81' lang='grc' dir='ltr'><strong>τοῦ</strong></span> 
     </span>
    </p>
   </div>
   <div class='ocr_carea' id='block_1_82' title="bbox 473 4391 2072 4469">
    <p class='ocr_par' dir='ltr' id='par_1_82' title="bbox 473 4391 2057 4462">
     <span class='ocr_line' id='line_1_82' title="bbox 473 4391 2057 4462; baseline 0 -15"><span class='ocrx_word' id='word_1_599' title='bbox 473 4391 592 4460; x_wconf 78' lang='lat' dir='ltr'><strong>eab,</strong></span> <span class='ocrx_word' id='word_1_600' title='bbox 627 4399 889 4461; x_wconf 87' lang='lat' dir='ltr'><strong>tanquam</strong></span> <span class='ocrx_word' id='word_1_601' title='bbox 925 4391 1013 4444; x_wconf 90' lang='lat' dir='ltr'><strong>avi</strong></span> <span class='ocrx_word' id='word_1_602' title='bbox 1044 4393 1262 4446; x_wconf 91' lang='lat' dir='ltr'><strong>nomine</strong></span> <span class='ocrx_word' id='word_1_603' title='bbox 1305 4391 1600 4461; x_wconf 89' lang='lat' dir='ltr'><strong>indignos;</strong></span> <span class='ocrx_word' id='word_1_604' title='bbox 1635 4392 1905 4462; x_wconf 70' lang='lat' dir='ltr'><strong>nudaeque</strong></span> <span class='ocrx_word' id='word_1_605' title='bbox 1930 4398 2057 4447; x_wconf 89' lang='lat' dir='ltr'><strong>tan-</strong></span> 
     </span>
    </p>
   </div>
   <div class='ocr_carea' id='block_1_83' title="bbox 2179 4391 3775 4469">
    <p class='ocr_par' dir='ltr' id='par_1_83' title="bbox 2179 4392 3775 4469">
     <span class='ocr_line' id='line_1_83' title="bbox 2179 4392 3775 4469; baseline -0.006 -19"><span class='ocrx_word' id='word_1_606' title='bbox 2179 4397 2509 4469; x_wconf 72' lang='grc' dir='ltr'><strong>προπάτορος</strong></span> <span class='ocrx_word' id='word_1_607' title='bbox 2535 4393 2790 4458; x_wconf 81' lang='grc' dir='ltr'><strong>ἀναξίους</strong></span> <span class='ocrx_word' id='word_1_608' title='bbox 2820 4392 3159 4464; x_wconf 75' lang='grc' dir='ltr'><strong>ἐπωνυμίας,</strong></span> <span class='ocrx_word' id='word_1_609' title='bbox 3180 4394 3277 4446; x_wconf 77' lang='grc' dir='ltr'><strong>καὶ</strong></span> <span class='ocrx_word' id='word_1_610' title='bbox 3302 4392 3460 4464; x_wconf 78' lang='grc' dir='ltr'><strong>ψιλῆς</strong></span> <span class='ocrx_word' id='word_1_611' title='bbox 3486 4393 3584 4447; x_wconf 91' lang='grc' dir='ltr'><strong>τοῦ</strong></span> <span class='ocrx_word' id='word_1_612' title='bbox 3630 4396 3775 4452; x_wconf 76' lang='grc' dir='ltr'><strong>ἰσ-</strong></span> 
     </span>
    </p>
   </div>
   <div class='ocr_carea' id='block_1_84' title="bbox 474 4483 2072 4558">
    <p class='ocr_par' dir='ltr' id='par_1_84' title="bbox 474 4483 2059 4555">
     <span class='ocr_line' id='line_1_84' title="bbox 474 4483 2059 4555; baseline 0.002 -18"><span class='ocrx_word' id='word_1_613' title='bbox 474 4494 591 4538; x_wconf 88' lang='lat' dir='ltr'><strong>tum</strong></span> <span class='ocrx_word' id='word_1_614' title='bbox 680 4484 907 4537; x_wconf 85' lang='lat' dir='ltr'><strong>lsraelis</strong></span> <span class='ocrx_word' id='word_1_615' title='bbox 986 4483 1413 4555; x_wconf 69' lang='lat' dir='ltr'><strong>appellationis,</strong></span> <span class='ocrx_word' id='word_1_616' title='bbox 1462 4484 1825 4553; x_wconf 86' lang='lat' dir='ltr'><strong>corporeique</strong></span> <span class='ocrx_word' id='word_1_617' title='bbox 1902 4485 2059 4541; x_wconf 68' lang='lat' dir='ltr'><strong>ludat</strong></span> 
     </span>
    </p>
   </div>
   <div class='ocr_carea' id='block_1_85' title="bbox 2179 4483 3775 4558">
    <p class='ocr_par' dir='ltr' id='par_1_85' title="bbox 2179 4483 3775 4558">
     <span class='ocr_line' id='line_1_85' title="bbox 2179 4483 3775 4558; baseline -0.006 -17"><span class='ocrx_word' id='word_1_618' title='bbox 2179 4486 2317 4557; x_wconf 81' lang='grc' dir='ltr'><strong>&gt;αὴλ</strong></span> <span class='ocrx_word' id='word_1_619' title='bbox 2345 4486 2718 4558; x_wconf 83' lang='grc' dir='ltr'><strong>προσηγορίας</strong></span> <span class='ocrx_word' id='word_1_620' title='bbox 2740 4484 3093 4555; x_wconf 80' lang='grc' dir='ltr'><strong>μετέχοντας,</strong></span> <span class='ocrx_word' id='word_1_621' title='bbox 3126 4484 3223 4538; x_wconf 80' lang='grc' dir='ltr'><strong>καὶ</strong></span> <span class='ocrx_word' id='word_1_622' title='bbox 3253 4483 3569 4556; x_wconf 68' lang='grc' dir='ltr'><strong>σπέρματος</strong></span> <span class='ocrx_word' id='word_1_623' title='bbox 3596 4486 3775 4543; x_wconf 80' lang='grc' dir='ltr'><strong>Ἰού-</strong></span> 
     </span>
    </p>
   </div>
   <div class='ocr_carea' id='block_1_86' title="bbox 474 4572 2072 4650">
    <p class='ocr_par' dir='ltr' id='par_1_86' title="bbox 474 4572 2050 4647">
     <span class='ocr_line' id='line_1_86' title="bbox 474 4572 2050 4647; baseline 0.001 -18"><span class='ocrx_word' id='word_1_624' title='bbox 474 4573 705 4629; x_wconf 85' lang='lat' dir='ltr'><strong>seminis</strong></span> <span class='ocrx_word' id='word_1_625' title='bbox 785 4573 1104 4643; x_wconf 86' lang='lat' dir='ltr'><strong>participes.</strong></span> <span class='ocrx_word' id='word_1_626' title='bbox 1168 4572 1282 4628; x_wconf 90' lang='lat' dir='ltr'><strong>Hoc</strong></span> <span class='ocrx_word' id='word_1_627' title='bbox 1357 4574 1504 4629; x_wconf 89' lang='lat' dir='ltr'><strong>enim</strong></span> <span class='ocrx_word' id='word_1_628' title='bbox 1580 4590 1645 4629; x_wconf 76' lang='lat' dir='ltr'><strong>ex</strong></span> <span class='ocrx_word' id='word_1_629' title='bbox 1724 4591 1866 4647; x_wconf 84' lang='lat' dir='ltr'><strong>aqua</strong></span> <span class='ocrx_word' id='word_1_630' title='bbox 1958 4575 2050 4631; x_wconf 92' lang='lat' dir='ltr'><strong>di-</strong></span> 
     </span>
    </p>
   </div>
   <div class='ocr_carea' id='block_1_87' title="bbox 2179 4572 3770 4650">
    <p class='ocr_par' dir='ltr' id='par_1_87' title="bbox 2179 4575 3770 4650">
     <span class='ocr_line' id='line_1_87' title="bbox 2179 4575 3770 4650; baseline 0 -16"><span class='ocrx_word' id='word_1_631' title='bbox 2179 4580 2237 4634; x_wconf 71' lang='grc' dir='ltr'><strong>ἳα</strong></span> <span class='ocrx_word' id='word_1_632' title='bbox 2269 4577 2607 4650; x_wconf 81' lang='grc' dir='ltr'><strong>σωματικοῦ.</strong></span> <span class='ocrx_word' id='word_1_633' title='bbox 2641 4576 2814 4631; x_wconf 91' lang='grc' dir='ltr'><strong>Τοῦτο</strong></span> <span class='ocrx_word' id='word_1_634' title='bbox 2839 4576 2948 4647; x_wconf 82' lang='grc' dir='ltr'><strong>γὰρ</strong></span> <span class='ocrx_word' id='word_1_635' title='bbox 2973 4577 3034 4630; x_wconf 79' lang='grc' dir='ltr'><strong>τὸ</strong></span> <span class='ocrx_word' id='word_1_636' title='bbox 3065 4575 3135 4641; x_wconf 78' lang='grc' dir='ltr'><strong>ἐξ</strong></span> <span class='ocrx_word' id='word_1_637' title='bbox 3172 4575 3412 4642; x_wconf 79' lang='grc' dir='ltr'><strong>ὓδατος.</strong></span> <span class='ocrx_word' id='word_1_638' title='bbox 3453 4575 3543 4639; x_wconf 82' lang='grc' dir='ltr'><strong>Ὠς</strong></span> <span class='ocrx_word' id='word_1_639' title='bbox 3582 4576 3770 4646; x_wconf 81' lang='grc' dir='ltr'><strong>βασι-</strong></span> 
     </span>
    </p>
   </div>
   <div class='ocr_carea' id='block_1_88' title="bbox 475 4660 2072 4742">
    <p class='ocr_par' dir='ltr' id='par_1_88' title="bbox 475 4660 2056 4737">
     <span class='ocr_line' id='line_1_88' title="bbox 475 4660 2056 4737; baseline 0.003 -20"><span class='ocrx_word' id='word_1_640' title='bbox 475 4677 612 4717; x_wconf 85' lang='lat' dir='ltr'><strong>cens</strong></span> <span class='ocrx_word' id='word_1_641' title='bbox 677 4660 1033 4730; x_wconf 85' lang='lat' dir='ltr'><strong>significavit.</strong></span> <span class='ocrx_word' id='word_1_642' title='bbox 1086 4660 1289 4715; x_wconf 73' lang='lat' dir='ltr'><strong>ludam</strong></span> <span class='ocrx_word' id='word_1_643' title='bbox 1358 4662 1558 4719; x_wconf 89' lang='lat' dir='ltr'><strong>deinde</strong></span> <span class='ocrx_word' id='word_1_644' title='bbox 1596 4671 1859 4735; x_wconf 89' lang='lat' dir='ltr'><strong>tanquam</strong></span> <span class='ocrx_word' id='word_1_645' title='bbox 1906 4666 2056 4737; x_wconf 84' lang='lat' dir='ltr'><strong>regio</strong></span> 
     </span>
    </p>
   </div>
   <div class='ocr_carea' id='block_1_89' title="bbox 2179 4660 3770 4742">
    <p class='ocr_par' dir='ltr' id='par_1_89' title="bbox 2179 4666 3770 4742">
     <span class='ocr_line' id='line_1_89' title="bbox 2179 4666 3770 4742; baseline -0.005 -16"><span class='ocrx_word' id='word_1_646' title='bbox 2179 4671 2300 4742; x_wconf 63' lang='grc' dir='ltr'><strong>ιικῷ</strong></span> <span class='ocrx_word' id='word_1_647' title='bbox 2329 4670 2385 4724; x_wconf 81' lang='grc' dir='ltr'><strong>δὲ</strong></span> <span class='ocrx_word' id='word_1_648' title='bbox 2419 4670 2568 4738; x_wconf 81' lang='grc' dir='ltr'><strong>γένει</strong></span> <span class='ocrx_word' id='word_1_649' title='bbox 2621 4668 2713 4722; x_wconf 82' lang='grc' dir='ltr'><strong>τὸν</strong></span> <span class='ocrx_word' id='word_1_650' title='bbox 2756 4667 2994 4721; x_wconf 83' lang='grc' dir='ltr'><strong>Ἰούδαν</strong></span> <span class='ocrx_word' id='word_1_651' title='bbox 3041 4666 3373 4737; x_wconf 75' lang='grc' dir='ltr'><strong>ἐπέγραψεν.</strong></span> <span class='ocrx_word' id='word_1_652' title='bbox 3422 4666 3646 4738; x_wconf 83' lang='grc' dir='ltr'><strong>Ὠσπερ</strong></span> <span class='ocrx_word' id='word_1_653' title='bbox 3702 4671 3770 4727; x_wconf 68' lang='grc' dir='ltr'><strong>δι</strong></span> 
     </span>
    </p>
   </div>
   <div class='ocr_carea' id='block_1_90' title="bbox 472 4749 2072 4834">
    <p class='ocr_par' dir='ltr' id='par_1_90' title="bbox 472 4749 2056 4823">
     <span class='ocr_line' id='line_1_90' title="bbox 472 4749 2056 4823; baseline 0.002 -16"><span class='ocrx_word' id='word_1_654' title='bbox 472 4750 662 4821; x_wconf 85' lang='lat' dir='ltr'><strong>generi</strong></span> <span class='ocrx_word' id='word_1_655' title='bbox 684 4749 963 4822; x_wconf 89' lang='lat' dir='ltr'><strong>ascripsit.</strong></span> <span class='ocrx_word' id='word_1_656' title='bbox 1002 4749 1106 4806; x_wconf 88' lang='lat' dir='ltr'><strong>Sed</strong></span> <span class='ocrx_word' id='word_1_657' title='bbox 1139 4750 1304 4822; x_wconf 78' lang='lat'><strong>539</strong></span> <span class='ocrx_word' id='word_1_658' title='bbox 1325 4751 1789 4823; x_wconf 87' lang='lat' dir='ltr'><strong>quemadmodum</strong></span> <span class='ocrx_word' id='word_1_659' title='bbox 1816 4753 1955 4812; x_wconf 88' lang='lat' dir='ltr'><strong>falso</strong></span> <span class='ocrx_word' id='word_1_660' title='bbox 1981 4755 2056 4810; x_wconf 89' lang='lat' dir='ltr'><strong>ita</strong></span> 
     </span>
    </p>
   </div>
   <div class='ocr_carea' id='block_1_91' title="bbox 2179 4749 3768 4834">
    <p class='ocr_par' dir='ltr' id='par_1_91' title="bbox 2179 4757 3768 4834">
     <span class='ocr_line' id='line_1_91' title="bbox 2179 4757 3768 4834; baseline -0.001 -17"><span class='ocrx_word' id='word_1_661' title='bbox 2179 4761 2374 4834; x_wconf 57' lang='grc' dir='ltr'><strong>[ψευδῶς</strong></span> <span class='ocrx_word' id='word_1_662' title='bbox 2407 4761 2657 4830; x_wconf 74' lang='grc' dir='ltr'><strong>ἐλέγοντο</strong></span> <span class='ocrx_word' id='word_1_663' title='bbox 2679 4758 2858 4813; x_wconf 88' lang='grc' dir='ltr'><strong>ταῦτα</strong></span> <span class='ocrx_word' id='word_1_664' title='bbox 2887 4757 2997 4812; x_wconf 83' lang='grc' dir='ltr'><strong>τῶν</strong></span> <span class='ocrx_word' id='word_1_665' title='bbox 3017 4757 3301 4828; x_wconf 79' lang='grc' dir='ltr'><strong>ὀνομάτων</strong></span> <span class='ocrx_word' id='word_1_666' title='bbox 3321 4757 3768 4829; x_wconf 71' lang='grc' dir='ltr'><strong>ὅντεςοάνὰξιοι,</strong></span> 
     </span>
    </p>
   </div>
   <div class='ocr_carea' id='block_1_92' title="bbox 470 4846 2072 4924">
    <p class='ocr_par' dir='ltr' id='par_1_92' title="bbox 470 4846 2055 4922">
     <span class='ocr_line' id='line_1_92' title="bbox 470 4846 2055 4922; baseline 0.004 -21"><span class='ocrx_word' id='word_1_667' title='bbox 470 4848 834 4909; x_wconf 80' lang='lat' dir='ltr'><strong>vocabantur,</strong></span> <span class='ocrx_word' id='word_1_668' title='bbox 872 4846 967 4918; x_wconf 88' lang='lat' dir='ltr'><strong>qtti</strong></span> <span class='ocrx_word' id='word_1_669' title='bbox 1016 4847 1332 4903; x_wconf 79' lang='lat' dir='ltr'><strong>nominibus</strong></span> <span class='ocrx_word' id='word_1_670' title='bbox 1363 4849 1431 4905; x_wconf 90' lang='lat' dir='ltr'><strong>iis</strong></span> <span class='ocrx_word' id='word_1_671' title='bbox 1471 4857 1627 4904; x_wconf 87' lang='lat' dir='ltr'><strong>erant</strong></span> <span class='ocrx_word' id='word_1_672' title='bbox 1673 4849 1918 4922; x_wconf 84' lang='lat' dir='ltr'><strong>indigni:</strong></span> <span class='ocrx_word' id='word_1_673' title='bbox 1972 4851 2055 4907; x_wconf 84' lang='lat' dir='ltr'><strong>sic</strong></span> 
     </span>
    </p>
   </div>
   <div class='ocr_carea' id='block_1_93' title="bbox 2179 4846 3769 4924">
    <p class='ocr_par' dir='ltr' id='par_1_93' title="bbox 2179 4849 3769 4924">
     <span class='ocr_line' id='line_1_93' title="bbox 2179 4849 3769 4924; baseline 0.001 -16"><span class='ocrx_word' id='word_1_674' title='bbox 2179 4854 2333 4918; x_wconf 73' lang='grc' dir='ltr'><strong>»ὒτως</strong></span> <span class='ocrx_word' id='word_1_675' title='bbox 2356 4853 2649 4924; x_wconf 80' lang='grc' dir='ltr'><strong>ὀμνύντες</strong></span> <span class='ocrx_word' id='word_1_676' title='bbox 2669 4851 2769 4905; x_wconf 75' lang='grc' dir='ltr'><strong>καί</strong></span> <span class='ocrx_word' id='word_1_677' title='bbox 2797 4850 3163 4921; x_wconf 76' lang='grc' dir='ltr'><strong>μεμνημένοι</strong></span> <span class='ocrx_word' id='word_1_678' title='bbox 3179 4850 3286 4904; x_wconf 84' lang='grc' dir='ltr'><strong>τοῦ</strong></span> <span class='ocrx_word' id='word_1_679' title='bbox 3306 4849 3452 4907; x_wconf 84' lang='grc' dir='ltr'><strong>Θεοῦ</strong></span> <span class='ocrx_word' id='word_1_680' title='bbox 3471 4850 3769 4922; x_wconf 70' lang='grc' dir='ltr'><strong>Ἰσραὴλ,</strong></span> 
     </span>
    </p>
   </div>
   <div class='ocr_carea' id='block_1_94' title="bbox 472 4931 2072 5019">
    <p class='ocr_par' dir='ltr' id='par_1_94' title="bbox 472 4936 2054 5009">
     <span class='ocr_line' id='line_1_94' title="bbox 472 4936 2054 5009; baseline 0.005 -19"><span class='ocrx_word' id='word_1_681' title='bbox 472 4953 598 4991; x_wconf 78' lang='lat' dir='ltr'><strong>cum</strong></span> <span class='ocrx_word' id='word_1_682' title='bbox 642 4936 923 5009; x_wconf 82' lang='lat' dir='ltr'><strong>jurarent,</strong></span> <span class='ocrx_word' id='word_1_683' title='bbox 960 4936 1155 5008; x_wconf 83' lang='lat' dir='ltr'><strong>Deique</strong></span> <span class='ocrx_word' id='word_1_684' title='bbox 1186 4936 1364 4992; x_wconf 85' lang='lat' dir='ltr'><strong>Israel</strong></span> <span class='ocrx_word' id='word_1_685' title='bbox 1394 4942 1803 4995; x_wconf 85' lang='lat' dir='ltr'><strong>recordarentur</strong></span> <span class='ocrx_word' id='word_1_686' title='bbox 1824 4981 1841 5006; x_wconf 87' lang='lat'><strong>,</strong></span> <span class='ocrx_word' id='word_1_687' title='bbox 1895 4941 2054 4998; x_wconf 87' lang='lat' dir='ltr'><strong>labiis</strong></span> 
     </span>
    </p>
   </div>
   <div class='ocr_carea' id='block_1_95' title="bbox 2179 4931 3771 5019">
    <p class='ocr_par' dir='ltr' id='par_1_95' title="bbox 2179 4931 3771 5019">
     <span class='ocr_line' id='line_1_95' title="bbox 2179 4931 3771 5019; baseline -0.003 -20"><span class='ocrx_word' id='word_1_688' title='bbox 2179 4931 2271 5009; x_wconf 70' lang='grc' dir='ltr'><strong>τοῖς</strong></span> <span class='ocrx_word' id='word_1_689' title='bbox 2307 4945 2543 5015; x_wconf 85' lang='grc' dir='ltr'><strong>χείλεσιν</strong></span> <span class='ocrx_word' id='word_1_690' title='bbox 2577 4942 2738 4997; x_wconf 80' lang='grc' dir='ltr'><strong>αὐτὸν</strong></span> <span class='ocrx_word' id='word_1_691' title='bbox 2782 4942 3006 5012; x_wconf 75' lang='grc' dir='ltr'><strong>ἐτίμων,</strong></span> <span class='ocrx_word' id='word_1_692' title='bbox 3056 4941 3429 5011; x_wconf 83' lang='grc' dir='ltr'><strong>ἀφεστηκότες</strong></span> <span class='ocrx_word' id='word_1_693' title='bbox 3465 4942 3642 4995; x_wconf 78' lang='grc' dir='ltr'><strong>αὐτοῦ</strong></span> <span class='ocrx_word' id='word_1_694' title='bbox 3691 4951 3771 5019; x_wconf 69' lang='grc' dir='ltr'><strong>τῇ</strong></span> 
     </span>
    </p>
   </div>
   <div class='ocr_carea' id='block_1_96' title="bbox 473 5030 2072 5108">
    <p class='ocr_par' dir='ltr' id='par_1_96' title="bbox 473 5030 2055 5105">
     <span class='ocr_line' id='line_1_96' title="bbox 473 5030 2055 5105; baseline 0.003 -20"><span class='ocrx_word' id='word_1_695' title='bbox 473 5034 654 5105; x_wconf 86' lang='lat' dir='ltr'><strong>ipsum</strong></span> <span class='ocrx_word' id='word_1_696' title='bbox 690 5030 1057 5095; x_wconf 84' lang='lat' dir='ltr'><strong>honorabant,</strong></span> <span class='ocrx_word' id='word_1_697' title='bbox 1107 5032 1199 5101; x_wconf 89' lang='lat' dir='ltr'><strong>qui</strong></span> <span class='ocrx_word' id='word_1_698' title='bbox 1233 5031 1398 5088; x_wconf 92' lang='lat' dir='ltr'><strong>corde</strong></span> <span class='ocrx_word' id='word_1_699' title='bbox 1441 5035 1511 5087; x_wconf 90' lang='lat' dir='ltr'><strong>ab</strong></span> <span class='ocrx_word' id='word_1_700' title='bbox 1534 5036 1724 5089; x_wconf 90' lang='lat' dir='ltr'><strong>eodem</strong></span> <span class='ocrx_word' id='word_1_701' title='bbox 1772 5034 1930 5105; x_wconf 89' lang='lat' dir='ltr'><strong>longe</strong></span> <span class='ocrx_word' id='word_1_702' title='bbox 1965 5049 2055 5089; x_wconf 91' lang='lat' dir='ltr'><strong>re-</strong></span> 
     </span>
    </p>
   </div>
   <div class='ocr_carea' id='block_1_97' title="bbox 2179 5030 3768 5108">
    <p class='ocr_par' dir='ltr' id='par_1_97' title="bbox 2179 5033 3768 5108">
     <span class='ocr_line' id='line_1_97' title="bbox 2179 5033 3768 5108; baseline -0.001 -18"><span class='ocrx_word' id='word_1_703' title='bbox 2179 5036 2379 5108; x_wconf 78' lang='grc' dir='ltr'><strong>ιαρδίᾳ,</strong></span> <span class='ocrx_word' id='word_1_704' title='bbox 2405 5036 2500 5089; x_wconf 81' lang='grc' dir='ltr'><strong>καὶ</strong></span> <span class='ocrx_word' id='word_1_705' title='bbox 2527 5035 2706 5106; x_wconf 79' lang='grc' dir='ltr'><strong>μάτην</strong></span> <span class='ocrx_word' id='word_1_706' title='bbox 2745 5034 2964 5087; x_wconf 72' lang='grc' dir='ltr'><strong>ἐδόκουν</strong></span> <span class='ocrx_word' id='word_1_707' title='bbox 2996 5034 3090 5086; x_wconf 71' lang='grc' dir='ltr'><strong>ἐπὶ</strong></span> <span class='ocrx_word' id='word_1_708' title='bbox 3134 5033 3327 5103; x_wconf 81' lang='grc' dir='ltr'><strong>Κυρίῳ</strong></span> <span class='ocrx_word' id='word_1_709' title='bbox 3360 5033 3768 5103; x_wconf 79' lang='grc' dir='ltr'><strong>στηρίζεσθαι,</strong></span> 
     </span>
    </p>
   </div>
   <div class='ocr_carea' id='block_1_98' title="bbox 474 5119 2072 5199">
    <p class='ocr_par' dir='ltr' id='par_1_98' title="bbox 474 5119 2057 5195">
     <span class='ocr_line' id='line_1_98' title="bbox 474 5119 2057 5195; baseline 0.003 -21"><span class='ocrx_word' id='word_1_710' title='bbox 474 5122 629 5189; x_wconf 82' lang='lat' dir='ltr'><strong>moti,</strong></span> <span class='ocrx_word' id='word_1_711' title='bbox 656 5119 974 5191; x_wconf 81' lang='lat' dir='ltr'><strong>frustraque</strong></span> <span class='ocrx_word' id='word_1_712' title='bbox 996 5120 1233 5178; x_wconf 84' lang='lat' dir='ltr'><strong>Domino</strong></span> <span class='ocrx_word' id='word_1_713' title='bbox 1252 5123 1411 5178; x_wconf 89' lang='lat' dir='ltr'><strong>inniti</strong></span> <span class='ocrx_word' id='word_1_714' title='bbox 1434 5123 1781 5192; x_wconf 83' lang='lat' dir='ltr'><strong>videbantur,</strong></span> <span class='ocrx_word' id='word_1_715' title='bbox 1812 5127 1904 5195; x_wconf 93' lang='lat' dir='ltr'><strong>qui</strong></span> <span class='ocrx_word' id='word_1_716' title='bbox 1927 5126 2057 5179; x_wconf 84' lang='lat' dir='ltr'><strong>civi-</strong></span> 
     </span>
    </p>
   </div>
   <div class='ocr_carea' id='block_1_99' title="bbox 2179 5119 3773 5199">
    <p class='ocr_par' dir='ltr' id='par_1_99' title="bbox 2179 5120 3773 5199">
     <span class='ocr_line' id='line_1_99' title="bbox 2179 5120 3773 5199; baseline -0.001 -19"><span class='ocrx_word' id='word_1_717' title='bbox 2179 5125 2512 5196; x_wconf 74' lang='grc' dir='ltr'><strong>ίντεχόμενοι</strong></span> <span class='ocrx_word' id='word_1_718' title='bbox 2537 5125 2767 5190; x_wconf 80' lang='grc' dir='ltr'><strong>πόλεως</strong></span> <span class='ocrx_word' id='word_1_719' title='bbox 2788 5122 3187 5192; x_wconf 79' lang='grc' dir='ltr'><strong>ἀνακειμένης</strong></span> <span class='ocrx_word' id='word_1_720' title='bbox 3215 5120 3385 5193; x_wconf 76' lang='grc' dir='ltr'><strong>αὐτῷ.</strong></span> <span class='ocrx_word' id='word_1_721' title='bbox 3429 5121 3585 5175; x_wconf 77' lang='grc' dir='ltr'><strong>Μετὰ</strong></span> <span class='ocrx_word' id='word_1_722' title='bbox 3640 5126 3773 5199; x_wconf 70' lang='grc' dir='ltr'><strong>γὰρ</strong></span> 
     </span>
    </p>
   </div>
   <div class='ocr_carea' id='block_1_100' title="bbox 472 5213 2072 5286">
    <p class='ocr_par' dir='ltr' id='par_1_100' title="bbox 472 5214 2056 5286">
     <span class='ocr_line' id='line_1_100' title="bbox 472 5214 2056 5286; baseline 0.001 -19"><span class='ocrx_word' id='word_1_723' title='bbox 472 5214 572 5269; x_wconf 79' lang='lat' dir='ltr'><strong>tati</strong></span> <span class='ocrx_word' id='word_1_724' title='bbox 601 5214 778 5272; x_wconf 84' lang='lat' dir='ltr'><strong>cidem</strong></span> <span class='ocrx_word' id='word_1_725' title='bbox 811 5222 1148 5272; x_wconf 78' lang='lat' dir='ltr'><strong>consecrata:</strong></span> <span class='ocrx_word' id='word_1_726' title='bbox 1193 5214 1559 5270; x_wconf 71' lang='lat' dir='ltr'><strong>adltwrebant.</strong></span> <span class='ocrx_word' id='word_1_727' title='bbox 1593 5215 1732 5271; x_wconf 87' lang='lat' dir='ltr'><strong>Sunt</strong></span> <span class='ocrx_word' id='word_1_728' title='bbox 1763 5217 1907 5271; x_wconf 88' lang='lat' dir='ltr'><strong>enim</strong></span> <span class='ocrx_word' id='word_1_729' title='bbox 1931 5222 2056 5286; x_wconf 88' lang='lat' dir='ltr'><strong>post</strong></span> 
     </span>
    </p>
   </div>
   <div class='ocr_carea' id='block_1_101' title="bbox 2179 5213 3773 5286">
    <p class='ocr_par' dir='ltr' id='par_1_101' title="bbox 2179 5213 3773 5286">
     <span class='ocr_line' id='line_1_101' title="bbox 2179 5213 3773 5286; baseline -0.004 -14"><span class='ocrx_word' id='word_1_730' title='bbox 2179 5218 2252 5272; x_wconf 76' lang='grc' dir='ltr'><strong>τὸν</strong></span> <span class='ocrx_word' id='word_1_731' title='bbox 2294 5216 2566 5282; x_wconf 78' lang='grc' dir='ltr'><strong>Ἐζεκίαν,</strong></span> <span class='ocrx_word' id='word_1_732' title='bbox 2598 5215 2899 5286; x_wconf 86' lang='grc' dir='ltr'><strong>Μανασσῆς</strong></span> <span class='ocrx_word' id='word_1_733' title='bbox 2932 5214 3130 5278; x_wconf 80' lang='grc' dir='ltr'><strong>αὐτοὺς</strong></span> <span class='ocrx_word' id='word_1_734' title='bbox 3158 5215 3239 5277; x_wconf 86' lang='grc' dir='ltr'><strong>είς</strong></span> <span class='ocrx_word' id='word_1_735' title='bbox 3271 5215 3451 5266; x_wconf 83' lang='grc' dir='ltr'><strong>πᾶσαν</strong></span> <span class='ocrx_word' id='word_1_736' title='bbox 3479 5213 3773 5273; x_wconf 75' lang='grc' dir='ltr'><strong>ἀσέϐειαν</strong></span> 
     </span>
    </p>
   </div>
   <div class='ocr_carea' id='block_1_102' title="bbox 472 5301 2072 5379">
    <p class='ocr_par' dir='ltr' id='par_1_102' title="bbox 472 5305 2054 5378">
     <span class='ocr_line' id='line_1_102' title="bbox 472 5305 2054 5378; baseline -0.001 -17"><span class='ocrx_word' id='word_1_737' title='bbox 472 5306 728 5363; x_wconf 62' lang='lat' dir='ltr'><strong>Ezechias</strong></span> <span class='ocrx_word' id='word_1_738' title='bbox 781 5313 1052 5377; x_wconf 87' lang='lat' dir='ltr'><strong>tempora,</strong></span> <span class='ocrx_word' id='word_1_739' title='bbox 1090 5308 1143 5361; x_wconf 92' lang='lat' dir='ltr'><strong>in</strong></span> <span class='ocrx_word' id='word_1_740' title='bbox 1175 5307 1326 5361; x_wconf 89' lang='lat' dir='ltr'><strong>omni</strong></span> <span class='ocrx_word' id='word_1_741' title='bbox 1372 5306 1665 5377; x_wconf 87' lang='lat' dir='ltr'><strong>impietatis</strong></span> <span class='ocrx_word' id='word_1_742' title='bbox 1692 5317 1747 5363; x_wconf 88' lang='lat' dir='ltr'><strong>et</strong></span> <span class='ocrx_word' id='word_1_743' title='bbox 1782 5305 2054 5378; x_wconf 84' lang='lat' dir='ltr'><strong>supersti-</strong></span> 
     </span>
    </p>
   </div>
   <div class='ocr_carea' id='block_1_103' title="bbox 2179 5301 3770 5379">
    <p class='ocr_par' dir='ltr' id='par_1_103' title="bbox 2179 5301 3770 5379">
     <span class='ocr_line' id='line_1_103' title="bbox 2179 5301 3770 5379; baseline -0.001 -19"><span class='ocrx_word' id='word_1_744' title='bbox 2179 5306 2407 5378; x_wconf 74' lang='grc' dir='ltr'><strong>Ξτρεψεν,</strong></span> <span class='ocrx_word' id='word_1_745' title='bbox 2451 5306 2544 5359; x_wconf 78' lang='grc' dir='ltr'><strong>καὶ</strong></span> <span class='ocrx_word' id='word_1_746' title='bbox 2598 5306 2657 5359; x_wconf 75' lang='grc' dir='ltr'><strong>ὲν</strong></span> <span class='ocrx_word' id='word_1_747' title='bbox 2684 5304 2835 5376; x_wconf 76' lang='grc' dir='ltr'><strong>αὑτῷ</strong></span> <span class='ocrx_word' id='word_1_748' title='bbox 2888 5302 3216 5376; x_wconf 83' lang='grc' dir='ltr'><strong>καθίδρυσεν</strong></span> <span class='ocrx_word' id='word_1_749' title='bbox 3253 5302 3475 5374; x_wconf 74' lang='grc' dir='ltr'><strong>ἄγαλμα</strong></span> <span class='ocrx_word' id='word_1_750' title='bbox 3502 5301 3584 5374; x_wconf 79' lang='grc' dir='ltr'><strong>τῷ</strong></span> <span class='ocrx_word' id='word_1_751' title='bbox 3615 5303 3770 5379; x_wconf 72' lang='grc' dir='ltr'><strong>θείῳ</strong></span> 
     </span>
    </p>
   </div>
   <div class='ocr_carea' id='block_1_104' title="bbox 473 5396 2072 5473">
    <p class='ocr_par' dir='ltr' id='par_1_104' title="bbox 473 5396 2047 5473">
     <span class='ocr_line' id='line_1_104' title="bbox 473 5396 2047 5473; baseline 0.002 -22"><span class='ocrx_word' id='word_1_752' title='bbox 473 5396 640 5456; x_wconf 85' lang='lat' dir='ltr'><strong>tionis</strong></span> <span class='ocrx_word' id='word_1_753' title='bbox 669 5415 868 5471; x_wconf 80' lang='lat' dir='ltr'><strong>genere</strong></span> <span class='ocrx_word' id='word_1_754' title='bbox 893 5416 991 5471; x_wconf 90' lang='lat' dir='ltr'><strong>per</strong></span> <span class='ocrx_word' id='word_1_755' title='bbox 1020 5399 1328 5458; x_wconf 79' lang='lat' dir='ltr'><strong>blanassem</strong></span> <span class='ocrx_word' id='word_1_756' title='bbox 1379 5400 1624 5470; x_wconf 88' lang='lat' dir='ltr'><strong>educati,</strong></span> <span class='ocrx_word' id='word_1_757' title='bbox 1661 5416 1823 5473; x_wconf 89' lang='lat' dir='ltr'><strong>quem</strong></span> <span class='ocrx_word' id='word_1_758' title='bbox 1857 5402 1913 5455; x_wconf 90' lang='lat' dir='ltr'><strong>in</strong></span> <span class='ocrx_word' id='word_1_759' title='bbox 1946 5415 2047 5454; x_wconf 90' lang='lat' dir='ltr'><strong>au-</strong></span> 
     </span>
    </p>
   </div>
   <div class='ocr_carea' id='block_1_105' title="bbox 2179 5396 3772 5473">
    <p class='ocr_par' dir='ltr' id='par_1_105' title="bbox 2179 5396 3772 5471">
     <span class='ocr_line' id='line_1_105' title="bbox 2179 5396 3772 5471; baseline 0.003 -20"><span class='ocrx_word' id='word_1_760' title='bbox 2179 5399 2295 5470; x_wconf 74' lang='grc' dir='ltr'><strong>ναῷ.</strong></span> <span class='ocrx_word' id='word_1_761' title='bbox 2325 5400 2417 5453; x_wconf 89' lang='grc' dir='ltr'><strong>Διό</strong></span> <span class='ocrx_word' id='word_1_762' title='bbox 2442 5415 2576 5469; x_wconf 67' lang='grc' dir='ltr'><strong>φησι</strong></span> <span class='ocrx_word' id='word_1_763' title='bbox 2608 5398 2749 5470; x_wconf 84' lang='grc' dir='ltr'><strong>πρὸς</strong></span> <span class='ocrx_word' id='word_1_764' title='bbox 2782 5396 3021 5469; x_wconf 46' lang='grc' dir='ltr'><strong>αὐτούς</strong></span> <span class='ocrx_word' id='word_1_765' title='bbox 3064 5415 3083 5449; x_wconf 84' lang='grc' dir='ltr'><strong>ι</strong></span> <span class='ocrx_word' id='word_1_766' title='bbox 3124 5396 3190 5450; x_wconf 82' lang='grc' dir='ltr'><strong>Τί</strong></span> <span class='ocrx_word' id='word_1_767' title='bbox 3234 5396 3269 5467; x_wconf 78' lang='grc' dir='ltr'><strong>ἡ</strong></span> <span class='ocrx_word' id='word_1_768' title='bbox 3317 5397 3670 5471; x_wconf 68' lang='grc' dir='ltr'><strong>ἠγαπημένη</strong></span> <span class='ocrx_word' id='word_1_769' title='bbox 3705 5401 3772 5457; x_wconf 63' lang='grc' dir='ltr'><strong>ἐν</strong></span> 
     </span>
    </p>
   </div>
   <div class='ocr_carea' id='block_1_106' title="bbox 476 3733 2061 3807">
    <p class='ocr_par' dir='ltr' id='par_1_106' title="bbox 476 3733 2061 3807">
     <span class='ocr_line' id='line_1_106' title="bbox 476 3733 2061 3807; baseline 0.001 -17"><span class='ocrx_word' id='word_1_770' title='bbox 476 3736 680 3790; x_wconf 80' lang='lat' dir='ltr'><strong>nomini</strong></span> <span class='ocrx_word' id='word_1_771' title='bbox 713 3736 945 3790; x_wconf 76' lang='lat' dir='ltr'><strong>civitatis</strong></span> <span class='ocrx_word' id='word_1_772' title='bbox 974 3743 1198 3801; x_wconf 79' lang='lat' dir='ltr'><strong>sanette,</strong></span> <span class='ocrx_word' id='word_1_773' title='bbox 1215 3744 1266 3790; x_wconf 86' lang='lat' dir='ltr'><strong>et</strong></span> <span class='ocrx_word' id='word_1_774' title='bbox 1282 3751 1437 3807; x_wconf 81' lang='lat' dir='ltr'><strong>super</strong></span> <span class='ocrx_word' id='word_1_775' title='bbox 1462 3734 1627 3791; x_wconf 83' lang='lat' dir='ltr'><strong>Deum</strong></span> <span class='ocrx_word' id='word_1_776' title='bbox 1651 3733 1825 3791; x_wconf 85' lang='lat' dir='ltr'><strong>Israel</strong></span> <span class='ocrx_word' id='word_1_777' title='bbox 1847 3747 2061 3792; x_wconf 84' lang='lat' dir='ltr'><strong>consta-</strong></span> 
     </span>
    </p>
   </div>
   <div class='ocr_carea' id='block_1_107' title="bbox 477 3827 919 3892">
    <p class='ocr_par' dir='ltr' id='par_1_107' title="bbox 477 3827 919 3892">
     <span class='ocr_line' id='line_1_107' title="bbox 477 3827 919 3892; baseline 0.005 -13"><span class='ocrx_word' id='word_1_778' title='bbox 477 3827 613 3880; x_wconf 79' lang='lat' dir='ltr'><strong>biliti</strong></span> <span class='ocrx_word' id='word_1_779' title='bbox 636 3830 786 3892; x_wconf 70' lang='lat' dir='ltr'><strong>estis,</strong></span> <span class='ocrx_word' id='word_1_780' title='bbox 815 3837 919 3881; x_wconf 89' lang='lat' dir='ltr'><strong>etc.</strong></span> 
     </span>
    </p>
   </div>
   <div class='ocr_carea' id='block_1_108' title="bbox 531 4008 2060 4100">
    <p class='ocr_par' dir='ltr' id='par_1_108' title="bbox 531 4008 2060 4100">
     <span class='ocr_line' id='line_1_108' title="bbox 531 4008 2060 4100; baseline 0.005 -23"><span class='ocrx_word' id='word_1_781' title='bbox 531 4008 845 4095; x_wconf 63' lang='lat' dir='ltr'><strong>Tostquam</strong></span> <span class='ocrx_word' id='word_1_782' title='bbox 877 4023 945 4081; x_wconf 87' lang='lat' dir='ltr'><strong>de</strong></span> <span class='ocrx_word' id='word_1_783' title='bbox 971 4025 1289 4100; x_wconf 84' lang='lat' dir='ltr'><strong>Babyloniis</strong></span> <span class='ocrx_word' id='word_1_784' title='bbox 1332 4026 1549 4083; x_wconf 88' lang='lat' dir='ltr'><strong>locutus</strong></span> <span class='ocrx_word' id='word_1_785' title='bbox 1583 4034 1669 4083; x_wconf 88' lang='lat' dir='ltr'><strong>est</strong></span> <span class='ocrx_word' id='word_1_786' title='bbox 1693 4070 1708 4095; x_wconf 92' lang='lat'><strong>,</strong></span> <span class='ocrx_word' id='word_1_787' title='bbox 1741 4027 1808 4083; x_wconf 85' lang='lat' dir='ltr'><strong>ad</strong></span> <span class='ocrx_word' id='word_1_788' title='bbox 1839 4026 2060 4085; x_wconf 68' lang='lat' dir='ltr'><strong>Iudaeo-</strong></span> 
     </span>
    </p>
   </div>
   <div class='ocr_carea' id='block_1_109' title="bbox 474 4120 2058 4193">
    <p class='ocr_par' dir='ltr' id='par_1_109' title="bbox 474 4120 2058 4193">
     <span class='ocr_line' id='line_1_109' title="bbox 474 4120 2058 4193; baseline -0.001 -16"><span class='ocrx_word' id='word_1_789' title='bbox 474 4139 597 4177; x_wconf 88' lang='lat' dir='ltr'><strong>rum</strong></span> <span class='ocrx_word' id='word_1_790' title='bbox 633 4122 1118 4193; x_wconf 84' lang='lat' dir='ltr'><strong>reprehensionem</strong></span> <span class='ocrx_word' id='word_1_791' title='bbox 1154 4120 1404 4187; x_wconf 86' lang='lat' dir='ltr'><strong>accedit;</strong></span> <span class='ocrx_word' id='word_1_792' title='bbox 1436 4121 1612 4192; x_wconf 88' lang='lat' dir='ltr'><strong>deque</strong></span> <span class='ocrx_word' id='word_1_793' title='bbox 1636 4121 1745 4176; x_wconf 91' lang='lat' dir='ltr'><strong>illis</strong></span> <span class='ocrx_word' id='word_1_794' title='bbox 1783 4136 1862 4188; x_wconf 88' lang='lat' dir='ltr'><strong>se,</strong></span> <span class='ocrx_word' id='word_1_795' title='bbox 1891 4136 2058 4193; x_wconf 89' lang='lat' dir='ltr'><strong>prop-</strong></span> 
     </span>
    </p>
   </div>
   <div class='ocr_carea' id='block_1_110' title="bbox 434 4212 2056 4283">
    <p class='ocr_par' dir='ltr' id='par_1_110' title="bbox 434 4212 2056 4283">
     <span class='ocr_line' id='line_1_110' title="bbox 434 4212 2056 4283; baseline 0.004 -22"><span class='ocrx_word' id='word_1_796' title='bbox 434 4256 440 4261; x_wconf 89' lang='lat'><strong>.</strong></span> <span class='ocrx_word' id='word_1_797' title='bbox 477 4227 563 4269; x_wconf 85' lang='lat' dir='ltr'><strong>ter</strong></span> <span class='ocrx_word' id='word_1_798' title='bbox 587 4212 858 4283; x_wconf 80' lang='lat' dir='ltr'><strong>iustitiam</strong></span> <span class='ocrx_word' id='word_1_799' title='bbox 880 4227 1062 4280; x_wconf 90' lang='lat' dir='ltr'><strong>suam,</strong></span> <span class='ocrx_word' id='word_1_800' title='bbox 1086 4227 1192 4267; x_wconf 92' lang='lat' dir='ltr'><strong>non</strong></span> <span class='ocrx_word' id='word_1_801' title='bbox 1217 4213 1361 4283; x_wconf 82' lang='lat' dir='ltr'><strong>quod</strong></span> <span class='ocrx_word' id='word_1_802' title='bbox 1385 4214 1591 4267; x_wconf 78' lang='lat' dir='ltr'><strong>auxilio</strong></span> <span class='ocrx_word' id='word_1_803' title='bbox 1619 4212 1724 4268; x_wconf 91' lang='lat' dir='ltr'><strong>isto</strong></span> <span class='ocrx_word' id='word_1_804' title='bbox 1745 4213 1894 4282; x_wconf 91' lang='lat' dir='ltr'><strong>digni</strong></span> <span class='ocrx_word' id='word_1_805' title='bbox 1924 4213 2056 4279; x_wconf 88' lang='lat' dir='ltr'><strong>sint,</strong></span> 
     </span>
    </p>
   </div>
   <div class='ocr_carea' id='block_1_111' title="bbox 1778 5568 2446 5630">
    <p class='ocr_par' dir='ltr' id='par_1_111' title="bbox 1778 5568 2446 5630">
     <span class='ocr_line' id='line_1_111' title="bbox 1778 5568 2446 5630; baseline -0.006 0"><span class='ocrx_word' id='word_1_806' title='bbox 1778 5571 2013 5630; x_wconf 71' lang='grc' dir='ltr'><strong>γΑιιυΕ</strong></span> <span class='ocrx_word' id='word_1_807' title='bbox 2039 5568 2446 5629; x_wconf 79' lang='lat' dir='ltr'><strong>LECTIONES.</strong></span> 
     </span>
    </p>
   </div>
   <div class='ocr_carea' id='block_1_112' title="bbox 539 5704 928 5778">
    <p class='ocr_par' dir='ltr' id='par_1_112' title="bbox 539 5704 928 5778">
     <span class='ocr_line' id='line_1_112' title="bbox 539 5704 928 5778; baseline 0.003 -18"><span class='ocrx_word' id='word_1_808' title='bbox 539 5705 569 5750; x_wconf 60' lang='grc' dir='ltr'>ἱ</span> <span class='ocrx_word' id='word_1_809' title='bbox 603 5720 691 5778; x_wconf 69' lang='lat' dir='ltr'><strong>rp.</strong></span> <span class='ocrx_word' id='word_1_810' title='bbox 730 5704 928 5778; x_wconf 72' lang='grc' dir='ltr'><strong>τδίρας.</strong></span> 
     </span>
    </p>
   </div>
  </div>
