3954 6308
196 295 348 362 2449

1303 298 1832 360 COMMENTARII
1869 299 1949 359 ΙΝ
1980 299 2267 361 ISAIAM.

3339 293 3493 361 245a

193 416 285 485 τῷ
314 411 450 483 οἴκῳ
482 426 585 481 μου
617 408 841 481 ἐποίησε
869 402 1144 482 βδέλυγμα
1174 453 1189 479 ,
1228 429 1247 461 s
1307 411 1530 476 πολλαῖς
1559 430 1619 465 τε
1660 430 1789 484 προ-

1919 422 2056 482 gusto
2087 412 2178 468 Dei
2206 406 2415 484 tcmpio
2467 413 2824 470 simulacrum
2871 416 3085 487 erigere
3112 430 3221 470 non
3265 414 3480 484 puduit.

203 506 464 578 φητείαις
515 502 798 558 ὠνείδισεν
832 504 1017 568 αὐτοῖς
1039 502 1137 575 τὴν
1174 501 1456 559 ἀσέϐειαν.
1505 505 1595 558 Διὸ
1641 504 1795 558 πλεί-

206 617 363 663 σταις
395 597 596 659 αὐτοὺς
638 596 779 667 πρὸς
815 596 1100 651 εὐσέϐειαν
1132 596 1401 653 ἀνακαλεῖ
1444 596 1797 670 παρακλήσε-

204 707 318 744 σιν.
351 691 458 742 Καὶ
482 691 510 743 ὁ
536 689 729 760 Σωτηρ
754 687 810 742 δὲ
838 687 1034 753 αὐτοὺς
1065 689 1158 743 ἐπὶ
1191 691 1479 761 σωματικῇ
1508 688 1798 759 συγγενείᾳ

208 778 547 850 φρονοῦντας
579 779 861 850 ὲξήλεγχε,
894 779 1085 848 λέγων’
1117 800 1135 832 ι
1155 782 1217 834 Ei
1240 782 1405 835 τέκνα
1428 780 1524 834 τοῦ
1546 778 1800 850 ’Δϐραὰμ

206 869 335 946 ἦτε,
362 874 433 926 τὰ
460 873 599 944 ἔργα
625 872 721 926 τοῦ
760 871 1015 943 Ἃϐραὰμ
1039 874 1273 926 ἐποιεῖτε
1303 873 1388 927 ἄν.
1421 891 1439 923 ι
1479 871 1589 924 Καὶ
1615 868 1711 924 νῦν
1741 869 1799 924 δὲ

208 963 454 1035 συνεχῶς
485 965 679 1028 αὐτοὺς
706 965 771 1017 ὲκ
798 964 907 1018 τῶν
937 964 1189 1037 πατέρων
1218 963 1408 1028 καλεῖ,
1440 963 1540 1031 τῆς
1573 961 1799 1014 ἐκείνων

211 1055 367 1125 ἄγων
405 1055 689 1119 εὐσεϐείας
735 1056 819 1118 είς
872 1053 1247 1126 μνήμην,,ὡς
1305 1055 1371 1110 ἂν
1418 1052 1693 1115 ἀπωλείας
1725 1051 1800 1122 μὴ

217 1148 437 1211 ἑαυτοῖς
461 1163 518 1200 τε
540 1147 636 1201 καὶ
661 1148 728 1219 τῇ
763 1146 919 1200 πόλει
946 1146 1228 1215 παραίτιοι
1268 1145 1555 1214 γένωνται.
1588 1142 1724 1196 Θεὸν
1743 1141 1801 1196 δὲ

215 1237 492 1291 δείκνυσιν
519 1236 686 1291 αὑτὸν
744 1233 1214 1308 προθεσπίζοντα,
1258 1235 1360 1289 οὐκ
1397 1231 1800 1296 ἐπιδεικτικῶς,

213 1329 339 1384 ἀλλ’
364 1328 588 1397 ὠφελῶν
623 1330 668 1395 ι,
701 1327 791 1383 ἵνα
819 1328 895 1399 μὴ
930 1328 1050 1390 τοῖς
1080 1325 1322 1390 εἰδώλοις
1355 1325 1703 1407 ὲπιγρᾴφωσι
1734 1322 1804 1376 τὰ

214 1421 612 1491 συμϐαίνοντα,
647 1421 742 1475 καὶ
776 1420 854 1484 ὡς
886 1420 952 1474 ἃν
981 1419 1307 1490 προγνόντες
1368 1416 1800 1487 μετανοήσωσιν·

218 1512 457 1582 ἠδύνατο
477 1513 584 1585 γὰρ
605 1512 699 1567 καὶ
723 1511 945 1565 σιωπῶν
965 1508 1385 1582 τιμωρήσασθαι
1405 1506 1801 1569 Βαϐυλωνίους.

218 1607 338 1661 Καὶ
353 1606 431 1678 τῷ
448 1605 649 1677 Φαραὼ
676 1605 786 1676 γὰρ
804 1604 1084 1675 προλέγων
1109 1603 1396 1674 ἐπέφερεν·
1412 1621 1430 1654 ι
1446 1602 1559 1655 Ἵνα
1580 1598 1694 1670 γνῷ
1715 1598 1807 1653 τὸν

215 1696 521 1764 ἐπάγοντα.
549 1714 568 1747 s
594 1694 775 1749 Γνῶτε
807 1691 924 1760 οὖν,
951 1689 996 1749 ὦ
1012 1693 1253 1759 ἄπιστοι,
1283 1693 1471 1766 φησιν,
1494 1692 1569 1758 ὡς
1593 1693 1693 1747 ὅσα
1717 1689 1804 1746 διὰ

1895 508 2071 576 Atque
2114 507 2242 561 hinc
2275 514 2384 572 est,
2420 506 2566 576 quod
2604 523 2699 562 eos
2730 509 2786 562 in
2817 507 2965 563 hunc
2995 509 3218 564 modum
3270 520 3366 576 per
3396 504 3484 561 Je-

1896 598 2124 651 remiam
2150 596 2414 654 Dominus
2447 598 2776 668 alloquitur:
2813 616 2832 649 ι
2869 599 3044 666 Quam
3076 599 3274 654 dilecta
3302 598 3354 650 in
3387 597 3486 650 do-

1898 703 1988 742 mo
2017 703 2137 743 mea
2160 687 2290 745 fecit
2322 689 2788 744 ahominationem
2815 688 2907 742 "?
2948 708 2966 741 ι
3005 687 3243 744 Assidua
3287 688 3487 742 deinde

1900 778 2290 849 prophetarum
2326 793 2460 834 voce
2500 779 2798 848 impietatis
2840 783 3135 836 acdusatos
3176 778 3387 833 crebris
3418 779 3483 831 ad

1903 868 2164 938 pietatem
2192 867 2673 924 exhortationibus
2704 877 2987 939 provocat.
3016 866 3131 924 lmo
3162 882 3293 922 vero
3315 876 3368 922 et
3391 882 3487 921 eos

1902 959 2154 1015 Salvator
2174 959 2313 1030 ipse,
2331 960 2592 1031 quouiam
2616 961 2900 1030 sanguinis
2931 960 3191 1015 aliinitate
3207 958 3489 1029 superbie-

1901 1053 2053 1116 bant,
2088 1059 2202 1108 tum
2232 1052 2514 1124 repressit,
2547 1067 2672 1108 cum
2705 1053 2876 1108 dixit:
2924 1072 2943 1106 ι
2988 1051 3047 1107 Si
3082 1052 3178 1106 lilii
3209 1051 3486 1106 Abraham

1903 1143 2120 1207 essetis,
2156 1158 2321 1213 Opera
2350 1143 2585 1200 Abrahae
2633 1142 2891 1200 faceretis
2921 1144 3021 1199 τ’.»
3062 1141 3129 1196 Ει
3168 1157 3315 1196 nunc
3367 1155 3489 1195 eos-

1903 1230 2026 1287 dem
2053 1233 2253 1303 saepius
2310 1235 2378 1289 de
2430 1243 2648 1304 patrum
2698 1236 2920 1291 nomine
2971 1236 3229 1306 appellat,
3281 1242 3340 1287 ut
3381 1232 3489 1288 illis

1905 1323 2161 1394 pietatem
2193 1326 2435 1395 ipsorum
2462 1325 2519 1380 in
2553 1328 2874 1382 memoriam
2908 1332 3150 1389 revocet,
3177 1339 3244 1379 ne
3272 1324 3376 1379 sibi
3434 1333 3489 1377 et

1905 1415 2112 1471 civitati
2140 1416 2397 1472 interitus
2431 1424 2689 1473 auctores
2716 1432 2839 1473 esse
2883 1402 3135 1489 pergant,
3166 1416 3336 1471 Deum
3362 1430 3491 1469 vero

1907 1507 2152 1563 ostendit
2180 1507 2249 1563 de
2279 1523 2337 1563 se
2371 1516 2519 1574 ante,
2557 1525 2665 1564 non
2710 1509 2778 1564 ad
2811 1508 3260 1573 ostentationem,
3298 1507 3392 1563 sed
3423 1507 3493 1561 ad

1909 1596 2198 1650 utilitatem
2234 1596 2417 1652 futura
2450 1598 2786 1669 praedicere:
2818 1599 3017 1670 partim
3048 1598 3292 1669 quidem,
3330 1606 3388 1652 ut
3410 1611 3495 1652 re»

1907 1704 2031 1743 rum
2069 1698 2321 1745 eventum
2378 1690 2542 1746 idolis
2589 1706 2699 1746 non
2748 1690 3064 1758 ascribant;
3124 1690 3320 1761 partim
3366 1687 3493 1752 vero

220 1789 338 1843 τῶν
352 1760 594 1859 πρόσθεν
617 1786 881 1840 ὲθέσπισα
904 1785 1220 1858 προφητῶν,
1252 1760 1328 1850 ὡς
1346 1760 1436 1849 ἐίς
1464 1785 1632 1847 ἀκοὰς
1663 1784 1797 1837 πολ-

1919 1786 1984 1848 ιιι,
2043 1777 2113 1834 de
2145 1777 2344 1835 futuris
2393 1780 2603 1846 edocti,
2665 1780 3014 1852 resipiscant.
3068 1760 3290 1836 Poterat
3347 1780 3493 1835 enim

220 1880 327 1944 λὰς
355 1882 479 1942 τοὺς
511 1880 707 1946 λὸγους
737 1878 935 1944 ἐλθεῖν,
975 1880 1056 1941 είς
1096 1877 1258 1948 ἔργον
1296 1877 1479 1947 ἐξέϐη.
1522 1877 1659 1930 Θεοῦ
1691 1878 1761 1948 γὰ

223 1952 396 2021 μόνου
424 1950 486 2004 τὸ
527 1949 847 2020 προλέγειν
887 1950 991 2002 καὶ
1046 1948 1225 2018 μάτην
1283 1948 1312 2000 ὁ
1362 1948 1667 2018 Μανασσῆς
1714 1949 1764 2003 δι

224 2041 492 2113 μαντείας
520 2041 719 2095 εἰδέναι
750 2038 1042 2104 σπουδάζει
1064 2038 1134 2092 τὰ
1162 2038 1426 2109 μέλλοντα
1449 2053 1464 2069 ⁸
1495 2038 1532 2093 ἃ
1578 2039 1636 2094 δὲ
1666 2057 1806 2112 προ-

222 2131 391 2203 έφην,
409 2132 596 2204 φησιν,
617 2133 665 2185 εί
688 2132 783 2185 καὶ
799 2130 873 2202 μὴ
895 2128 1245 2209 προσέδοκαςὶ
1263 2169 1279 2196 ,
1304 2129 1421 2184 ἀλλ’
1438 2126 1534 2186 οὖν
1555 2130 1811 2199 ἐξάπινα

222 2226 478 2296 γέγονεν.

1905 1870 2082 1924 etiam-
2110 1877 2299 1926 tacens
2353 1871 2422 1926 de
2479 1870 2806 1944 Babyloniis
2864 1871 3197 1942 supplicium
3254 1886 3492 1926 sumcrc.

1901 1958 2037 2016 Nam
2082 1971 2136 2017 et
2169 1960 2538 2032 Pharaonem,
2584 1979 2709 2022 cum
2755 1965 2820 2021 de
2871 1965 3078 2021 futuris
3131 1971 3401 2027 moneret,
3435 1977 3493 2019 ut

1904 2064 2050 2117 eum,
2086 2052 2180 2122 qui
2233 2052 2445 2110 inducit
2491 2066 2836 2126 agnosceret,
2887 2056 3110 2126 adjecit.
3150 2056 3262 2113 Vos
3298 2054 3492 2124 igitur,

1908 2139 2106 2212 inquit,
2136 2144 2230 2216 qui
2263 2144 2367 2203 [ide
2408 2148 2633 2215 caretis,
2665 2164 2772 2214 me,
2804 2164 3151 2220 quaecunque
3192 2160 3352 2203 antea
3403 2159 3496 2216 per

1909 2234 2207 2306 prophetas
2236 2253 2267 2292 a
2303 2253 2392 2295 me
2434 2240 2695 2310 praedicta
2736 2240 2804 2295 ad
2841 2240 3138 2296 multorum
3179 2253 3342 2293 aures
3378 2251 3500 2307 per-

224 2330 518 2387 venerunt,
551 2336 608 2377 re
665 2320 781 2386 ipsa
808 2321 919 2393 jam
955 2321 1275 2392 praestitisse
1315 2324 1647 2395 cognoscite.
1704 2323 1802 2383 Est
1829 2327 1976 2383 enim
2001 2329 2096 2386 Dei
2131 2339 2342 2390 tantum
2377 2333 2562 2391 futura
2597 2336 2929 2407 praedicere:
2952 2349 3185 2406 quorum
3217 2333 3497 2391 notionem

227 2412 639 2484 pet-«sortilegia
662 2413 896 2482 adipisci
967 2412 1179 2487 frustra»
1242 2414 1525 2473 Manasses
1596 2424 1847 2473 conatur.
1905 2418 1983 2477 Ea
2003 2437 2132 2493 ergo
2178 2441 2300 2496 quae
2345 2426 2596 2498 praedixi,
2638 2428 2837 2499 inquit,
2879 2425 3229 2498 quantumvis
3276 2424 3501 2479 minime

228 2515 607 2576 exspectares,
636 2524 842 2578 repente
882 2517 1063 2565 tamen
1103 2511 1220 2565 ﬁeri
1270 2512 1524 2583 contigit.

306 2601 571 2669 Πρότερα
597 2600 655 2654 δέ
685 2619 828 2664 τινες
852 2602 950 2672 τὴν
975 2604 1349 2673 αἰχμαλωσίαν
1376 2607 1658 2676 εἰρήκασι,
1698 2608 1818 2678 μεθ’
1849 2603 1857 2610 ’

228 2687 304 2766 ην
360 2694 476 2746 ἐστι
531 2692 601 2746 τὰ
663 2695 730 2764 τῇ
784 2693 1107 2765 Βαϐυλωνίᾳ
1142 2693 1428 2765 συμϐάντα
1485 2696 1657 2751 δεινά.
1724 2698 1821 2762 Ὣς

231 2790 486 2862 ἀκαμπεῖ
509 2791 589 2859 δὲ,
616 2792 771 2863 φησι,
803 2792 896 2846 καὶ
916 2791 1256 2863 ἀναισχύντῳ
1280 2792 1588 2860 προεῖπον,
1617 2792 1822 2863 καίπερ

232 2880 417 2947 εἰδὼς,
452 2882 528 2946 ὡς
560 2883 655 2936 καὶ
690 2881 864 2947 οὕτως
899 2883 1145 2947 είδώλοις
1176 2884 1277 2954 τὴν
1313 2884 1422 2937 τῶν
1459 2884 1817 2955 συμϐησομέ-

230 2990 346 3026 νων
377 2972 736 3037 Βαϐυλωνίοις
760 2973 1089 3045 ἐπιγράψεις
1122 2974 1325 3028 αἰτίαν.
1374 2975 1549 3041 Ἐπεὶ,
1578 2975 1673 3029 καὶ
1719 2975 1820 3046 τῆς

244 3065 607 3136 Ἰερουσαλὴμ
661 3064 919 3135 ἀλούσης,
966 3068 1022 3119 αί
1062 3065 1497 3135 περιλειφθείσαι
1541 3068 1815 3135 γυναῖκες,

231 3157 540 3220 κωλύοντος
601 3156 862 3229 Ἰερεμίου
913 3156 1193 3235 κατελθεῖν
1242 3159 1322 3220 είς
1363 3156 1461 3229 τὴν
1517 3157 1816 3225 Αἴγυπτον,

230 3247 613 3318 ἀνθυπέφερον
635 3267 649 3281 ο
694 3249 914 3320 Ἐπειδὴ
944 3249 1258 3319 διελίπομεν
1292 3248 1522 3302 θύουσαι
1549 3250 1616 3321 τῇ
1669 3248 1820 3319 βασι-

230 3339 403 3411 λίσσῃ
429 3340 521 3393 τοῦ
548 3339 806 3412 ούρανοῦ,
837 3341 1073 3411 ἐπῆλθεν
1102 3341 1186 3412 ἐφ’
1208 3342 1359 3411 ἡμᾶς
1381 3340 1562 3394 πάντα
1589 3340 1656 3394 τὰ
1680 3340 1824 3394 κακὰ

233 3432 434 3485 ταῦτα.
465 3434 554 3485 Διὸ
584 3432 680 3486 καὶ
724 3432 1095 3503 δυσχεραίνων
1127 3430 1407 3503 Ἱερεμίας
1440 3430 1577 3502 φησι
1597 3445 1613 3463 ο
1649 3451 1668 3485 ι
1713 3431 1826 3486 Κύ-

236 3538 350 3593 ριε,
379 3523 428 3574 οί
454 3522 725 3594 ὀφθαλμοί
751 3540 846 3576 σου
881 3525 960 3588 είς
996 3522 1200 3578 πίστιν.
1262 3522 1681 3594 Ἐμαστίγωσας
1729 3523 1826 3575 αὐ-

231 3611 389 3676 τοὺς,
419 3613 514 3666 καὶ
538 3614 637 3666 οὐκ
657 3614 949 3686 ἐπόνησαν.
977 3615 1341 3678 Συνετέλεσας
1366 3616 1585 3681 αὐτοὺς,
1609 3615 1704 3669 καί⁵
1723 3614 1826 3669 οὐκ

234 3704 514 3775 ἠθέλησαν
542 3704 800 3771 δέξασθαι
831 3706 1098 3761 παιδείαν.
1141 3726 1160 3758 ι
1200 3707 1330 3760 Ἰδοὺ
1372 3706 1553 3761 τοίνυν
1575 3747 1588 3773 ,
1623 3708 1825 3779 καίπερ

232 3795 358 3848 ὄντι
393 3795 641 3867 τοιούτῳ,
674 3796 1054 3869 φιλάνθρωπος
1084 3797 1181 3863 ὢν,
1220 3797 1470 3867 προλέγω
1501 3798 1569 3850 τὰ
1614 3796 1825 3870 συμϐη-

238 3887 448 3955 σόμενα
481 3890 594 3951 τοῖς
624 3889 882 3958 μέλλουσί
918 3906 979 3942 σε
1015 3889 1472 3960 καταπολεμῆσαι
1511 3889 1822 3954 Χαλδαίοις,

236 3979 322 4040 ὡς
368 3979 434 4031 ἂν
480 3978 600 4032 τότε
652 3978 848 4050 βοηθὸν
884 3980 977 4034 τὸν
1011 3982 1347 4052 προειπόντα
1390 3979 1696 4045 καλέσειας.
1730 3982 1822 4054 Μὴ

238 4062 340 4120 οὖν
368 4067 586 4131 ἀπάτας
637 4071 802 4124 αὐτὸν
850 4071 877 4111 ι
927 4071 1118 4140 λέγων,
1148 4071 1225 4135 ὡς
1278 4070 1372 4125 καὶ
1413 4070 1520 4143 πρὸ
1564 4072 1659 4142 τῆς
1683 4074 1824 4144 ὲμῆς

240 4162 586 4231 προφητείας
611 4162 833 4216 εἴδωλά
849 4180 932 4216 σοι
952 4163 1313 4231 ἐνετείλατο,
1332 4162 1477 4217 τοῦτ’
1503 4163 1653 4218 ἐστιν
1676 4166 1830 4236 ἠπεί-

238 4253 444 4322 λησαν,
468 4254 502 4324 ἢ
530 4254 999 4325 προαπήγγειλαν,
1027 4256 1103 4320 ὡς
1135 4256 1276 4310 αύτά
1326 4273 1385 4309 σε
1419 4255 1685 4312 κακώσει.
1732 4259 1829 4312 Διὰ

240 4343 421 4399 ταῦτα
464 4346 573 4417 γὰρ
631 4346 811 4400 πείσει
848 4346 867 4385 ι
914 4346 1121 4411 κακῶς,
1153 4349 1342 4418 ὅτιπερ
1401 4348 1645 4413 ἀποστὰς
1692 4350 1828 4420 ὲμοῦ

241 4437 588 4507 προσετέθης
627 4439 832 4502 αὐτοῖς.
872 4440 1017 4510 Πλὴν
1041 4439 1195 4493 οὐδέν
1225 4457 1286 4493 σε
1310 4441 1371 4493 τὸ
1400 4439 1687 4511 προλέγειν
1712 4442 1829 4513 ὀνή-

1993 2606 2133 2666 Sunt
2157 2626 2286 2668 vero
2319 2613 2409 2684 qui
2443 2615 2683 2684 priorum
2743 2614 2966 2670 nomine
3000 2612 3370 2684 captivitatem
3413 2612 3501 2667 in-

1922 2700 2017 2756 nui
2050 2703 2239 2769 velint,
2288 2712 2578 2776 postquam
2622 2705 2726 2760 illae
2758 2706 2890 2777 ipsa:
2932 2706 3273 2761 calamitates
3321 2706 3498 2761 conti-

1922 2804 2138 2863 gerunt,
2188 2811 2311 2866 quae
2353 2796 2683 2869 Babylonios
2720 2804 3061 2854 invaserunt.
3104 2796 3330 2864 Deinde,
3386 2806 3500 2852 tan-

1924 2899 2086 2954 quam
2129 2887 2196 2943 de
2233 2890 2567 2955 contumaci,
2614 2889 2839 2959 prwdixi
2893 2888 3117 2944 verbum
3173 2888 3497 2959 usurpavit;

1923 2980 2309 3046 quantumvis,
2350 2981 2559 3051 inquit,
2599 2990 2664 3035 et
2701 2996 2894 3036 eorum
2930 2987 2984 3036 te
3033 2995 3255 3035 causam
3297 2980 3499 3044 etian't,

1925 3079 2047 3134 quae
2077 3066 2393 3138 Babyloniis
2418 3078 2684 3125 eventura
2713 3078 2916 3134 essent,
2944 3068 3107 3123 idolis
3133 3068 3501 3136 ascripturam

1925 3170 2048 3212 esse
2082 3172 2188 3211 non
2232 3158 2588 3229 ambigerem.
2635 3158 2973 3230 Expugnatis
3022 3158 3088 3212 ad
3151 3157 3264 3211 haec
3311 3155 3504 3211 Hiero-

1924 3245 2172 3316 solymis,
2195 3262 2322 3302 cum
2353 3249 2680 3319 superstites
2706 3247 2943 3304 feminas
2977 3249 3033 3303 in
3061 3246 3356 3317 Egyptum
3398 3247 3500 3299 mi-

1924 3351 2080 3406 grare
2107 3344 2311 3392 vetaret
2348 3337 2618 3394 Jeremias
2647 3357 2663 3406 ;
2698 3340 2802 3394 illae
2841 3338 3005 3411 550
3033 3348 3246 3405 contra,
3297 3355 3359 3394 ex
3393 3355 3503 3409 quo

1923 3429 2125 3500 reginae
2159 3432 2283 3486 cceli
2325 3432 2639 3489 sacriﬁcare
2674 3433 2974 3498 desierant,
3019 3434 3073 3487 in
3120 3449 3180 3488 se
3223 3433 3364 3487 mala
3400 3433 3504 3488 ista

1924 3514 2109 3573 o'mnia
2154 3520 2444 3578 devenisse
2489 3523 2895 3593 responderunt
2927 3541 2940 3578 :
2974 3523 3118 3579 unde
3148 3530 3204 3578 et
3236 3523 3325 3577 illa
3362 3538 3507 3594 aegre
3540 3514 3551 3524 ’

1926 3606 2152 3664 ferentis
2189 3611 2471 3682 prophetae
2493 3606 2692 3677 verba,
2721 3629 2843 3683 quae
2878 3615 2932 3669 in
2977 3614 3124 3669 hunc
3170 3616 3391 3669 modum
3427 3614 3507 3669 1ο-

1924 3700 2105 3771 gimus
2154 3721 2236 3757 επ(
2274 3703 2523 3769 Domine,
2564 3705 2707 3761 oculi
2751 3706 2831 3760 tui
2879 3707 2937 3761 in
2987 3706 3146 3760 [idem
3198 3706 3505 3777 Flagellasti

1925 3807 2041 3857 eos,
2089 3792 2266 3863 neque
2309 3795 2715 3851 laboraverunt.
2767 3796 3174 3855 Consummasti
3226 3815 3345 3862 eos.
3405 3816 3505 3857 nec

1925 3885 2219 3940 voluerunt
2247 3886 2546 3942 admittere.
2577 3887 2924 3958 disciplinam
2955 3888 3022 3945 ⁷⁸.
3066 3910 3085 3943 ι
3134 3890 3276 3948 Ecce
3316 3892 3503 3962 igitur,

1927 3979 2278 4045 quantumvis
2307 3984 2361 4033 te
2391 3979 2554 4034 talem
2598 3981 2919 4050 praebueris,
2954 3996 3055 4050 pro
3094 3997 3212 4038 mea
3245 3983 3298 4037 in
3328 3984 3506 4038 homi—

1927 4080 2029 4120 nes
2079 4065 2480 4133 benevolentia,
2520 4066 2811 4134 Chalda’is,
2851 4067 2946 4139 qui
2986 4076 3041 4124 te
3088 4068 3232 4125 bello
3284 4086 3507 4141 supera-

1930 4157 2036 4212 turi
2078 4165 2227 4223 sunt,
2268 4158 2429 4228 longe
2453 4166 2581 4215 aute
2606 4157 2793 4214 futura
2822 4160 3088 4215 denuntio
3117 4170 3177 4215 ut
3198 4177 3322 4217 eum
3352 4171 3502 4228 tunc,

1929 4264 1960 4303 a
1991 4265 2100 4320 quo
2135 4250 2238 4305 ista
2272 4251 2369 4305 tibi
2401 4251 2664 4322 prmdicta
2707 4259 2857 4320 sunt,
2899 4254 2956 4309 in
3004 4255 3268 4309 auxilium
3310 4269 3507 4309 vocare

1929 4342 2265 4399 memineris.
2290 4341 2425 4398 Vide
2451 4344 2638 4415 itaque
2658 4360 2726 4401 ne
2754 4344 3067 4417 decipiaris,
3093 4334 3189 4403 tibi
3221 4347 3507 4420 istaprius

1929 4435 2096 4502 idola,
2114 4450 2277 4508 quam
2310 4452 2399 4493 me
2428 4439 2713 4494 mandasse
2736 4455 2758 4505 ;
2785 4438 2840 4493 id
2872 4446 2958 4496 cst
2978 4441 3061 4496 vel
3086 4441 3336 4496 minitata
3361 4457 3506 4506 esse.

248 4543 417 4581 σειεν.
456 4529 539 4582 Οὐ
566 4528 769 4597 γνώσῃ
798 4528 1092 4599 γὰρ,τοῦτ’
1122 4530 1291 4596 ἔστιν,
1326 4530 1386 4583 οὐ
1426 4532 1631 4603 γενήσῃ
1671 4532 1818 4602 σοφὸς

1936 4528 2020 4583 vel
2055 4528 2396 4598 praedixisse,
2429 4538 2487 4585 ut
2523 4539 2575 4586 te
2602 4541 2889 4598 vexarent,
2919 4533 3175 4590 allerens.
3203 4533 3330 4590 ideo
3361 4536 3507 4589 cnim

241 4623 315 4692 τῇ
358 4621 493 4692 πρὸς
521 4622 582 4676 τὸ
608 4627 853 4695 κρεῖττον
886 4624 1158 4695 μεταϐολῇ
1188 4665 1202 4689 ,
1252 4625 1328 4697 μὴ
1366 4626 1674 4699 περιμένων
1718 4625 1828 4681 τῶν

246 4726 335 4763 σοι
365 4712 880 4781 προαπειλουμένων
921 4713 983 4766 τὸ
1028 4714 1200 4775 τέλος.
1239 4714 1531 4771 ’Λκουστά
1587 4733 1670 4768 σοι
1717 4732 1830 4769 τοι-
1876 4740 1882 4745 ι

243 4800 454 4869 γαροῦν
496 4802 756 4869 ἐποίησα
772 4805 844 4858 τὰ
867 4803 1063 4860 καινά.
1095 4805 1282 4859 Καινὰ
1316 4806 1428 4876 γὰρ
1448 4801 1553 4878 ἦν,
1587 4807 1695 4878 πρὸ
1732 4806 1826 4861 τοῦ

245 4893 509 4960 γενέσθαι
556 4893 844 4966 λεγόμενα.
910 4898 1138 4968 Πάσχων
1198 4898 1379 4953 τοίνυν
1424 4900 1502 4969 μὴ
1531 4899 1716 4973 λέξῃς,
1751 4902 1829 4965 ὡς

247 4983 393 5054 Πρὶν
442 4985 639 5041 παθεῖν
693 4988 794 5040 οὐκ
847 4989 1104 5058 ἀκήκοα,
1134 4990 1334 5062 ἦγουν,
1393 4977 1475 5045 ὅτι
1516 4994 1830 5064 Προέγνων

252 5078 378 5147 μὲν,
408 5077 523 5130 ἀλλ’
554 5078 612 5146 ἐξ
641 5079 903 5134 είδὼυίων
938 5081 1145 5151 μαθών.
1178 5084 1253 5136 Oti
1296 5084 1404 5155 γὰρ
1446 5084 1636 5154 ἔγνως
1676 5085 1829 5139 οὐδὲν

249 5167 389 5237 πρὶν
421 5169 521 5238 ἐμὲ
557 5169 739 5239 λέγειν
773 5172 946 5226 αὐτά·
982 5172 1187 5242 ούγὰρ
1220 5176 1498 5247 πεποίηκά
1543 5194 1625 5229 σοι
1672 5176 1831 5231 τοῦτο

250 5259 390 5329 παρ’
424 5259 612 5330 ἐτέρου
657 5263 952 5331 γνωστόν.
1003 5264 1136 5318 Ἰδοὺ
1174 5265 1231 5318 δέ
1265 5282 1326 5318 σε
1377 5265 1528 5319 καλῶ
1575 5267 1670 5321 καὶ
1701 5268 1829 5339 πρὶν

248 5349 555 5420 ἀπειθῆσαι
573 5352 942 5424 παράνομον.
970 5354 1045 5408 Δι’
1072 5354 1208 5408 αύτδ
1237 5357 1347 5429 γάρ
1380 5373 1439 5410 σε
1486 5358 1580 5411 καὶ
1631 5356 1827 5427 φθάσει

1935 4620 2075 4677 male
2111 4622 2425 4692 excipieris,
2471 4624 2617 4693 quod
2658 4639 2744 4679 me
2771 4624 3033 4680 derelicto
3069 4626 3138 4681 ad
3167 4642 3230 4682 ea
3269 4631 3508 4683 transie-

1932 4711 2029 4767 ris.
2082 4710 2269 4783 Neque
2312 4721 2497 4767 tamen
2527 4714 2628 4768 tibi
2663 4714 2960 4784 quidquam
2992 4716 3277 4786 profutura
3306 4725 3392 4772 est
3435 4716 3512 4771 fu-

1933 4810 2181 4859 turorum
2214 4805 2513 4874 praedictio.
2552 4805 2678 4860 Non
2707 4807 2857 4878 enim.
2885 4822 3204 4878 cognosces;
3247 4822 3312 4862 ac
3346 4810 3392 4862 si
3425 4809 3510 4861 di-

1933 4901 2081 4948 ceret
2112 4911 2123 4947 :
2156 4893 2275 4948 Non
2317 4895 2538 4964 sapiens
2579 4894 2675 4950 lies
2705 4898 2823 4966 ipsa
2872 4897 3172 4951 mutatione
3202 4896 3256 4950 in
3291 4897 3509 4959 melius,

1935 4985 2030 5056 qui
2064 4985 2276 5044 tristem
2312 5001 2496 5041 rerum
2541 4987 2776 5053 exitum,
2823 5003 2943 5061 qua:
2990 4988 3084 5043 tibi
3140 4987 3511 5058 praedicuntur

1934 5091 2043 5131 non
2073 5085 2383 5147 exspectes.
2417 5075 2617 5130 Audita
2648 5064 2832 5149 itaque
2878 5079 2981 5146 Ieci
3022 5079 3119 5133 tibi
3159 5096 3314 5133 nova.
3357 5077 3511 5133 Nova

1935 5168 2080 5224 enim
2128 5176 2307 5234 erant,
2354 5183 2476 5239 quae
2517 5176 2646 5225 ante
2686 5166 3032 5234 dicebantur,
3083 5185 3246 5240 quam
3298 5171 3511 5237 tierent.

1933 5260 2072 5318 Cum
2100 5277 2230 5332 ergo
2254 5262 2500 5331 patieris,
2525 5278 2591 5317 ne
2608 5271 2660 5318 te
2682 5264 2835 5333 prius
2856 5279 2963 5318 non
2984 5262 3252 5318 audivisse
3269 5262 3508 5327 dixeris;

1936 5355 2020 5411 vel
2069 5355 2115 5410 si
2165 5356 2443 5423 praescisse
2484 5356 2664 5420 dicas,
2719 5355 2787 5411 ab
2834 5354 2993 5411 idolis
3042 5354 3321 5412 didicisse.
3364 5353 3510 5413 Nhil

331 5488 380 5520 "
408 5487 611 5546 Jercm.
637 5505 715 5559 xl,
746 5491 835 5548 15.
912 5492 960 5525 ’⁷
983 5490 1142 5549 Joan.
1168 5508 1287 5562 Vill,
1313 5492 1404 5549 59.
1495 5493 1758 5551 πίοι-ειη.
1787 5512 1839 5566 v,
1874 5479 1929 5558 εἰ

1545 5607 1780 5667 VARIE
1811 5610 2220 5669 LECTIONES.

360 5724 374 5765 ί
412 5744 502 5798 γρ.
530 5726 844 5800 ὠφελίμως.
925 5729 937 5779 i
979 5745 1073 5798 γρ.
1106 5727 1464 5805 προσεδόκας.
1546 5729 1572 5769 ιι
1604 5744 1692 5801 γρ.
1721 5722 1903 5787 ἀπάτα
1931 5729 2144 5787 σαυτόν.
2232 5735 2248 5777 l
2280 5746 2370 5803 γρ.
2394 5728 2581 5804 πείσῃ.
