3954 6308
512 208 648 277 4451
1035 282 1045 292 ,
1814 222 2171 282 PROCOPII
2212 223 2455 292 GAZ/EI
3654 231 3804 295 2L5!

510 323 659 376 enim
692 322 917 379 omnino
955 326 1279 399 priusquam
1308 320 1705 399 renuntiarem,
1738 348 2057 402 cugnoveras
2074 349 2090 396 ;

2197 333 2306 385 τῶν
2334 333 2757 404 προρρηθέντων
2788 335 2850 389 τὸ
2873 335 3047 405 τέλος,
3074 337 3148 404 ὡς
3175 337 3242 395 ὲκ
3271 340 3546 411 γενέσεως
3579 345 3646 397 ὲν
3670 345 3801 400 ἀσε-

513 427 694 481 neque
735 417 828 472 tibi
862 418 1011 475 istud
1044 435 1145 491 ego
1185 421 1416 477 aliorum
1446 438 1611 494 opera
1656 426 1927 495 cognitum
1966 439 2089 480 esse
2197 422 2320 495 ϐείᾳ
2348 426 2646 494 τραφέντα.

512 505 687 560 volui.
723 506 836 561 lmo
870 525 996 566 esse
1030 519 1081 566 te
1103 512 1291 579 etiam,
1324 515 1646 585 priusquam
1711 530 1743 570 a
1809 516 1914 571 fide
1979 514 2262 585 contingat
2336 517 2617 581 recedere,
2661 517 2900 587 iniquam
2939 523 3267 588 praenuntio.
3311 524 3397 579 Ob
3442 523 3503 580 id
3548 525 3710 581 enim
3743 536 3796 581 te

511 611 722 701 rerum,
745 615 868 671 quae
892 602 1168 672 praedictae
1211 613 1362 673 sunt,
1392 609 1572 663 exitus
1596 606 1760 661 etiam
1823 613 2146 673 antevertet,
2224 606 2370 676 quod
2435 622 2465 660 a
2536 609 2812 665 natalibus
2872 611 3011 681 ipsis
3055 612 3113 667 in
3182 614 3464 686 impietate
3523 618 3795 675 educatus

509 702 609 744 Bis.

581 802 681 858 Est
720 804 887 875 igitur
931 808 1000 864 ab
1049 808 1394 865 humanitate
1443 811 1689 882 profecta
1734 827 2089 882 rerum,qu:e

509 894 609 955 tibi
646 906 926 955 eventura:
952 906 1105 965 sunt,
1151 900 1459 972 praedictio.
1510 900 1646 956 Nam
1685 908 1741 956 et
1778 908 1830 956 te
1857 916 1982 956 cum
2028 901 2084 955 in

507 991 753 1046 hostium
805 998 1132 1061 potestatem
1183 992 1407 1058 tradidi,
1462 991 1514 1045 id
1567 1006 1786 1062 quoque
1831 992 1888 1047 in
1936 1000 2087 1048 tuam

506 1099 624 1139 rem
661 1082 766 1139 feci
809 1101 824 1137 :
858 1099 969 1139 non
1000 1099 1111 1155 quo
1143 1080 1297 1141 more
1320 1085 1518 1151 solent,
1540 1085 1633 1155 qui
1668 1091 1736 1140 ad
1775 1099 1930 1140 suam
1967 1092 2087 1138 tan-

506 1181 626 1230 tum
657 1174 945 1231 utilitatem
988 1176 1311 1247 respiciunt.
1344 1175 1481 1230 Eum
1502 1176 1646 1232 enim
1680 1189 1923 1246 persaepe
1946 1174 2086 1231 solet

509 1266 733 1324 erudire
756 1267 1008 1333 afﬂictio,
1053 1269 1142 1323 cui
1178 1269 1315 1324 nihil
1344 1269 1411 1324 ad
1436 1268 1876 1339 resipiscentiam
1909 1268 2088 1324 oratio

504 1360 735 1433 profuit.
773 1362 954 1433 Atque
988 1361 1117 1416 hinc
1161 1369 1269 1428 est,
1298 1362 1394 1427 ait,
1422 1361 1568 1431 quod
1602 1361 1842 1418 hostiutn
1867 1360 1966 1416 tibi
1993 1375 2088 1415 ca-

505 1451 781 1509 lamitates
829 1451 1094 1523 praedixi;
1127 1459 1188 1506 ut
1222 1450 1468 1522 undique
1494 1452 1563 1507 ad
1589 1451 1803 1523 frugem
1853 1460 1906 1508 te
1938 1466 2091 1508 revo-

507 1558 715 1611 carem,
767 1543 1093 1610 minitando,
1147 1554 1460 1612 metumque
1522 1550 1579 1598 et
1626 1542 1870 1599 dolorem
1930 1542 2088 1597 incu-

504 1633 717 1697 tiendo,
743 1632 930 1688 futura
959 1633 1126 1689 etiam
1151 1630 1531 1705 praedicendo;
1565 1631 1620 1687 in
1656 1632 1963 1688 libertatem
1992 1631 2089 1688 de-

504 1723 711 1794 nique,
749 1723 845 1794 qui
884 1738 1040 1779 meus
1076 1734 1162 1778 est
1214 1723 1271 1778 in
1326 1730 1380 1777 te
1422 1736 1579 1777 amor
1611 1720 1933 1787 asserendo,
1988 1721 2093 1776 bo-

505 1824 732 1888 stesque
763 1816 1112 1884 ulciscendo;
1140 1816 1233 1886 qui
1264 1816 1319 1868 in
1351 1829 1527 1871 meam
1563 1814 1909 1871 divinitatem
1941 1814 2094 1870 blas-

2268 808 2478 864 Οὐκοῦν
2506 810 2594 864 διὰ
2631 810 3042 882 φιλανθρωπίαν
3083 815 3192 871 τῶν
3228 817 3315 873 σοι
3348 820 3794 892 συμϐησομένων

2197 904 2231 973 ἠ
2263 902 2589 974 πρόρρησις.
2632 904 2747 958 Καὶ
2773 906 3102 975 παραδιδούς
3128 926 3189 962 σε
3228 911 3359 981 γὰρ,
3407 913 3504 965 ἐπ’
3548 914 3793 987 ὠφελείᾳ

2196 994 2512 1066 παρέδωκα,
2562 996 2663 1066 οὐχ
2715 997 2792 1060 ὡς
2820 998 2886 1053 ἄν
2932 1015 3021 1064 τις
3047 1001 3189 1073 ἀνὴρ
3216 1004 3353 1075 πρὸς
3406 1004 3548 1059 [διον
3596 1008 3793 1077 κέρδος

2194 1085 2358 1158 ὀρῶν.
2393 1086 2646 1141 Παιδεύει
2675 1088 2783 1159 γὰρ
2806 1088 2918 1144 ἔσθ’
2937 1091 3029 1144 ὅτε
3053 1093 3246 1159 πάθος,
3278 1095 3339 1147 ὃν
3362 1097 3465 1149 οὐκ
3490 1098 3792 1152 ἐπαίδευσε

2195 1178 2373 1247 λόγος.
2405 1178 2484 1232 Δι’
2516 1179 2632 1232 ὅσοι
2661 1189 2703 1218 ιι
2730 1182 2823 1233 καὶ⁸
2870 1181 2980 1236 τῶν
3023 1185 3297 1254 πολεμίων
3346 1188 3448 1252 τὰς
3494 1190 3793 1261 συμφορὰς

2195 1267 2616 1338 προηγόρευσα,
2662 1272 3002 1340 πανταχόθεν
3038 1275 3388 1347 ἐπιστρέφων
3416 1317 3433 1342 ,
3458 1279 3709 1349 ἀπειλῆς
3740 1290 3790 1346 ι,

2195 1359 2291 1414 καὶ
2311 1358 2493 1431 φόϐῳ,
2540 1359 2635 1415 καὶ
2678 1360 2886 1426 πάθους
2932 1365 3120 1438 πείρᾳ,
3150 1368 3246 1420 καὶ
3267 1368 3503 1438 δυνάμει
3540 1387 3791 1439 προαγο-

2196 1450 2458 1523 ρεύσεως,
2483 1454 2550 1523 τῇ
2577 1454 2707 1525 περὶ
2730 1454 2791 1507 σὲ
2823 1456 3212 1531 φιλανθρωπίᾳ
3236 1459 3297 1513 σέ
3318 1477 3379 1513 τε
3428 1460 3597 1515 πάλιν
3632 1461 3791 1516 ἐλευ-

2194 1543 2390 1615 θερῶν,
2443 1547 2540 1599 καὶ
2588 1546 2716 1611 τοὺς
2749 1547 2980 1620 ἐχθροὺς
3008 1550 3447 1622 τιμωρούμενος,
3483 1554 3584 1606 καὶ
3632 1564 3681 1618 ⁸,
3711 1554 3790 1608 ὅτι

2186 1635 2287 1707 τὴν
2322 1636 2463 1707 ἐμὴν
2489 1637 2880 1710 ἐϐλασφήμουν
2907 1638 3163 1712 θεότητα,
3205 1641 3307 1713 τὴν
3346 1643 3473 1697 καθ’
3510 1645 3678 1714 ὑμῶν
3710 1647 3792 1699 νί-

2189 1741 2295 1795 κην
2324 1728 2440 1790 τοῖς
2468 1725 2621 1790 ίδίοις
2652 1726 2795 1791 θεοῖς
2824 1729 3246 1800 ἐπιγράφοντες,
3288 1743 3321 1784 P
3347 1733 3450 1803 τὴν
3481 1733 3586 1788 τοῦ
3634 1734 3789 1799 ὅνους

2191 1817 2318 1885 τοῖς
2349 1819 2452 1872 οὐκ
2473 1813 2594 1873 οὖσι
2625 1819 2977 1890 χαριζόμενοι
2999 1821 3213 1887 δόξαν.
3247 1823 3526 1894 Κάμινον
3551 1825 3611 1878 δὲ
3638 1843 3789 1879 πτω-

504 1886 891 1980 phemi,quarn
917 1909 987 1965 de
1008 1909 1164 1964 vobis
1186 1907 1367 1981 adepti
1387 1913 1518 1966 sunt
1536 1905 1822 1963 victoriam
1839 1905 1947 1962 diis
1971 1905 2088 1963 suis

2197 1912 2387 1981 χείας,
2411 1910 2505 1965 τὸν
2543 1886 2714 1966 adacti
2752 1886 2855 1982 τῆς
2893 1886 3140 1978 δουλείας
3168 1886 3463 1984 ἐκάλεσεν,
3502 1918 3567 1969 ἐν
3610 1910 3659 1984 ᾧ
3682 1919 3789 1980 τοῖς

505 2001 821 2069 ascribunt;
866 2008 923 2056 et
950 2001 1071 2070 ejus
1117 1999 1276 2073 54],
1308 1999 1404 2072 qui
1438 2008 1543 2066 est,
1583 2000 1837 2069 gloriam,
1870 2000 1937 2054 iis
1991 2001 2087 2071 qui

503 2107 616 2150 non
654 2101 783 2150 sunt
843 2094 1147 2164 indulgent.
1193 2091 1494 2148 Fornacem
1523 2101 1705 2148 autem
1732 2095 2084 2165 paupertatis,

504 2187 797 2243 servitutis
836 2187 1018 2241 locum
1051 2187 1308 2257 appellat,
1347 2186 1404 2241 in
1440 2200 1550 2257 quo
1587 2200 1703 2253 eos,
1735 2187 1831 2257 qui
1868 2186 1936 2241 ad
1965 2200 2086 2241 eam

505 2278 689 2334 adacti
761 2287 913 2345 sunt,
965 2279 1132 2335 etiam
1183 2279 1481 2334 mendicare
1543 2293 1772 2335 necesse
1828 2277 1923 2334 sit.
1988 2277 2088 2333 His

504 2370 707 2428 deinde
732 2372 912 2428 verbis
936 2373 1179 2444 seipsum
1198 2370 1453 2429 lsraelem
1482 2371 1779 2428 vendidisse
1803 2371 1960 2438 dicit,
1991 2369 2086 2440 qui

502 2464 566 2520 in
595 2464 807 2535 argenti
837 2463 1018 2519 locum
1060 2478 1159 2519 sua
1191 2464 1309 2534 ipse
1339 2473 1562 2533 peccata
1597 2464 1952 2521 concesserit.
1978 2458 2088 2517 Ne-

507 2571 617 2627 que
646 2557 815 2621 enim,
843 2556 1042 2624 inquit,
1062 2566 1286 2628 propter
1329 2557 1527 2612 virium
1555 2573 1798 2613 mearum
1835 2556 2083 2613 imbecil-

501 2646 717 2702 litatem
763 2646 1051 2719 premeris,
1089 2646 1184 2717 qui
1216 2660 1339 2718 qua:
1373 2649 1429 2702 in
1465 2647 1701 2719 Egypto
1732 2658 1885 2719 gesta
1933 2657 2085 2713 sunt,

500 2739 563 2797 in
592 2746 744 2795 tuam
773 2739 1077 2795 libertatem
1109 2740 1466 2810 patraverim.
1505 2740 1612 2795 Sed
1645 2747 1903 2810 quaerunt
1940 2754 2087 2795 non-

501 2833 667 2901 nulli,
698 2833 792 2905 qui
828 2848 888 2889 se
916 2849 1051 2887 nova
1072 2832 1261 2903 fecisse
1282 2840 1515 2898 asserat,
1535 2848 1680 2898 cum,
1721 2832 1952 2903 docente
1981 2832 2088 2886 Ec-

505 2922 782 2992 clesiaste,
801 2923 938 2979 nihil
973 2938 1177 2983 novum
1206 2924 1310 2985 sub
1338 2922 1481 2979 coelo
1509 2923 1581 2978 sit
1602 2925 1671 2977 ⁷³.
1689 2920 1898 2977 Christi
1920 2921 2088 2993 igitur

502 3017 856 3089 mysterium,
917 3015 1076 3087 longe
1116 3031 1205 3085 ea,
1231 3031 1355 3087 quae
1387 3017 1656 3080 cernitur,
1687 3022 1942 3071 creatura
1972 3027 2087 3068 ma-

502 3108 617 3178 ius,
642 3109 788 3180 quod
819 3124 848 3163 a
873 3108 1040 3165 Paulo
1067 3110 1231 3164 etiam
1256 3107 1640 3164 absconditum
1675 3106 1991 3162 nominatur
2013 3104 2084 3170 3°,

505 3200 797 3257 intellexit.
823 3201 1062 3271 Indeque
1097 3200 1265 3255 verba
1306 3200 1432 3263 ista,
1464 3215 1624 3268 neque
1658 3199 1724 3252 ab
1754 3199 1908 3252 initio
1930 3213 2086 3252 aures

510 3300 633 3346 tua:
672 3292 881 3361 aperui,
913 3289 1184 3354 adiunxit.
1217 3290 1499 3359 Apostolis
1533 3289 1703 3353 enim,
1745 3296 1806 3343 ut
1835 3287 2089 3356 Scriptu-

503 3398 601 3439 ras
629 3381 1017 3452 intelligerent,
1046 3395 1201 3433 aures
1232 3378 1486 3435 Christus
1536 3378 1742 3448 aperuit
1775 3393 1793 3432 :
1826 3391 1948 3447 quae
1975 3385 2087 3433 tum

507 3474 729 3529 demum
784 3471 945 3527 nobis
984 3471 1342 3541 aperiuntur,
1393 3484 1515 3525 cum
1556 3477 1618 3525 et
1648 3484 1804 3525 mens
1846 3468 1988 3540 ipsa,
2032 3476 2091 3523 ut

505 3565 849 3622 frustra-non
882 3563 1128 3629 audiant,
1165 3571 1461 3621 reseratur.
1502 3561 1733 3627 Deinde,
1766 3562 1888 3617 novi
1920 3560 2085 3627 enim,

506 3656 710 3728 inquit,
744 3656 885 3728 quod
911 3656 1370 3727 pravaricabcris,
1414 3655 1648 3726 ideoque
1695 3651 1966 3710 occultavi
1989 3694 2005 3719 ,
2040 3658 2092 3706 et

2193 2001 2538 2057 δουλεύουσιν
2558 2004 2654 2057 καὶ
2685 2005 3020 2073 πτωχεύειν
3045 2006 3279 2076 ἀνάγκη.
3311 2007 3391 2060 Δι’
3417 2000 3496 2061 ὧν
3518 2007 3580 2060 δὲ
3615 2008 3785 2075 λέγει,

2196 2095 2471 2150 δείκνυσι
2523 2092 2617 2147 τὸν
2659 2094 2872 2166 Ἰσραὴλ
2920 2095 3112 2152 ἑαυτὸν
3150 2097 3500 2167 πεπρακότα,
3530 2097 3655 2150 ἀντ’
3688 2097 3786 2164 ἀρ-

2196 2187 2404 2257 γυρίου
2431 2185 2532 2249 τὰς
2557 2184 2754 2240 ἑαυτοῦ
2786 2186 3089 2258 προέμενον
3118 2187 3416 2260 ἁμαρτίας.
3448 2189 3530 2242 Οὐ
3559 2189 3630 2242 δι’
3652 2188 3786 2260 ἐμὴν

2194 2276 2306 2346 γὰρ
2334 2275 2629 2346 ὑπομένεις
2671 2276 2959 2331 ἀσθένειαν
2994 2278 3088 2332 τοῦ
3122 2278 3194 2333 τὰ
3233 2279 3293 2333 ὲν
3335 2278 3610 2347 Αἰγύπτῳ
3655 2279 3787 2350 πρὸς

2193 2368 2292 2439 τὴν
2319 2366 2418 2438 σὴν
2438 2366 2752 2438 ἐλευθερίαν
2768 2368 3047 2444 δραματου
3056 2372 3381 2442 ργήσαντος.
3399 2373 3526 2438 Πῶς
3556 2373 3618 2428 δὲ
3635 2371 3786 2442 λέγει

2194 2458 2610 2527 πεποιηκέναι,
2637 2460 2781 2514 καθα
2836 2463 2969 2531 φασί
2995 2479 3164 2527 τινες,
3195 2465 3393 2532 καινὰ,
3419 2466 3518 2520 τοῦ
3564 2467 3788 2539 Ἐκκλη-

2195 2548 2533 2624 σιασ[τικ]οῦ’
2552 2550 2824 2619 λέγοντος,
2851 2553 2963 2606 Καὶ
2999 2554 3150 2607 οὐδὲν
3195 2556 3415 2622 καινόν;
3438 2556 3516 2611 Τὸ
3546 2557 3786 2630 Χριστοῦ

2192 2644 2371 2703 τοίνυν
2397 2644 2547 2710 λέγει
2585 2644 2887 2714 μυστήριον
2920 2645 3107 2716 μεῖζον
3142 2646 3242 2718 τῆς
3270 2648 3567 2720 δρωμένης
3611 2651 3787 2723 ὑπάρ-

2192 2750 2288 2805 χον
2314 2733 2564 2799 κτίσεως,
2600 2733 2630 2787 θ
2656 2733 2753 2788 καὶ
2784 2736 3283 2808 ἀποκεκρυμμένον
3308 2741 3339 2791 ὁ
3364 2736 3587 2803 Παῦλος
3610 2740 3783 2795 καλεῖ.

2195 2828 2289 2882 Διό
2313 2842 2496 2898 φησιν,
2525 2826 2676 2882 Οὔτε
2700 2826 2770 2892 ἐξ
2793 2828 2985 2897 ἀρχῆς
3017 2828 3234 2897 ἢνοιξά
3257 2844 3374 2886 σου
3397 2831 3473 2886 τὰ
3498 2828 3647 2888 ὦτα.
3669 2832 3788 2888 Τῶν

2193 2921 2302 2992 γὰρ
2348 2919 2667 2974 ἀποστόλων
2728 2920 2964 2991 Χριστὸς
3012 2922 3220 2989 ἤνοιξε
3252 2924 3327 2977 τὰ
3381 2918 3507 2979 ὦτα
3539 2926 3684 2994 πρὸς
3730 2924 3787 2978 τδ

2195 3012 2438 3065 συνιέναι
2467 3009 2565 3074 τὰς
2587 3010 2832 3083 Γραφάς.
2874 3011 3178 3080 Ἀνοίγεται
3207 3013 3267 3067 δὲ
3295 3015 3366 3069 τὰ
3393 3009 3534 3081 ὦτα,
3570 3015 3664 3068 ὅτε
3696 3015 3787 3069 καὶ

2194 3102 2338 3166 νοῦς.
2369 3102 2445 3155 Οὐ
2467 3101 2580 3173 γὰρ
2613 3102 2792 3173 μάτην
2822 3103 3033 3158 ἀκούει.
3061 3104 3290 3174 Ἕγνων
3308 3105 3441 3177 γὰρ,
3477 3108 3671 3177 φησὶν,
3699 3106 3784 3160 ὅτι

2194 3194 2529 3262 ἀθετήσεις,
2560 3193 2641 3247 διὸ
2666 3194 2762 3248 καὶ
2782 3194 3016 3265 ἔκρυψα,
3043 3196 3145 3250 καὶ
3185 3196 3413 3268 ἄνομος
3453 3199 3524 3252 ἐκ
3554 3201 3786 3264 κοιλίας

2194 3285 2516 3356 κληθήσῃ·
2565 3283 2788 3357 δηλαδὴ,
2824 3289 2891 3358 τῇ
2941 3288 3274 3359 προγνώσει.
3316 3290 3508 3356 Οὕτως
3549 3294 3785 3364 ἀπηλλο-

2193 3376 2508 3448 τριώθησαν
2533 3377 2584 3431 οἱ
2616 3375 2933 3448 ἁμαρτωλοὶ
2960 3379 3070 3434 ἀπὸ
3096 3382 3337 3453 μήτρας.
3365 3383 3616 3449 Ἐπαθες
3646 3385 3693 3438 δ’
3723 3385 3785 3439 ἂν

2195 3466 2291 3520 καὶ
2324 3465 2724 3538 πανωλεθρίαν,
2754 3466 2872 3520 ἀνθ’
2899 3461 2976 3522 ὧν
2996 3486 3118 3538 μου
3142 3470 3260 3539 τὴν
3282 3471 3476 3536 δόξαν
3512 3473 3780 3544 ἀνέθηκας

2194 3556 2468 3628 δαίμοσιν,
2492 3558 2542 3609 εί
2565 3556 2641 3627 μὴ
2670 3558 2740 3611 δι’
2767 3559 2937 3630 αὐτήν
2959 3577 3081 3629 μου
3107 3558 3225 3630 τὴν
3242 3561 3437 3628 δόξαν
3468 3564 3781 3634 φανησομέ·

2195 3665 2296 3720 νην
2323 3649 2417 3704 ἐπὶ
2456 3648 2703 3721 σωτηρίᾳ
2733 3648 2829 3704 τοῦ
2854 3650 3087 3723 κόσμου.

506 3756 722 3827 ῧαὶοιιιιε
760 3769 827 3809 ea:
862 3762 1014 3811 utero
1063 3753 1381 3817 vocaberis)
1419 3751 1762 3823 prtenotione
1806 3749 2090 3805 nimirum.
2130 3744 2250 3812 Quo
2328 3744 2495 3800 modo
2545 3745 2766 3801 alienati
2812 3755 2965 3814 sunt,
3014 3748 3108 3818 qui
3155 3762 3187 3802 a
3234 3750 3395 3806 vulva
3462 3761 3780 3822 peccatores

508 3852 869 3911 exsistunt".
905 3851 1034 3909 ideo
1065 3859 1246 3908 autem
1278 3849 1499 3921 penitus
1531 3849 1697 3904 etiam
1746 3845 2081 3909 interiisses,
2121 3841 2265 3913 quod
2300 3840 2534 3912 gloriam
2564 3856 2739 3896 meam
2783 3840 3126 3907 daemonibus
3151 3844 3481 3912 attribuisti,
3551 3846 3667 3901 nisi
3732 3852 3778 3901 et

505 3950 631 4022 ipsa
667 3958 742 4016 te,
785 3962 907 4020 quat
937 3948 996 4003 in
1027 3946 1217 4003 ntundi
1249 3945 1481 4002 salutem
1507 3949 1803 4014 operatura
1832 3948 1938 4008 est,
1969 3939 2144 4011 gloria
2174 3953 2292 3992 mea
2315 3937 2622 3992 liberasset.

581 4058 743 4131 M2
758 4055 927 4114 Vens.
943 4055 1127 4111 ιε-εε.
1145 4054 1293 4110 Audi
1307 4070 1407 4121 me,
1432 4051 1622 4120 Iacob,
1645 4060 1696 4108 et
1715 4050 1908 4118 Israel,
1932 4065 2083 4118 quem

509 4168 603 4223 ego
630 4167 776 4206 voco.
819 4149 930 4221 Ego
962 4165 1079 4204 sum
1108 4150 1334 4219 primus,
1363 4157 1412 4201 et
1442 4162 1533 4217 ego
1559 4162 1677 4200 sum
1714 4146 1769 4199 in
1808 4142 2084 4212 sempiter—

508 4261 658 4311 num,
704 4251 754 4298 et
803 4256 995 4296 manus
1036 4255 1155 4293 mea
1201 4237 1447 4308 [undavit
1499 4244 1718 4301 terram,
1778 4242 1829 4287 et
1864 4233 2086 4287 dextera

508 4353 630 4392 mea
661 4334 921 4411 stabilivit
949 4333 1158 4388 calum.
1191 4330 1333 4385 Voca
1361 4346 1470 4394 eos,
1507 4338 1558 4383 et
1590 4334 1806 4383 stabunt
1837 4325 2017 4392 simul,
2039 4332 2090 4378 et

511 4426 970 4502 congregabantur
995 4440 1197 4489 omnes,
1218 4429 1269 4476 et
1293 4420 1532 4486 audient,
1567 4431 1675 4476 etc.

2265 4047 2451 4119 ιβοκβ’.
2480 4047 2700 4103 Ἀκουέ
2726 4065 2848 4117 μου
2882 4089 2898 4115 ,
2946 4049 3185 4116 Ἰακὼβ,
3246 4050 3347 4105 καὶ
3393 4049 3667 4119 Ἰσραὴλ,
3719 4048 3783 4103 ὃν

2186 4141 2303 4213 ἐγὼ
2340 4139 2524 4197 καλῶ.
2565 4139 2710 4209 Ἐγώ
2751 4142 2869 4209 ειμι
2903 4139 3173 4208 πρῶτος,
3230 4141 3330 4194 καὶ
3374 4140 3492 4210 ἐγώ
3530 4144 3651 4209 είμι
3704 4143 3780 4206 είς

2187 4228 2298 4282 τὸν
2323 4225 2528 4281 αἰῶνα.
2569 4226 2679 4280 Kal
2710 4226 2748 4295 ἠ
2792 4226 2923 4296 χείρ
2956 4244 3078 4296 μου
3106 4227 3467 4296 ὲθεμελίωσε
3511 4222 3654 4292 γῆν,
3692 4228 3780 4279 καὶ

2189 4318 2230 4386 ἠ
2277 4317 2448 4382 δεξιά
2492 4335 2612 4387 μου
2661 4317 2994 4386 ἐστερέωσε
3031 4319 3140 4373 τὸν
3193 4319 3478 4386 οὐρανόν.
3540 4318 3782 4372 Καλέσω

2194 4410 2438 4476 αὐτοὺς,
2468 4408 2568 4463 καὶ
2611 4409 2946 4475 στήσονται
2979 4409 3124 4479 ἅμα,
3161 4408 3258 4463 καί
3288 4408 3781 4478 συναχθήσονται

2204 4504 2447 4570 πάντες,
2472 4503 2573 4558 καί
2596 4504 2984 4569 ἀκούσονται,
3010 4521 3066 4559 κ.
3101 4521 3153 4559 τ.
3183 4504 3235 4557 λ.

587 4627 980 4701 Superioribus
1000 4627 1057 4683 in
1085 4624 1318 4681 infames
1349 4621 1626 4680 lsraelitas
1658 4621 1964 4692 usurpatis,
2001 4620 2090 4674 hic

2272 4619 2353 4674 Τὰ
2400 4618 2593 4690 πρῶτα
2635 4620 2748 4683 τοῖς
2799 4617 3245 4691 διαϐεϐλημένοις
3306 4617 3502 4680 εἰπὼν,
3556 4614 3781 4669 ἐνταῦθα

509 4723 626 4794 jam
654 4734 780 4777 cum
812 4718 1000 4791 probis
1029 4724 1086 4774 et
1116 4715 1366 4772 honestis
1395 4714 1641 4785 disputat
1676 4732 1689 4767 :
1732 4712 1968 4781 indeque
1984 4719 2093 4776 est,

508 4812 662 4889 quod
694 4828 848 4885 quem
869 4827 963 4883 ego
986 4809 1165 4875 vocavi
1190 4807 1418 4873 addidit,
1447 4822 1546 4877 pro
1562 4821 1673 4877 quo
1702 4813 1920 4860 vocatus
1951 4818 2099 4856 meus

512 4905 917 4980 Symmachus;
956 4902 1185 4974 Aquilas
1218 4908 1402 4957 autem
1448 4908 1629 4955 vocate
1676 4898 1772 4963 mi,
1829 4896 2096 4966 interpre-

512 5003 725 5053 tantur.
753 4994 928 5050 Erant
959 4990 1104 5048 enim
1134 5005 1202 5046 ex
1238 5005 1428 5046 eorum
1469 5005 1700 5045 numero
1747 4986 1919 5042 vocati
1968 4985 2094 5055 quin

515 5104 636 5146 cem
667 5086 948 5161 permulti,
971 5085 1131 5141 electi
1153 5092 1335 5139 autem
1377 5082 1532 5139 valde
1562 5081 1746 5153 pauci.
1776 5078 1880 5135 Sed
1913 5078 2003 5132 hic
2025 5078 2091 5133 de

516 5180 741 5248 vocatis,
766 5194 879 5236 non
905 5178 974 5234 de
995 5176 1187 5235 electis
1217 5175 1451 5230 habetur
1477 5173 1802 5245 disputatio.
1828 5170 1936 5226 Eos
1968 5184 2100 5225 vero

520 5273 589 5331 ad
617 5288 733 5334 suae
756 5273 922 5331 etiam
958 5269 1267 5328 divinitatis
1304 5266 1717 5324 meditationem
1752 5262 1914 5336 553
1952 5263 2097 5318 invi-

591 5408 639 5443 ”
668 5405 850 5466 Eccle.
883 5422 923 5473 ι,
952 5404 1039 5461 10.
1115 5404 1163 5437 ⁸⁸
1195 5402 1414 5462 Coloss.
1448 5417 1488 5469 ι,
1527 5402 1619 5457 26.
1696 5401 1739 5434 ⁸³
1763 5398 1909 5455 Psal.
1939 5412 2071 5465 un,
2097 5399 2153 5454 4.

2198 4713 2312 4775 τοῖς
2355 4709 2713 4781 κατορθοῦσιν
2761 4709 2820 4776 ἐξ
2862 4709 3079 4781 Ἰσραὴλ
3125 4708 3455 4779 διαλέγεται.
3493 4708 3588 4761 Διὸ
3616 4706 3779 4777 πρὸς·

2197 4818 2374 4857 κειται
2422 4802 2503 4866 τὸ,
2546 4801 2618 4855 ὃν
2640 4802 2928 4856 ἐκάλεσα.
2971 4802 3116 4856 Ἄνθ⁹
3160 4796 3224 4857 οὗ
3270 4802 3573 4873 Σύμμαχος
3602 4801 3726 4870 μὲν,
3753 4802 3781 4852 ὁ

2194 4893 2417 4960 κλητός
2430 4909 2572 4961 μου,
2617 4892 2845 4956 Ἀκύλας
2888 4892 2965 4959 δὲ,
3005 4891 3191 4961 κλητέ
3212 4909 3356 4962 μου,
3398 4890 3581 4960 φασίν.
3610 4885 3783 4942 *Ησαν

2193 4986 2302 5053 γὰρ
2328 4982 2391 5047 ἐξ
2443 4983 2654 5036 ἐκείνου
2688 4981 2875 5035 πολλοὶ
2904 4985 3115 5049 κλητοί
3141 5024 3157 5049 ,
3191 4982 3373 5051 ὀλίγοι
3420 4980 3477 5032 δὲ
3517 4978 3779 5033 ἐκλεκτοί.

2194 5077 2339 5148 Πλὴν
2363 5079 2461 5131 οὐκ
2491 5076 2761 5141 ἐκλεκτοὶ,
2794 5076 2930 5147 πρὸς
2965 5075 3063 5141 οὓς
3104 5079 3133 5131 ὁ
3177 5075 3357 5144 λόγος,
3383 5073 3524 5129 ἀλλὰ
3552 5074 3781 5140 κλητοί-

2223 5156 2663 5236 Ὑπομιμνήσκεί
2679 5165 2736 5217 δὲ
2768 5164 2965 5228 αὐτοὺς
2988 5164 3082 5217 καὶ
3114 5162 3216 5233 τῆς
3253 5159 3450 5215 ἑαυτοῦ
3480 5156 3781 5227 θεολογίας.

2207 5257 2441 5330 ἄναρχον
2465 5256 2656 5311 ἑαυτὸν
2683 5255 2881 5326 λέγων.
2914 5254 2989 5309 Τὸ
3016 5253 3125 5326 γὰρ
3157 5253 3251 5309 τοῦ
3278 5252 3514 5324 πρώτου
3543 5238 3782 5321 πρεσϐύ-

1783 5540 2019 5597 VARUS
2059 5537 2359 5596 LECTION
2368 5538 2469 5593 ES.

591 5665 626 5689 "
656 5678 753 5737 γρ.
780 5659 863 5715 διό
882 5676 985 5730 σοι,
1012 5659 1167 5732 φησί.
1241 5671 1272 5701 τι
1313 5678 1404 5733 γρ.
1445 5660 1717 5743 ἀπειλαῖς.
1745 5660 1779 5734 ἢ
1807 5659 2026 5732 ἀπειλῇ.
2106 5668 2132 5699 ο
2160 5658 2264 5731 ἀφ.
2291 5657 2405 5714 καί.
2479 5628 2642 5712 λεια.
2673 5652 2761 5711 τον.
2787 5650 2904 5709 καί.
