3954 6308
107 286 258 347 2ίῖι3

1212 279 1760 342 COMMENTARII
1786 279 1870 342 IN
1907 278 2202 341 ISAIAM.

3239 268 3387 332 2154

112 410 296 466 τερον,
325 390 419 446 καὶ
446 391 808 463 ἀτελεύτητον
837 388 1173 455 ἀκολούθως.
1205 384 1282 447 Οῦ
1309 391 1534 463 γὰρούκ
1562 390 1708 447 ἔστιν

1824 399 1914 459 .at,
1943 406 2069 447 eum
2111 404 2170 446 se
2206 387 2537 460 principium
2561 402 2670 441 non
2701 385 2903 442 habere
2922 381 3213 454 signiﬁcat.
3252 380 3387 435 Nam

116 483 289 555 ἀρχὴ,
319 481 439 537 οὐδὲ
474 480 649 546 τέλος.

191 748 373 818 Ὅπερ
390 748 439 800 oi
465 746 645 800 λοιποὶ
661 745 949 818 δηλοῦντες
971 726 1261 812 ἐξέδωκαν,
1281 742 1429 818 Ἐγὼ
1453 744 1704 816 πρῶτος,

127 840 224 894 καὶ
245 839 362 909 ἐγὼ
385 835 666 907 ἐσχατοςι
702 840 931 910 Εἴρηται
954 838 1009 891 δέ
1038 855 1142 891 που
1171 838 1304 910 περὶ
1333 834 1427 892 τοῦ
1462 840 1708 909 Μονογε-

121 930 271 997 νοῦς,
321 924 406 983 ὅτι
440 948 459 981 ι
485 930 657 993 Αὐτός
700 932 849 984 ἐστιν
880 928 908 983 6
972 926 1192 999 πρῶτος
1220 929 1311 983 καὶ
1344 931 1372 981 ὁ
1401 929 1649 1002 ἔσχατος.
1687 949 1706 981 ι

128 1024 195 1076 Ὅ
235 1022 565 1094 διεσάφησεν
611 1014 1000 1087 είπὼν,”Εζων
1045 1023 1140 1075 καὶ
1181 1023 1449 1094 ἐγενόμην
1498 1024 1711 1095 νεκρός.

136 1111 310 1182 Ἀρχὴ
357 1110 469 1181 γάρ
519 1112 639 1163 ἐστι
676 1110 825 1180 ζωῆς
873 1111 903 1163 ὁ
945 1110 1129 1175 αὐτὸς,
1179 1113 1272 1164 καὶ
1309 1110 1558 1182 ἔσχατος,
1593 1113 1716 1165 ἐπεὶ

123 1200 392 1256 ἐκένωσεν
442 1200 637 1254 ἑαυτὸν
697 1201 915 1271 μορφὴν
965 1200 1156 1253 δούλου
1209 1201 1413 1256 λαϐὼν.
1461 1201 1612 1273 “Attat
1658 1203 1716 1255 δὲ

122 1293 220 1346 καὶ
254 1294 336 1356 είς
365 1292 673 1363 ἀνάμνησιν
696 1292 897 1355 αὐτοὺς
922 1291 1184 1363 ἀναφέρει
1217 1292 1313 1361 τῆς
1347 1291 1596 1362 δοθείσης
1618 1295 1718 1347 αὓ-

122 1384 240 1446 τοῖς
266 1383 439 1453 τιμῆς
470 1401 531 1435 τε
580 1382 676 1437 καὶ
724 1382 902 1453 δόξης.
938 1382 1083 1454 Πρὸς
1123 1383 1433 1454 οἰκειότητα
1483 1386 1591 1455 γὰρ
1619 1387 1721 1456 τὴν

126 1473 295 1528 αὐτοῦ
320 1473 594 1541 κέκληκεν
633 1474 831 1535 αὐτοὺς
866 1475 932 1526 ὲκ
959 1474 1179 1528 πάντων
1208 1474 1317 1527 τῶν
1362 1475 1553 1539 ἐθνῶν,
1581 1477 1722 1530 κατά

124 1566 207 1630 τὸ,
242 1585 261 1617 ι
285 1566 417 1620 Ὅτε
446 1560 754 1636 διεμέριζεν
783 1567 811 1618 6
847 1563 1109 1634 ’Υψιστος
1141 1566 1326 1633 ἔθνη.»
1354 1566 1447 1619 καὶ
1464 1566 1532 1619 τὰ
1571 1566 1719 1636 ἑξῆς.

126 1658 237 1711 Καὶ
286 1657 450 1712 πάλιν
480 1673 495 1689 ⁸
531 1675 550 1708 ι
581 1657 691 1710 Καί
737 1674 797 1708 σε
841 1655 1123 1722 ἐξελέξατο
1162 1656 1367 1728 Κύριος
1403 1658 1466 1708 ὲκ
1504 1658 1723 1711 πάντων

1804 481 1951 553 quod
1980 481 2152 550 primo
2178 480 2461 551 antiquius
2495 486 2600 542 est,
2630 485 2686 531 et
2716 476 2849 531 illud
2874 477 3041 530 etiam
3072 473 3176 525 ﬁne
3201 485 3389 525 carere

1807 574 2165 644 consequitur
2192 591 2207 628 :
2239 587 2366 627 cum
2418 569 2564 642 quod
2620 568 2834 623 initium
2896 581 3009 622 non
3049 562 3261 626 habuit,
3300 577 3392 616 ex-

1810 660 1984 720 tremo
2015 663 2217 735 privari
2247 663 2410 718 etiam
2444 674 2736 716 necessum
2768 658 2863 714 sit.

1879 750 2037 823 Quod
2069 764 2128 811 ut
2154 755 2336 811 caeteri
2365 753 2768 824 signiﬁcarent,
2810 748 2920 823 Ego
2951 750 3181 822 primus,
3212 754 3262 800 ει
3298 761 3405 816 ego-

1812 848 2037 900 ultimus
2091 846 2445 916 interpretari
2497 844 2837 898 maluerunt.
2894 839 3119 911 Legitur
3154 850 3285 892 vero
3328 838 3393 890 de

1815 939 2109 1010 Unigenito
2133 938 2337 992 alicubi
2366 955 2415 992 ει
2436 938 2551 1007 Ego
2576 951 2696 991 sum
2716 936 2929 1005 primus
2951 942 3004 988 et
3021 931 3247 985 ultimus
3269 928 3315 959 ⁸³
3334 944 3349 980 :
3370 946 3386 976 ι

1814 1028 2099 1099 quodnon
2156 1028 2392 1083 obscure
2446 1026 2779 1097 signiﬁcavit
2834 1039 2982 1088 eum,
3040 1021 3250 1077 vixisse
3295 1034 3389 1077 se.

1815 1127 1869 1172 et
1918 1118 2096 1173 fuisse
2125 1106 2432 1183 mortuum,
2483 1116 2704 1186 adjecit.
2750 1114 2843 1170 Est
2891 1112 3039 1171 enim
3088 1111 3233 1165 idem
3270 1108 3395 1162 vita:

1816 1208 2032 1262 initium
2091 1214 2146 1264 et
2175 1208 2332 1270 linis;
2362 1209 2490 1277 quia
2527 1208 2768 1275 seipsum
2800 1202 3130 1266 exinauivit,
3161 1209 3221 1254 ut
3246 1199 3394 1255 servi

1820 1303 2050 1358 formam
2093 1302 2371 1371 acciperet
2392 1301 2460 1353 ⁸⁵.
2500 1300 2676 1355 Simul
2709 1306 2893 1353 autem
2933 1304 2988 1352 et
3028 1310 3123 1350 eos
3165 1294 3222 1348 in
3257 1308 3394 1348 eon-

1819 1396 1964 1451 ccssi
2024 1394 2253 1449 honoris
2294 1402 2352 1449 et
2378 1392 2563 1464 gloria:
2607 1392 2927 1447 memoriam
2978 1397 3223 1451 revocat,
3256 1401 3395 1455 quos

1822 1484 1877 1538 in
1913 1498 2068 1537 suam
2106 1482 2535 1538 familiaritatem
2568 1497 2633 1537 ex
2687 1480 2836 1537 omni
2871 1478 3118 1550 gentium
3164 1491 3396 1531 numero

1824 1573 2060 1635 vocavit,
2108 1572 2265 1643 juxta
2299 1573 2431 1627 illud
2469 1590 2482 1628 :
2529 1592 2549 1626 ι
2584 1571 2722 1626 Cum
2756 1570 3028 1626 divideret
3077 1564 3398 1621 Altissimus

1827 1672 2017 1731 gentes
2047 1662 2117 1726 ⁸⁸,
2162 1681 2180 1713 ι
2220 1663 2443 1732 illaque,
2488 1677 2610 1729 quae
2655 1668 2982 1730 sequuntur.
3037 1657 3102 1711 Et
3155 1672 3396 1712 rursus:

129 1748 238 1801 τῶν
264 1746 438 1800 ἐθνῶν
468 1743 610 1800 εἶναι
645 1738 811 1800 αὑτοῦ
841 1748 990 1801 λαόν.
1030 1766 1050 1798 ι
1102 1746 1298 1818 Ἐχρῆν
1324 1745 1417 1802 οὖν
1445 1748 1608 1802 αὑτὸν
1640 1748 1714 1819 μὴ

1825 1770 1843 1804 ι
1874 1752 1939 1805 Et
1968 1760 2019 1808 te
2054 1752 2216 1822 elegit
2256 1751 2519 1808 Dominus
2550 1753 2807 1825 gentibus
2843 1751 3122 1816 omnibus,
3160 1758 3220 1803 ut
3245 1765 3400 1804 esses

131 1834 432 1904 ἀποστῆναι
486 1834 620 1888 Θεοῦ
673 1837 765 1888 καὶ
819 1835 1188 1907 προστεθῆναι
1223 1835 1445 1906 δαίμοσι
1495 1838 1591 1891 καὶ
1631 1838 1724 1891 λα-

130 1922 346 1994 τρεύειν
379 1929 447 1997 τῇ
476 1927 651 1982 κτίσει
683 1930 837 1999 παρά
883 1929 975 1982 τὸν
1000 1929 1302 1985 Κτίσαντα.
1338 1930 1484 2001 Πλὴν
1514 1933 1609 1986 καὶ¹
1634 1932 1723 1986 οῦ-

129 2029 235 2077 τως
285 2010 574 2086 οἰκτείρων
628 2017 827 2080 αὐτοὺς
880 2018 1059 2073 καλεῖ
1106 2019 1244 2091 πρὸς
1297 2021 1593 2076 εὐπάθειαν
1635 2024 1759 2090 τὸ,·

136 2102 357 2160 Ἀκουέ
375 2125 517 2177 μου,
558 2109 698 2179 βοῶν
732 2126 746 2141 ·
783 2110 879 2165 νῦν
922 2110 1058 2180 γοῦν
1075 2110 1242 2177 ἀξιῶν
1282 2094 1593 2183 πεισθῆναι,
1628 2116 1723 2169 καὶ

129 2193 239 2247 τῶν
266 2192 329 2260 ἐξ
358 2197 521 2251 αὑτοῦ
553 2194 789 2267 βεϐαίως
813 2203 999 2270 τυχεῖν
1027 2196 1266 2271 δωρεῶν.
1312 2202 1468 2256 Κατὰ
1491 2198 1598 2273 γὰρ
1630 2204 1722 2257 τὸν

134 2288 370 2353 Παῦλον,
421 2291 729 2359 ὀφείλοντες
779 2289 921 2346 εἶναι
984 2292 1299 2348 διδάσκαλοι
1338 2294 1429 2348 διὰ
1471 2294 1563 2350 τὸν
1596 2296 1723 2367 χρό-

135 2399 238 2446 νον,
273 2382 441 2436 πάλιν
472 2386 739 2455 ἐσχήκασι
781 2386 971 2456 χρείαν
1003 2384 1099 2439 τοῦ
1147 2387 1493 2451 διδάσκοντος
1523 2388 1723 2452 αὐτοὺς

134 2474 251 2527 τινα
277 2474 349 2527 τὰ
388 2479 628 2546 στοιχεῖα
673 2476 774 2547 τῆς
823 2479 998 2549 ἀρχῆς
1030 2478 1139 2531 τῶν
1171 2478 1368 2547 λογίων
1412 2479 1506 2532 τοῦ
1559 2477 1718 2535 Θεοῦ.

136 2564 206 2615 Τὸ
228 2564 282 2617 δὲ
309 2565 503 2629 ἀΐδιον,
529 2566 624 2619 καὶ
652 2565 821 2629 ὅντως
868 2566 950 2632 ὃν,
985 2567 1287 2639 παρίστησι
1315 2568 1397 2633 τὸ,
1419 2569 1562 2638 Ἐγώ
1582 2573 1719 2639 εἶμι,

138 2654 442 2723 συμφώνως
490 2654 601 2725 τῷ·
653 2654 837 2723 (Ἐγώ
871 2657 986 2727 εἰμι
1032 2657 1060 2708 6
1117 2654 1213 2722 ὢν,
1237 2675 1256 2708 ι
1299 2656 1376 2720 ὡς
1414 2659 1510 2725 τὴν
1538 2659 1720 2728 φύσιν,

138 2743 274 2798 οὕτω
324 2746 515 2800 καὶτὸ
563 2738 696 2817 ἦθος
744 2748 1002 2818 ἀκίνητον
1036 2742 1178 2801 εἶναι
1217 2748 1413 2818 δηλῶν.
1468 2749 1527 2802 '0
1560 2751 1723 2815 αὐτὸς

138 2837 243 2908 γὰρ
270 2836 372 2903 ὢν,
407 2838 465 2903 ἐξ
489 2838 831 2908 ἀγαθότητος
873 2838 982 2910 ἔχω
1007 2839 1067 2892 τὸ
1095 2837 1406 2910 γνῲρισμα,
1434 2841 1504 2894 δι’
1533 2843 1599 2913 ἣν
1629 2845 1723 2897 καὶ

139 2931 311 2985 πάντα
367 2934 502 3002 πρὸς
554 2932 616 2985 τὸ
665 2928 809 2986 εἶναι
860 2933 1224 3003 παρήγαγον,
1272 2934 1723 2992 ἀντιδιαστέλλων

138 3024 269 3094 πρὸς
293 3025 425 3087 τοὺς
453 3024 552 3077 οὐκ
583 3023 745 3088 ὄντας
772 3023 963 3087 θεοὺς,
995 3025 1126 3096 περὶ
1158 3019 1232 3081 ὧν
1264 3025 1512 3094 λέγεται’
1555 3047 1573 3080 ι
1600 3030 1724 3083 Θεοὶ

141 3114 187 3166 οἳ
224 3114 314 3168 τὸν
356 3114 586 3184 οὐρανὸν
631 3115 727 3168 καὶ
771 3113 869 3186 τὴν
917 3115 1021 3185 γῆν
1067 3116 1168 3168 οὐκ
1207 3117 1492 3185 ἐποίησαν,
1527 3120 1725 3173 ἀπολέ-

143 3202 376 3259 σθωσαν.
417 3224 435 3257 ι
485 3200 704 3277 Ἐπειδὴ
752 3205 809 3259 δὲ
844 3206 1063 3275 ἐπάγει,
1114 3206 1183 3261 Ἦ
1216 3209 1345 3277 χείρ
1386 3227 1505 3277 μου
1525 3210 1726 3280 ἐθεμε-

142 3295 472 3373 λίωσεῆτὴν
525 3294 663 3367 γῆν,
717 3296 811 3351 τοῦ
868 3298 1112 3372 Πατέρος
1152 3299 1296 3362 τινες
1341 3300 1402 3353 τὸ
1432 3300 1726 3371 πρόσωπον

141 3384 367 3455 (quam,
387 3382 447 3441 οῦ
477 3388 567 3456 χε]
569 3403 610 3457 ρ
639 3389 667 3441 6
689 3387 1001 3459 Μονογενὴς
1026 3390 1082 3441 ὲν
1102 3388 1220 3451 ταῖς
1244 3389 1486 3460 Γραφαῖς
1520 3389 1723 3460 ὀνομά-

143 3472 308 3538 ζεται·
344 3474 551 3545 Μωσῆς
580 3475 691 3546 γάρ
727 3493 891 3546 φησιν
916 3491 930 3506 ο
971 3470 1074 3528 «Ἥ
1111 3476 1261 3540 δεξιά
1299 3494 1393 3530 σου
1436 3480 1577 3549 χεὶρ,
1612 3478 1724 3534 Κύ-

146 3579 245 3632 ριε,
271 3563 586 3628 δεδόξασται
610 3566 669 3617 ἐν
702 3565 867 3635 ἰσχύϊ,
898 3585 917 3617 ι
946 3567 1039 3619 καὶ
1068 3566 1136 3619 τὰ
1162 3566 1307 3637 ἑξῆς.
1343 3567 1450 3621 Καὶ
1477 3570 1504 3621 6
1536 3568 1717 3624 Δαϐίδ⁹

150 3672 167 3704 ι
196 3653 611 3726 Κραταιωθήτω
640 3657 673 3726 ἡ
702 3656 822 3727 χείρ
864 3655 1297 3727 σου.⁹Υψωθήτω
1326 3659 1360 3730 ἡ
1390 3658 1541 3724 δεξιά
1566 3678 1714 3725 σου,ι

145 3742 283 3796 οὕτω
309 3745 604 3816 λεγόμενος
635 3747 713 3810 ὡς
754 3747 1048 3820 πληρωτὴς
1075 3746 1186 3801 τῶν
1228 3748 1322 3801 τοῦ
1366 3746 1608 3822 Πατέρος
1640 3754 1723 3805 ὲν-

146 3834 319 3899 νοιῶν,
350 3835 427 3900 ὡς
452 3830 592 3890 εἶναι
631 3837 840 3908 κυρίως
878 3837 1071 3905 σοφίαν
1112 3837 1274 3892 αὑτὸν
1302 3837 1395 3890 τοῦ
1427 3840 1585 3907 Θεοῦ,
1621 3859 1717 3895 σα-

148 3926 480 3996 φηνίςουσαν
528 3928 627 3992 τὰς
672 3928 948 3998 πατρικὰς
988 3928 1200 3992 ἐννοίας
1252 3930 1310 3982 ὲν
1344 3928 1459 3995 τοῖς
1505 3932 1598 3985 ὑπ’
1628 3932 1724 3986 αὐ-

1825 1843 1900 1897 illi
1950 1844 2186 1913 populus
2215 1844 2282 1897 ⁸³.
2328 1864 2346 1895 ι
2380 1842 2517 1898 Eum
2570 1859 2703 1915 ergo
2758 1841 3001 1914 oportuit
3051 1857 3080 1894 a
3130 1839 3243 1895 Deo
3289 1855 3401 1894 non

1823 1933 2107 1997 recedere,
2161 1949 2339 2004 neque
2385 1936 2753 1995 committere,
2814 1941 2874 1988 ut
2920 1931 3262 1987 dmmonibus
3321 1930 3404 1999 ip-

1824 2025 1982 2097 sique
2013 2034 2285 2080 ereaturm
2316 2025 2500 2096 potius
2529 2016 2695 2097 quam
2727 2023 2982 2083 Creatori
3013 2023 3308 2078 inserviret
3333 2021 3401 2077 ⁸⁷.

1821 2117 2011 2187 Neque
2063 2125 2246 2173 tamen
2293 2130 2478 2175 cessat
2535 2119 2887 2175 miseratione
2950 2125 3282 2181 commotus,
3346 2123 3411 2170 ut

1824 2204 1993 2259 animi
2031 2202 2114 2259 sui
2146 2207 2580 2275 propensitatem
2612 2204 2839 2274 indicet,
2876 2218 2971 2262 eos
3001 2204 3153 2275 ipsos
3197 2220 3401 2266 vorare,

1822 2301 1899 2361 et,
1930 2294 2075 2348 Audi
2105 2311 2206 2362 me,
2239 2295 2541 2351 inclamare
2570 2319 2581 2352 :
2615 2296 2816 2368 partim
2866 2296 3083 2366 quidem
3110 2295 3210 2349 sibi
3248 2294 3405 2348 (idem

1825 2383 2080 2439 adhiberi
2112 2384 2441 2454 postulans;
2485 2387 2685 2456 partim
2728 2393 2909 2441 autem
2945 2385 3063 2441 suis
3095 2384 3254 2439 donis
3284 2399 3409 2439 esse

1824 2473 2099 2542 petituros
2153 2470 2516 2529 confirmans.
2581 2474 2753 2530 Paulo
2797 2476 2943 2531 enim
3000 2474 3236 2540 teste“,
3280 2489 3405 2528 cum

1823 2563 2092 2619 deberent
2155 2579 2279 2619 esse
2339 2564 2591 2633 magistri
2648 2572 2875 2636 propter
2915 2574 3152 2634 tempus,
3200 2580 3405 2634 praece-

1824 2658 1984 2723 ptore
2041 2667 2240 2709 rursus
2302 2661 2594 2723 eguerunt,
2631 2671 2660 2708 a
2697 2669 2808 2725 quo
2841 2670 2962 2725 quae
2994 2655 3105 2709 sint
3136 2655 3417 2709 elementa-

1823 2745 2037 2801 exordii
2068 2756 2383 2801 sermonum
2415 2747 2531 2815 Dei,
2573 2747 2926 2804 docerentur.
2960 2747 3229 2803 Caeterum
3264 2762 3407 2803 sem-

1824 2835 2097 2906 piternum
2125 2851 2184 2892 se
2212 2852 2355 2902 esse,
2384 2842 2437 2892 et
2462 2853 2589 2894 vere
2617 2839 2904 2906 exsistere,
2944 2856 3008 2895 eo
3039 2840 3159 2910 ipso
3183 2839 3408 2893 demon-

1824 2934 2029 2992 strans,
2058 2927 2204 2998 quod
2245 2927 2357 3000 Ego
2386 2947 2525 2995 sum,
2556 2930 2794 3000 adjecit;
2831 2932 2991 3001 quale
3031 2932 3132 2986 fuit
3164 2941 3216 2986 et
3248 2930 3404 2998 illud,

1825 3033 1953 3073 cum
1997 3037 2016 3070 ι
2048 3020 2164 3091 Ego
2220 3037 2364 3088 sum,
2403 3022 2495 3092 qui
2523 3020 2741 3088 sunt”,
2782 3041 2799 3073 ι
2852 3022 3013 3089 dixit,
3042 3030 3102 3077 ut
3140 3037 3294 3077 suam
3331 3025 3406 3075 ita

1826 3117 2083 3166 naturam
2141 3129 2382 3183 suosque
2406 3130 2587 3177 mores
2618 3112 2894 3170 immutari
2927 3131 3207 3185 nunquam
3243 3131 3408 3187 posse

1826 3202 2270 3272 demonstraret;
2324 3215 2585 3277 tanquam
2637 3206 2893 3263 eumdem
2954 3220 3017 3263 se
3074 3221 3198 3262 esse
3243 3214 3308 3262 ex
3344 3222 3408 3261 ea

1825 3291 2072 3348 bonitate
2125 3295 2482 3361 signiﬁcaret,
2544 3310 2639 3366 per
2690 3311 2857 3367 quam
2913 3297 3099 3352 omnia
3156 3311 3279 3352 esse
3330 3296 3410 3351 fe;

1834 3373 2026 3435 cisse't.
2051 3376 2111 3428 ιιι
2134 3377 2200 3429 ab
2223 3375 2312 3443 iis,
2340 3391 2460 3445 quae
2479 3392 2587 3431 non
2608 3386 2783 3445 erant,
2803 3386 3107 3447 separaret,
3131 3377 3195 3433 de
3212 3378 3413 3447 quibus

1834 3463 1980 3520 hunc
2005 3466 2056 3520 in
2095 3469 2313 3524 modum
2347 3470 2583 3539 legitur:
2616 3486 2635 3522 ι
2673 3471 2866 3540 Diiqui
2890 3470 3087 3527 malum
3120 3484 3173 3527 et
3208 3480 3404 3524 terram

1832 3572 1939 3613 non
1974 3558 2245 3627 fecerunt,
2300 3565 2572 3619 intereant
2610 3564 2679 3617 °°.
2725 3582 2744 3616 ι
2782 3558 3004 3628 Deinde,
3035 3565 3163 3633 quia
3216 3556 3408 3617 Manus

1830 3664 1947 3703 mea
1968 3652 2212 3720 fundavit
2235 3663 2432 3708 terram
2457 3655 2725 3724 adjunrit,
2754 3651 2935 3711 Patris
2954 3670 3242 3724 personam
3270 3655 3407 3707 imli~

1830 3743 1943 3797 euri
1975 3744 2261 3799 voluerunt
2296 3748 2537 3801 nonnulli
2565 3763 2581 3812 ;
2618 3746 2776 3815 enjns
2808 3761 2998 3801 manus
3019 3746 3073 3799 in
3109 3745 3410 3813 Seripturis

1832 3831 2158 3903 Uuigenitus
2180 3846 2542 3906 nuncnpetnr.
2565 3838 2650 3891 Ait
2668 3837 2811 3891 enim
2832 3838 3095 3891 Moses“:
3128 3857 3145 3887 ι
3169 3837 3396 3891 Dextera

1819 3935 2017 3981 manus
2035 3933 2150 3992 tua,
2171 3926 2419 3991 Domine,
2443 3925 2745 3998 gloriﬁcata
2772 3932 2857 3980 est
2893 3927 2948 3979 in
2985 3922 3265 3978 fortndine
3294 3941 3339 3987 ι,
3358 3930 3415 3975 ct

146 4016 239 4070 τοῦ
315 4018 627 4089 γινομένοις
683 4019 887 4091 ἔργοις.
947 4021 1038 4073 Διὸ
1109 4020 1327 4090 λέγεται
1390 4025 1447 4076 ὲν
1516 4020 1720 4095 Παροι-

1828 4028 1953 4088 ηιιω
1972 4018 2251 4088 deinceps.
2265 4018 2328 4073 Et
2346 4018 2512 4073 David
2534 4036 2547 4073 :
2568 4035 2586 4069 ι
2613 4015 2888 4071 Firmctnr
2903 4030 3102 4071 manus
3119 3999 3411 4080 tua,exal-

150 4103 300 4172 μίαις
332 4116 351 4136 ⁸
416 4105 475 4158 '0
523 4104 657 4171 Θεὸς
713 4110 780 4179 τῇ
841 4108 1003 4180 σοφίᾳ
1055 4109 1387 4180 ὲθεμελίωσε
1440 4113 1540 4186 τὴν
1585 4114 1710 4185 γῆν.

1825 4112 2210 4171 tctnrdextera
2230 4118 2322 4163 tua
2339 4108 2409 4177 “;
2444 4129 2463 4161 ι
2490 4119 2748 4179 tanquam
2762 4106 2948 4167 .Patris
2975 4107 3212 4177 cogitata
3244 4104 3411 4176 perii-

149 4193 275 4262 ciat,
313 4197 461 4253 unde
496 4197 718 4270 preprie
741 4197 835 4253 Dei
859 4202 1129 4270 sapientia
1146 4202 1239 4257 illa
1257 4203 1349 4269 sit,
1373 4200 1535 4278 544,
1555 4223 1676 4277 quae
1702 4225 1720 4280 ι

1824 4222 1943 4265 :rnae
1962 4201 2584 4261 mentisvolnntatemin
2608 4201 2696 4266 iis,
2732 4214 2854 4270 quae
2904 4215 2935 4252 a
2978 4213 3039 4253 se
3074 4197 3410 4261 conduntur,

151 4291 409 4358 operibus
446 4292 716 4361 eXplicet;
748 4308 859 4363 quo
887 4292 1117 4359 factum,
1148 4302 1204 4350 ιιι
1235 4298 1290 4352 in
1316 4298 1630 4359 Proverbiis
1649 4303 1820 4363 Deum
1855 4300 2128 4373 sapientia
2161 4305 2366 4354 terram
2392 4294 2657 4350 fundasse
2677 4294 2926 4364 legamus
2954 4292 3023 4346 ”.

220 4383 332 4453 Οὐχ
366 4383 442 4447 ὡς
483 4383 647 4454 μέρος
675 4384 768 4438 οὖν
810 4386 848 4455 ἠ
893 4388 1042 4457 χεὶρ,
1075 4388 1190 4442 ἀλλ’
1233 4389 1308 4454 ὡς
1339 4391 1540 4461 τελεία,
1564 4394 1632 4449 δι’
1663 4390 1720 4469 ἦς

1906 4393 2027 4450 Non
2057 4409 2246 4447 manus
2295 4404 2448 4461 ergo,
2486 4397 2546 4443 ut
2575 4401 2743 4459 pars,
2787 4386 2884 4441 sed
2939 4389 3000 4437 nt
3048 4379 3311 4452 perfecta,
3348 4379 3417 4434 ab

154 4472 315 4537 αὐτὸς
360 4472 681 4543 ἐργάζεται,
730 4476 764 4546 ὴ
807 4475 866 4541 ἐξ
908 4476 1074 4531 αὐτοῦ
1120 4477 1390 4550 δύναμις,
1452 4483 1720 4557 ὲγγυτάτη

1837 4501 2011 4558 eoque
2038 4484 2308 4550 derivata,
2338 4492 2393 4538 et
2418 4480 2596 4536 eidem
2626 4478 2865 4533 maxime
2896 4474 3075 4532 vicina
3092 4473 3293 4536 virtus,
3319 4487 3416 4542 per

156 4558 289 4617 οὖσα
352 4564 521 4638 αὐτῷ.
574 4565 698 4631 Πῶς
754 4562 869 4632 οῦν,
921 4570 1078 4639 φησὶ,
1124 4569 1411 4643 λατρεύεις
1455 4576 1521 4646 τῇ
1555 4577 1720 4631 κτίσει

1838 4594 2003 4652 quam
2037 4579 2157 4649 ipse
2192 4583 2473 4647 operatur,
2512 4572 2878 4644 significatur.
2915 4567 3060 4634 Quid
3096 4566 3289 4637 igitur,
3329 4564 3441 4651 inv

160 4656 308 4724 παρά
333 4654 426 4708 τὸν
460 4656 778 4725 κτίσαντας
805 4658 880 4711 Τὸ
914 4659 1024 4731 γάρ
1057 4661 1283 4730 ποιηθὲν
1316 4662 1414 4734 τὴν
1440 4665 1536 4718 τοῦ
1577 4667 1720 4738 ποιή-

1840 4667 1978 4740 quit,
2005 4674 2275 4723 creaturae
2323 4664 2532 4735 potius,
2579 4675 2743 4731 quam
2776 4657 3023 4713 Creatori
3056 4656 3265 4711 servire
3300 4670 3417 4709 sns-

162 4758 352 4809 σαντος
402 4744 657 4818 ἀμέτρως
698 4748 1042 4821 ὑποκάθηται
1077 4751 1254 4817 δόξαν,
1280 4752 1368 4822 ζὼς
1396 4755 1615 4811 ἀσεϐεῖν
1643 4757 1720 4812 τδι

1840 4758 2020 4816 tines?
2053 4757 2211 4824 Quod
2233 4757 2380 4811 enim
2404 4750 2654 4808 eﬂectum
2687 4760 2793 4817 est,
2819 4749 2965 4805 idem
2996 4750 3118 4817 ejus
3150 4746 3416 4815 dignitate

158 4837 223 4905 τῇ
255 4838 622 4910 προσκυνήσει
645 4839 782 4910 πρὸς
808 4842 929 4914 ἴσην
972 4842 1174 4912 ἄγοντα
1208 4844 1367 4898 τοῦτο
1397 4846 1477 4916 τῷ
1503 4865 1720 4918 πεποιη·

1846 4858 1902 4906 et
1949 4848 2124 4920 gloria
2171 4860 2202 4899 a
2250 4858 2360 4914 quo
2412 4840 2665 4897 elTectnm
2715 4849 2819 4903 est,
2874 4838 3037 4909 longe
3091 4842 3419 4906 superatur;

160 4926 278 4980 κὸτι
303 4930 491 5001 τιμήν.
526 4930 597 4986 Ἠ
625 4931 795 4997 δεξιὰ
826 4934 1005 4987 τοίνυν
1025 4952 1169 5004 μου,
1204 4938 1390 5007 φησιν,
1424 4939 1533 4993 τὸν
1561 4942 1739 5009 οὐρα·
1850 4937 2127 5009 impieque
2155 4934 2308 4999 facit,
2336 4931 2593 5003 quisquis
2624 4930 2955 4985 adoraturus
2980 4930 3227 4983 eunnlem
3249 4925 3420 4977 bonn-

161 5017 273 5070 νύν
293 5018 681 5088 ἐστερέωσεν,
702 5022 760 5092 ἢ,
795 5024 937 5091 τοὺς
975 5027 1292 5095 οὐρανοὺς,
1325 5030 1468 5084 κατά
1495 5031 1622 5096 τοὺς
1645 5031 1720 5086 ἀλ·

1850 5043 1962 5083 rem
2014 5033 2281 5082 creaturae
2325 5033 2380 5079 et
2433 5021 2679 5078 Creatori
2736 5020 2952 5076 tribuit.
2988 5017 3219 5072 Dextera
3252 5016 3422 5085 igitur

164 5104 286 5196 λους
314 5111 609 5182 ἑρμηνέας,
633 5114 834 5187 δηλαδὴ
858 5117 958 5181 τὰς
991 5119 1277 5189 οὐρανίους
1300 5120 1578 5193 δυνάμεις,
1611 5127 1720 5196 περ

1849 5140 1985 5189 mea,
2039 5120 2239 5192 inquit,
2270 5119 2479 5185 emtum,
2516 5116 2603 5172 vel
2660 5115 2839 5181 calas,
2871 5121 2930 5170 ut
2963 5113 3087 5168 aliis
3125 5111 3299 5181 placet
3332 5109 3421 5162 in-

165 5187 240 5288 ιῖιν
296 5202 587 5274 ἐπιφέρει·
644 5206 895 5261 Καλέσω
946 5187 1188 5277 αὐτοὺς,
1248 5213 1346 5266 καὶ
1407 5187 1719 5284 στήσαντα

1851 5187 2203 5286 terpretibus,
2237 5212 2292 5267 id
2317 5220 2432 5276 est,
2486 5210 2745 5288 caelestes
2788 5208 3019 5263 virtutes
3047 5203 3318 5274 ﬁrmavit,-
3355 5201 3424 5254 de

168 5286 305 5359 ἅμα.
360 5292 721 5365 Πειθαρχοῦσι
777 5295 886 5369 γὰρ
932 5298 1009 5362 ὡς
1048 5300 1115 5354 ἂν
1157 5302 1407 5377 Δεσπότῃ
1458 5305 1649 5359 ἑστᾶσί
1680 5324 1720 5360 τι

1846 5308 2049 5379 quibus
2105 5316 2341 5377 pergens
2387 5319 2401 5354 :
2462 5286 2671 5356 Vocebo
2721 5315 2831 5366 eos,
2862 5310 2912 5353 et
2966 5297 3187 5351 stabunt
3233 5292 3419 5357 simul,

236 5405 686 5487 films-nn,
796 5411 844 5445 οι
875 5413 1112 5487 ριιιιιρῃ.
1144 5432 1206 5487 ιι,
1251 5419 1305 5483 6,
1334 5420 1388 5475 7.
1500 5419 1548 5455 σε
1587 5420 1720 5477 De."

1832 5438 1965 5487 xxn,
2002 5423 2057 5477 8.
2100 5419 2183 5487 ,⁸⁸
2223 5421 2380 5472 Deut.
2404 5434 2503 5483 vn,
2539 5417 2593 5471 6.
2670 5416 2716 5487 ξ’
2745 5415 2904 5487 Rom.
2929 5412 3092 5487 t,_‘2§.
3168 5408 3215 5443 ⁸³
3253 5407 3419 5487 Hebr.

172 5490 225 5541 ν,
261 5475 381 5530 12(
459 5480 505 5513 ⁸³
542 5480 709 5537 Ενυά.
754 5499 830 5549 ιιι,
867 5483 954 5540 14.
1024 5475 1103 5519 ’⁵ο
1141 5475 1344 5546 Jerem.
1378 5507 1433 5559 ι,
1474 5491 1561 5545 Η.
1643 5475 1720 5525 ﬁ"

1824 5475 2061 5557 έὸλιίχςυ,
2089 5482 2142 5545 θ.
2221 5491 2265 5523 ⁹¹
2299 5489 2447 5546 Psal.
2483 5475 2746 5553 Lxxxvt'it,
2787 5484 2876 5542 Μ.
2922 5475 2996 5575 '9’
3032 5484 3175 5539 Prov
3218 5495 3303 5550 ιιι,
3329 5480 3419 5536 19.

1429 5610 1664 5668 VARI/l3
1727 5608 2131 5668 LECTIONES.

201 5683 223 5721 ρ
246 5688 336 5740 γρ.
369 5672 594 5726 ἑστᾶσαί
620 5690 679 5726 τε
704 5674 817 5729 καί.
