3980 6306
536 240 681 308 2455
1840 259 2108 325 PROCOI

2267 265 2475 329 'rAZiEI
3688 269 3839 335 2456

540 351 790 425 subjicit.
849 353 1063 413 Parent
1088 362 1256 431 enim,
1317 373 1579 436 tanquam
1626 366 1864 425 Domino
1907 378 2112 439 astent;

2275 374 2626 447 wepxdnsvat
2697 374 2807 431 τῶν
2867 376 3046 448 λόγων
3110 375 3278 434 αὑτοῦ
3338 377 3481 453 πρὸς
3537 378 3847 451 ἀκρόασιν.

536 451 594 499 et
647 447 716 502 ad
752 449 1045 506 verborum
1076 454 1200 524 ejus
1236 458 1700 518 auscultationem
1743 462 2088 535 colliguntur

2284 467 2541 540 ύμφωνον
2589 466 2671 538 τῷ
2722 467 2844 522 κατ’
2890 447 3069 541 ἀρχάς
3093 484 3109 502 ο
3167 447 3421 537 «Ἀκοδε,
3447 447 3654 543 ούρανέ
3680 512 3701 539 ,
3754 473 3854 525 καὶ

538 540 706 610 quale
730 541 837 599 fuit
857 545 989 603 illud
1023 549 1223 606 initio:
1260 568 1279 603 ι
1316 553 1483 622 Audi,
1513 557 1741 627 ctelutn,
1771 568 1826 615 et
1857 560 2109 616 ausculta

2278 558 2516 624 νωτίζου,
2542 558 2639 630 γῆ,
2671 560 2755 615 ὅτι
2779 540 2989 631 Κύριος
3016 558 3305 632 ἐλάλησεν.
3338 580 3358 615 ι
3398 562 3464 617 El
3488 540 3548 617 δέ
3568 562 3850 633 δυνάμεις

540 643 712 705 terra,
767 639 1033 711 quoniam
1092 642 1361 704 Dominus
1417 649 1642 707 locutus
1674 661 1765 710 est
1803 652 1874 710 “.
1922 673 1942 708 ι
1974 653 2112 722 Qum

2277 651 2294 705 i
2322 651 2608 724 κρείττους
2635 650 2780 706 οὕτω
2820 651 2919 706 σὺν
2950 651 3211 723 εὐλαϐείᾳ
3241 650 3320 720 τῷ
3346 653 3690 724 πεποιηκότι
3720 670 3844 706 πει-

540 725 591 780 si
646 725 845 785 {actori
887 744 994 787 suo
1034 731 1264 791 virtutes
1305 736 1414 793 illae
1453 744 1872 810 praestantiores
1926 758 2112 815 magna

2272 743 2437 814 ήνιοιι
2460 745 2623 816 ἡμεῖς
2652 754 2677 783 τ
2720 744 2877 809 ὅντες
2915 742 3196 815 ἄνθρωποι
3243 744 3364 811 πῶς
3411 745 3472 799 ού
3506 745 3727 814 μᾶλλον
3752 746 3844 799 τὸν

535 818 676 874 adeo
714 822 1069 882 observantia
1094 832 1152 883 et
1184 827 1453 900 religione
1482 846 1604 889 sese
1632 836 1880 904 praebent
1905 835 2107 891 obtem-

2273 834 2377 887 εἶον
2423 832 2766 907 ἀναλήψεσθε
2816 834 3019 904 φόϐονς
3063 834 3213 889 Ἀντὶ
3245 834 3303 889 δέ
3345 834 3465 903 τοῦ,
3488 836 3588 903 Τίς
3621 834 3845 903 αὐτοῖς

532 919 828 1011 perantes;
885 916 981 986 qui
1037 932 1159 987 vos,
1215 920 1309 991 qui
1358 921 1611 981 homines
1665 926 1823 995 estis,
1875 926 2104 983 divinun

2271 925 2591 997 νήτγειλεν
2613 926 2822 992 ταῦτα,
2855 928 2886 980 ὁ
2916 926 3217 999 Σύμμαχος
3242 913 3465 998 ἔφησεν,
3502 928 3599 995 Τίς
3618 927 3843 994 αὐτοῖς

533 1004 792 1057 timorem
835 1004 1023 1074 potius
1071 1022 1184 1063 non
1234 1012 1555 1070 resumitisl
1599 1012 1803 1071 Verum
1833 1031 1947 1088 quo
1976 1017 2105 1085 loco1

2266 1014 2596 1085 διήγγειλεν
2614 1015 2802 1071 ταῦτα
2813 1030 2838 1076 ;
2854 1016 2965 1069 Ὃν
2988 1016 3207 1085 Κύριος
3221 1016 3544 1085 ἀγαπήσει,
3572 1017 3838 1085 ποιήσει

534 1088 666 1155 Quis
689 1093 766 1147 eis
787 1098 1110 1152 renuntiavit
1121 1099 1233 1156 hinc
1248 1104 1274 1157 2
1299 1101 1585 1171 habemus,
1609 1106 1686 1162 ibi
1716 1107 2077 1179 Symmachus
2103 1128 2106 1162 :

2271 1106 2545 1178 ὸθέλημα
2566 1107 2773 1163 αὐτοῦ.
2792 1108 2853 1161 '0
2879 1107 2935 1162 δέ
2971 1106 3226 1175 Ἀκύλας,
3258 1109 3354 1175 Τίς
3380 1109 3453 1163 ἐν
3477 1109 3843 1178 ἀνθρώποις

532 1179 670 1246 Quis
703 1185 781 1238 eis
825 1189 1161 1244 annuntiavit
1205 1193 1357 1247 hac?
1404 1192 1574 1261 Quem
1615 1195 1877 1253 Dominus
1919 1198 2104 1271 diligit1

2266 1198 2592 1270 πήηιειλεν
2660 1199 2848 1255 ταῦτα
2868 1215 2889 1263 ;
2949 1199 3166 1268 Κύριος
3223 1198 3545 1269 ἠγάπησεν
3602 1203 3838 1255 αὐτόν.

529 1275 693 1346 faciet
739 1280 1060 1357 voluntatem
1100 1284 1240 1354 ejus,
1273 1286 1505 1358 Aquilas
1539 1296 1723 1346 autem
1772 1291 1946 1359 :Quis
1981 1293 2101 1348 intei

2267 1292 2349 1345 J-rt
2371 1271 2501 1363 γάρ,
2538 1289 2726 1363 φησὶν,
2757 1292 2813 1344 αί
2842 1289 2949 1344 τῶν
2976 1290 3226 1362 οὐρανῶν
3255 1291 3515 1362 δυνάμεις
3542 1291 3839 1362 καλούμε-

527 1367 763 1425 Izomiues
802 1371 915 1427 llaec
942 1376 1215 1442 protulit?
1248 1376 1512 1435 Dominus
1539 1381 1735 1437 dilexit
1762 1399 1902 1438 eum.
1934 1383 2099 1441 ϐαδιο-

2267 1399 2309 1437 ιι
2333 1381 2471 1453 πρὸς
2500 1381 2600 1455 τήν
2636 1381 2746 1436 τῶν
2787 1381 2953 1437 αὐτοῦ
2975 1382 3151 1451 λόγων
3181 1382 3447 1455 ἀκρόασιν
3477 1385 3839 1438 ὑπακούουσι

523 1472 651 1513 rum
677 1463 823 1516 enim
851 1463 1108 1531 virtutes,
1147 1467 1350 1538 inquit,
1384 1485 1508 1540 qua:
1532 1480 1823 1540 vocantur,
1873 1472 1942 1528 ad
1992 1488 2091 1530 ver

2266 1472 2645 1545 αριστάμεναι,
2677 1473 2841 1539 αὐτὸς
2865 1474 3196 1546 ἀπήγγειλε
3224 1474 3450 1547 Κύριος,
3483 1476 3581 1530 καὶ
3607 1476 3717 1530 διὰ
3736 1477 3838 1548 τὴν

524 1551 725 1607 borum
762 1554 940 1626 ipsius
983 1559 1449 1617 auscultationem
1504 1570 1748 1621 attentas
1792 1572 1849 1620 et
1892 1573 2096 1635 parata:

2260 1564 2440 1636 γάπην
2497 1563 2598 1634 τήν
2667 1564 2803 1635 πρὸς
2863 1565 2961 1632 σέ,
3027 1566 3263 1635 φανερόν
3341 1582 3424 1620 σοι
3483 1568 3832 1639 πεποίηκεν.

525 1659 684 1711 esse;
718 1646 885 1718 idque
912 1648 1010 1704 tibi
1044 1659 1271 1723 propter
1296 1669 1574 1710 summum
1608 1655 1731 1726 ejus
1760 1656 1818 1711 in
1862 1664 1918 1711 te
1953 1671 2097 1713 amo-

2264 1656 2427 1725 Πγουν
2465 1655 2609 1710 κατὰ
2632 1656 2724 1709 τὸν
2770 1656 3001 1711 Ἀκύλαν
3027 1658 3119 1711 καὶ
3143 1658 3460 1731 Σύμμαχον,
3496 1658 3560 1713 ’0
3584 1660 3836 1730 (ig-axu-

521 1753 639 1793 rem
666 1740 845 1810 palam
877 1742 991 1799 ﬁeri
1023 1745 1267 1804 voluisse
1296 1746 1440 1804 idem
1475 1750 1800 1804 renuntiavit
1820 1747 2086 1806 Dominus

2263 1747 2318 1813 5ς
2339 1744 2434 1801 τοῦ
2472 1746 2721 1816 Πατέρος
2752 1747 2847 1801 καλ⁵
2888 1748 3227 1821 Μονογενὴς,
3256 1750 3420 1815 αὐτὸς
3442 1749 3835 1821 ἀπήγγειλεν

520 1826 645 1897 Vel,
679 1843 739 1887 ut
762 1832 979 1905 Aquilae
1016 1836 1197 1907 placet
1220 1845 1276 1894 et
1296 1838 1653 1911 Symmacho,
1675 1840 1914 1896 Dilectus
1935 1838 2092 1896 Patri;

2257 1839 2554 1911 νθρὼποις,
2584 1835 2644 1902 ὃς
2674 1839 2769 1892 καὶ
2802 1838 2864 1892 τὸ
2894 1838 3125 1910 θέλημα
3152 1840 3260 1895 τοῦ
3275 1842 3539 1911 Ῑιατέρος
3564 1842 3829 1913 ἐνεργή-

521 1931 577 1978 ct
596 1920 931 1997 U'nigenitus
962 1928 1079 2000 ipse
1109 1933 1431 1987 renuntiavit
1453 1932 1798 2001 hominibus,
1825 1936 1917 2008 qui
1944 1937 2093 1993 etian

2261 1947 2337 1996 ει,
2363 1930 2434 1985 τὰ
2462 1930 2831 2002 προλεχθέντα
2862 1933 3014 1988 κατὰ
3043 1932 3418 2001 Βαϐυλῶνος
3444 1933 3700 2000 ἐπάξων,
3738 1936 3833 1989 ὅτε

520 2015 848 2073 uoluntatem
898 2018 1080 2079 Patris
1133 2022 1463 2093 operab'itur,
1512 2025 1642 2081 dum
1679 2041 1802 2096 quae
1842 2002 2092 2098 praedicti

2260 2025 2314 2079 αὶ
2333 2022 2432 2095 τὴν
2460 2023 2779 2096 ἐλευθερίαν
2827 2025 2924 2078 καὶ
2967 2025 3068 2097 τὴν
3111 2025 3370 2081 ἐπάνοδον
3399 2025 3711 2098 ἐργάσεται
3734 2027 3832 2082 τοῦ

520 2118 676 2179 sunt,
733 2115 788 2167 in
828 2112 1157 2185 Babylonem
1209 2118 1467 2183 inducet;
1514 2132 1627 2189 quo
1676 2121 1935 2176 nimirum
1969 2129 2092 2178 tem-

2260 2115 2369 2172 κοῦ.
2399 2116 2556 2180 Τινές
2583 2116 2641 2170 δέ
2668 2116 2749 2182 τδ,
2783 2116 3034 2172 Καλέσω
3062 2118 3308 2186 αὐτοὺς,
3337 2119 3438 2173 και
3474 2110 3832 2186 στήσονται

512 2195 657 2276 ἰιοτθ
683 2207 945 2278 populum
979 2209 1034 2263 in
1068 2210 1377 2266 libertatem
1407 2219 1681 2268 assertum
1712 2220 1873 2270 terrm
1917 2214 2084 2285 patria

2260 2219 2353 2271 μα,
2386 2202 2646 2273 περὶτῶν
2670 2201 2735 2269 ἐξ
2765 2203 2985 2277 Ἰσραὴλ
3005 2206 3259 2277 είρῆσθαί
3289 2224 3477 2277 φασιν.
3515 2208 3611 2271 Ὧς
3643 2209 3832 2279 ἡδέως

517 2297 886 2355 restituturus
916 2308 1019 2355 est.
1051 2298 1172 2355 Non
1203 2301 1405 2365 desunt
1433 2309 1616 2359 tamen
1637 2303 1734 2374 qui
1765 2303 1933 2360 verba
1959 2305 2089 2361 ista;

2258 2314 2284 2350 ν
2315 2296 2599 2367 ἐπυθόμην
2628 2297 3032 2367 συνηγμένων
3058 2298 3279 2365 αὐτῶν,
3312 2302 3404 2367 τίς
3441 2299 3599 2365 ἄλλος
3628 2302 3830 2365 αὐτοῖς

527 2388 742 2445 Voraba
807 2407 937 2459 eos,
1001 2400 1049 2446 et
1089 2393 1309 2449 stabunt
1360 2393 1565 2460 simul,
1620 2395 1688 2451 de
1737 2394 1940 2451 lsraele
1997 2395 2099 2451 dici

2253 2387 2348 2451 ἐὺς
2372 2387 2471 2458 τὴν
2521 2389 2587 2441 ἐκ
2613 2388 2706 2443 τοῦ
2755 2387 2996 2460 πολέμου
3055 2391 3451 2462 προμεμήνυκε
3489 2393 3825 2463 συμφορὰν,

518 2482 905 2550 arbitrentur;
962 2493 1223 2555 tanquam
1267 2500 1329 2542 se
1380 2485 1718 2554 perlibenter
1766 2486 2090 2557 congregati:

2262 2497 2288 2543 ς
2319 2477 2430 2547 ἐγὼ
2459 2478 2549 2533 διὰ
2576 2479 2687 2532 τῶν
2726 2479 3025 2552 προφητῶν
3066 2498 3169 2551 μου
3208 2482 3277 2536 τά
3306 2480 3446 2535 κατά
3491 2482 3673 2555 μέρος
3700 2485 3829 2555 ἐδῆ·

516 2573 634 2631 illis
669 2575 986 2631 auditurum
1018 2577 1382 2636 demonstret.
1416 2577 1577 2652 55.5
1619 2578 1752 2646 Quis
1786 2579 1930 2635 Deus
1963 2580 2088 2634 aliu:

2256 2585 2388 2623 οσα·
2439 2569 2537 2624 καὶ
2585 2568 2694 2623 τῶν
2740 2570 2891 2641 ἐμῶν
2929 2572 3446 2643 καταφρονήσαντες
3471 2573 3686 2642 λόγων,
3724 2575 3828 2646 τὴν

515 2666 759 2723 futuram
790 2669 921 2725 belli
950 2670 1348 2737 calamitatem,
1379 2679 1544 2742 atque
1574 2672 1694 2743 ipse
1741 2685 1841 2742 per
1874 2670 2087 2743 prophe

2254 2662 2319 2714 ῶν
2345 2660 2531 2715 κακῶν
2553 2659 2875 2729 ἀνεμείνατε
2898 2663 3120 2734 πεῖραν.
3148 2663 3247 2728 Τίς
3271 2658 3367 2718 οὖν
3393 2665 3522 2736 ὑμῖν
3552 2668 3587 2737 ή
3622 2665 3826 2737 ὄνησις

514 2766 603 2813 tas
637 2758 856 2830 singula
901 2760 1056 2831 prius
1100 2760 1362 2817 indicarit
1406 2779 1419 2815 :
1467 2761 1630 2832 cujus
1653 2768 1710 2818 et
1742 2760 1852 2833 ipsi
1896 2761 2086 2817 monit:

2254 2753 2310 2824 ἧς
2342 2754 2407 2807 ἐκ
2449 2752 2722 2821 δαιμόνων
2757 2754 3206 2824 μαντείαςόὐδέν
3249 2757 3682 2827 προεγνωκυίας
3713 2760 3826 2812 τῶν

519 2850 827 2920 aspernati,
873 2851 1112 2922 experiri
1146 2866 1314 2924 quam
1344 2851 1522 2908 vitare
1554 2851 1756 2908 damna
1785 2849 2105 2907 maluerint.
2216 2844 2482 2917 ὕστερονῖ

515 2940 791 3008 Quidnam
850 2942 1018 3016 igitur
1064 2944 1175 3002 illis
1225 2946 1347 3016 ipsa
1405 2944 1715 3002 dmmonum
1780 2942 2097 3000 vaticinatio
2135 2937 2369 3012 proluit,
2394 2950 2519 3010 qua:
2564 2937 2944 3003 nibileorum,
2990 2955 3115 3011 qua:
3182 2950 3375 3014 postea
3448 2942 3820 3012 acciderunt,

517 3037 823 3108 prtevidere
852 3039 1069 3109 potuit?

588 3134 793 3191 Volunt
840 3136 1120 3204 nonnulli,
1156 3152 1274 3206 eos,
1316 3139 1411 3210 qui
1453 3138 1522 3194 de
1568 3138 1814 3211 gentium
1846 3148 2100 3202 numero,
2128 3136 2160 3198 (ἶ

2280 3124 2436 3191 Τινές
2458 3125 2525 3181 δέ
2546 3143 2699 3197 φασι,
2724 3127 2852 3193 τοὺς
2882 3127 3026 3200 μέγα
3066 3128 3403 3200 φρονοῦντας
3426 3128 3538 3183 τῶν
3566 3130 3822 3186 ἐθνικῶν

512 3240 777 3299 magnum
809 3228 941 3300 quid
966 3237 1247 3300 saperent,
1302 3231 1525 3287 invitari
1571 3239 1632 3286 ut
1681 3229 1853 3287 velint
1885 3227 2081 3284 adesse

2252 3223 2470 3295 αρεϊναι
2522 3222 2918 3294 προτρέπεται,
2964 3225 3060 3279 καὶ
3092 3225 3232 3297 πρὸς
3260 3224 3387 3279 νοῦν
3412 3224 3706 3295 ἐκλαϐεῖν⁹
3746 3228 3824 3292 ὡς

512 3315 574 3372 in
604 3317 962 3388 animumque
1011 3319 1298 3386 inducere,
1334 3319 1547 3375 nullum
1581 3316 1687 3376 sibi
1730 3334 1856 3392 quae
1917 3319 1972 3374 in
2003 3332 2084 3388 po-

2249 3314 2383 3378 3851;
2411 3313 2598 3375 αὐτοῖς
2644 3312 2714 3367 τὰ
2758 3313 2899 3385 μετὰ
2938 3315 3167 3386 χρόνους
3203 3316 3439 3388 ἐσόμενα
3467 3315 3821 3387 προύλεγεν.

511 3412 730 3466 uerum
778 3414 968 3464 essent
1016 3416 1304 3477 eventura,
1331 3409 1685 3481 praedixisse;
1739 3408 1837 3466 sed
1905 3424 1936 3464 a
1988 3408 2083 3465 Det

2256 3405 2381 3470 ύτδς
2402 3404 2460 3460 δέ
2487 3399 2557 3476 ἦν
2584 3405 2612 3459 ὀ
2638 3402 2771 3469 Θεὸς
2802 3406 2832 3458 ὁ
2865 3406 2958 3460 καὶ
2987 3407 3271 3478 προλέγων
3305 3406 3373 3462 τὰ
3413 3408 3687 3481 δυσχερῆ.
3729 3412 3823 3466 καὶ

515 3498 669 3555 dura-
702 3506 759 3556 et
804 3514 999 3571 aspera
1044 3515 1171 3559 esse
1215 3502 1686 3574 praesigniﬁcata;
1720 3508 1782 3557 ut
1832 3501 2087 3558 sententi:

2253 3492 2652 3564 ετατιθεμένων
2702 3493 3163 3567 ἀνακαλούμενος.
3208 3498 3302 3552 Διὸ
3355 3500 3449 3553 καὶ
3489 3500 3823 3572 προῦλεγεν

514 3578 728 3647 mutata
752 3601 1151 3649 revocarentur
1186 3611 1201 3649 :
1235 3594 1475 3667 indeque
1498 3594 1637 3662 ﬁeri,
1670 3596 1816 3667 quod
1860 3602 2008 3649 metu
2032 3594 2086 3649 ac

2247 3584 2555 3657 πιστρέφων
2585 3584 2663 3657 τῷ
2692 3586 2864 3657 φόϐῳ.
2891 3582 3027 3640 Εἶτα
3054 3587 3351 3657 δείκνυσιν,
3399 3589 3472 3655 ὡς
3498 3592 3564 3644 οὐ
3600 3609 3819 3664 μνησι.

513 3683 955 3755 resipiscentiam
982 3701 1312 3757 provocans,
1341 3702 1466 3759 quae
1489 3698 1723 3745 ventura
1751 3695 1929 3743 essent
1959 3699 2085 3756 pra:-

2247 3675 2395 3731 ακῶν
2427 3675 2634 3740 αὐτοῖς,
2678 3676 2911 3745 ἀγαπῶν
2955 3676 3014 3731 δέ
3060 3677 3378 3734 τούναντίον
3406 3680 3552 3754 ἀπερ
3583 3682 3819 3753 ήθελον,

516 3774 739 3830 dixerit.
796 3773 1002 3830 Deinde
1057 3777 1306 3833 ostendit
1358 3793 1550 3833 eorum
1605 3793 1666 3834 se
1711 3792 1821 3832 non
1883 3773 2088 3845 injuria

2246 3767 2431 3840 πραξε.
2462 3768 2603 3831 Τοὺς
2633 3766 2743 3839 γὰρ
2770 3768 3111 3837 Χαλδαίους
3156 3770 3437 3837 θλίϐοντάς
3459 3788 3524 3825 τε
3556 3776 3659 3827 καὶ
3693 3777 3818 3829 ἐπι-

512 3866 923 3933 rccordatione,
954 3867 1058 3923 sed
1088 3867 1472 3926 benevolentia
1516 3871 1728 3941 potius,
1778 3869 1928 3940 quod
1964 3868 2084 3937 ipsi:

2243 3861 2522 3930 ιθεμένους
2552 3859 2756 3925 αὐτοῖς,
2812 3860 2904 3913 τὸν
2942 3859 3076 3914 θεὸν
3117 3861 3410 3931 ἠϐούλοντο
3461 3863 3815 3939 διαφθεῖραι,

512 3956 733 4013 libitum
789 3957 1007 4028 luisset,
1059 3961 1383 4030 perfecisse.
1432 3961 1569 4017 Cum
1619 3962 1767 4017 enim
1815 3959 2084 4016 Chaldaei

2258 3952 2325 4025 δὴ
2359 3954 2454 4008 καὶ
2488 3952 2816 4025 πεποίηκεν,
2864 3953 2969 4007 οὐκ
3014 3956 3402 4021 ἀνταποδιδοὺς
3439 3957 3515 4022 ὠς
3544 3959 3815 4025 δικαίοις,

512 4044 621 4101 sibi
680 4048 960 4118 perpetuis
1020 4048 1438 4106 incursionibus
1493 4050 1844 4107 imminentes
1905 4064 1937 4104 a
1988 4048 2084 4105 Det

2246 4046 2272 4098 ι’
2296 4043 2610 4114 ἀγαθότητα
2637 4043 2695 4098 δέ
2720 4043 3113 4116 χαρισάμενος,
3145 4046 3351 4118 καίπερ
3407 4049 3818 4120 ἡμαρτηκότας

511 4137 687 4195 deleri
742 4150 1042 4211 cuperent;
1104 4140 1158 4196 id
1197 4142 1379 4212 ipsum
1409 4150 1559 4198 certe
1596 4151 1652 4198 et
1684 4143 1774 4200 ille
1820 4142 2083 4215 praestitit

2243 4136 2457 4207 γαπῶν.
2492 4135 2583 4189 Διὸ
2627 4135 2727 4190 καὶ
2758 4135 2892 4207 πρὶν
2936 4136 3132 4191 παθεῖν
3161 4137 3328 4208 ὑμᾶς,
3356 4140 3621 4209 προεῖπον
3663 4141 3815 4194 ἐκεί-

512 4245 629 4286 non
672 4238 939 4302 tanquam
994 4232 1165 4302 justis
1226 4233 1459 4303 gratiam
1498 4233 1812 4298 relaturus,
1865 4232 1961 4289 sed
1999 4247 2084 4303 prt

2241 4244 2311 4281 ων
2334 4226 2431 4299 τὴν
2458 4226 2666 4298 ἔφοδον,
2693 4228 2782 4283 ἵνα
2815 4228 3251 4299 μετανοήσαντες
3279 4229 3565 4298 ἄπρακτον
3591 4232 3813 4301 ταύτην

513 4337 614 4379 sua
649 4323 1009 4394 benignitate,
1037 4338 1251 4394 suoque
1278 4339 1489 4390 amore,
1517 4324 1851 4382 beneﬁcium
1904 4324 1961 4379 in
2012 4326 2085 4379 in-

2242 4319 2495 4390 ςοιήσητε.
2557 4318 2667 4382 Οὓς
2716 4326 2738 4355 ³
2798 4317 2872 4390 μή
2928 4318 3291 4389 πειθομένων,
3347 4319 3610 4374 εύὼδωσα
3688 4321 3814 4376 καθ’

514 4418 705 4479 gratos
757 4413 925 4467 etiam
975 4420 1030 4467 et
1088 4422 1409 4483 peccatores
1464 4414 1862 4473 collocaturus.
1910 4414 2086 4485 Atque

2245 4410 2382 4481 μῶν,
2408 4408 2680 4464 παιδεύων
2704 4410 2849 4480 ὑμᾶς
2872 4409 3224 4480 ἀμετανόητα
3265 4408 3809 4481 πλημμελήσαντας.

452 4504 460 4511 ’
513 4502 648 4558 hinc
680 4510 785 4568 est,
820 4501 1019 4573 inquit,
1048 4503 1198 4573 quod
1247 4504 1573 4577 priusquam
1606 4520 1705 4563 vos
1733 4506 1844 4577 pati
1871 4507 2020 4561 conti

2239 4502 2353 4566 ‘tvéc
2384 4501 2443 4555 δέ
2474 4500 2568 4555 τὸν
2593 4500 2776 4573 Κῦρον
2807 4501 3119 4555 εὐωδῶσθαι
3146 4501 3289 4555 κατά
3307 4502 3626 4557 Χαλδαίων
3654 4506 3811 4576 είρή⁴

514 4601 688 4663 geret,
722 4606 914 4646 eorum
939 4596 993 4647 in
1018 4608 1118 4649 vos
1148 4594 1556 4665 expeditionem
1588 4594 1848 4667 prmdixi;
1884 4607 1945 4651 ut
1967 4611 2086 4651 cum

2236 4611 2325 4648 ασι
2351 4593 2526 4663 φειδοῖ
2567 4593 2676 4647 τῶν
2722 4593 3013 4666 Ἐϐραίων,
3058 4593 3183 4647 καθ’
3212 4588 3287 4649 ὧν
3324 4593 3682 4661 ἐπεδείξαντο
3713 4597 3808 4668 τὴν

512 4682 887 4754 paenituisset,
926 4684 1063 4739 nihil
1124 4685 1180 4741 in
1236 4700 1336 4741 vos
1379 4687 1469 4741 illa
1513 4688 1816 4758 quidquam
1864 4687 2084 4743 valeret.

2236 4685 2477 4755 ,μότητα.
2514 4681 2701 4737 Ταῦτα
2752 4682 2852 4753 μὲν
2896 4677 2992 4737 οὖν
3041 4682 3188 4738 κατὰ
3226 4682 3421 4754 καιρὸν
3459 4684 3688 4754 ποιήσω
3719 4685 3808 4738 τὸν

513 4776 650 4844 Quae
682 4791 806 4833 cum
833 4776 1130 4848 impetrare
1156 4795 1265 4835 non
1298 4779 1623 4848 potuissem,
1656 4779 1949 4836 adversum
1994 4794 2085 4836 vos

2231 4778 2486 4833 ιέλλοντα.
2533 4777 2725 4847 Ὑμεῖς
2778 4777 2834 4830 δέ
2881 4775 3056 4830 ταῦτα
3112 4776 3496 4848 μεμαθηκότες
3552 4779 3672 4832 οὐκ
3734 4779 3803 4831 ἐν

509 4869 640 4926 ideo
667 4869 1127 4941 progrediendum
1164 4871 1381 4935 censui,
1414 4881 1473 4927 ut
1501 4871 1553 4924 in
1606 4885 1702 4927 eos
1750 4869 2081 4927 animadver-

2228 4869 2397 4940 ιρι)φῇ
2448 4868 2777 4939 λαλούμενα,
2847 4870 2945 4924 σὺν
2997 4870 3167 4940 πολλῇ
3218 4869 3276 4923 δὲ
3335 4871 3400 4940 τῇ
3466 4870 3800 4941 παρρησίᾳ,

511 4970 707 5027 terem,
728 4962 820 5033 qui
847 4962 997 5017 nulla
1020 4970 1382 5034 peccatorum
1407 4962 1750 5033 pamitudine
1770 4972 2083 5034 tanguntur.

2238 4981 2361 5017 κετε
2393 4963 2545 5032 πρός
2589 4979 2664 5031 με
2706 4961 3031 5027 σπεύδοντες
3057 4979 3071 4993 ⁸
3101 4962 3195 5016 καὶ
3255 4962 3364 5033 γὰρ
3409 4963 3496 5016 ὅτε
3548 4962 3738 5017 ταῦτα
3778 4964 3805 5015 ὁ

512 5052 657 5109 Sunt
686 5068 817 5111 vero
842 5055 937 5125 qui
967 5053 1171 5126 Cyrum
1205 5054 1476 5111 adversus
1505 5053 1788 5111 Chaldaeos
1834 5054 2084 5113 Hebraeo-

2232 5054 2385 5126 ἰατὴρ
2414 5053 2734 5113 ἐϐουλεύετο
2762 5054 2894 5122 παρ’
2927 5054 3079 5126 αὐτῷ
3110 5056 3243 5126 ήμῖν
3277 5056 3319 5109 ί.
3345 5054 3455 5108 Καὶ
3484 5053 3587 5109 νῦν
3614 5055 3677 5109 δέ
3710 5054 3804 5108 αὖα

509 5159 634 5200 rum
663 5145 909 5211 nomine,
954 5147 1015 5200 in
1032 5161 1170 5216 quos
1201 5145 1278 5199 illi
1309 5145 1568 5201 suaviores
1599 5147 1952 5211 exsisterent,
1975 5146 2081 5203 feli-

2231 5147 2288 5211 ὸς
2317 5147 2346 5200 ὁ
2376 5145 2588 5218 Πατὴρ,
2612 5146 2705 5201 καὶ
2738 5148 2803 5201 τὸ
2835 5146 3079 5216 Πνεῦμα
3111 5146 3212 5217 τῆς
3261 5144 3579 5218 ἁγιωσύνης
3608 5146 3803 5202 αὐτοῦ

510 5236 651 5294 citer
686 5252 839 5292 arma
867 5238 1106 5295 movisse
1133 5238 1495 5295 arbitrentur.
1530 5239 1640 5297 ista
1667 5241 1860 5312 igitur,
1888 5240 2082 5310 inquit1

2230 5239 2340 5310 πρὸς
2389 5238 2735 5311 κατόρθωσιν
2780 5255 2848 5310 με
2896 5238 3005 5292 τῶν
3060 5237 3153 5292 ὑπ’
3204 5237 3371 5292 αὐτοῦ
3414 5237 3802 5309 διωρισμένων

512 5343 614 5386 suo
669 5336 918 5402 tempore
973 5346 1097 5388 sum
1149 5331 1409 5403 deinceps
1465 5333 1834 5403 praistiturus.
1882 5332 1992 5390 Vos
2030 5349 2084 5390 ea

2226 5331 2582 5392 ἐπέστειλεν.
2621 5333 2741 5398 Πῶς
2771 5332 2828 5387 δέ
2867 5334 2977 5388 οὐκ
3020 5332 3089 5387 ἐν
3122 5330 3325 5402 κρυφῇ
3352 5333 3798 5405 προαπήγγειλι,

582 5505 634 5541 ⁸⁸
669 5503 753 5563 lsa
799 5522 848 5576 ι,
876 5507 932 5563 2.

1799 5602 2036 5662 VARle
2092 5604 2504 5664 LECTIONES.

592 5704 617 5735 ν
646 5712 737 5767 π).
775 5697 951 5767 ὑμεῖς.
1000 5692 1004 5696 Α
1031 5707 1051 5735 ⁸
1080 5713 1177 5766 γρ.
1201 5688 1298 5752 ὧν.
1380 5698 1398 5732 τ
1427 5712 1516 5767 γρ.
1546 5692 1637 5770 ἦν.
