3980 6306
223 234 366 304 2461

1302 241 1839 304 COMMENTARII
1879 239 1964 302 IN
1994 239 2260 302 ISAIAM
2273 285 2289 301 .

3346 221 3491 290 24ΰὲ

226 370 357 422 τετε
372 356 521 426 πρός
542 376 622 429 με
646 361 747 416 καί
776 325 1081 417 ἀκούσατε
1111 360 1318 424 ταῦτα,
1368 357 1606 428 Χριστοῦ
1642 357 1812 428 πρόο-

1944 367 2159 425 nutare,
2178 357 2451 426 nihilque,
2487 352 2635 425 quod
2658 349 3035 409 Chaldaeorum
3066 343 3317 401 instituta
3354 343 3493 396 resi-

226 464 374 501 ωπον
400 448 458 502 τὸ
482 449 638 520 λέγον
670 451 812 508 εἶναί
842 473 1028 525 φασιν,
1061 455 1136 517 ὡς
1156 453 1222 508 ἂν
1254 454 1438 516 αὐτοῖς
1466 453 1566 524 τὴν
1589 452 1655 506 δι’
1680 454 1807 506 ἐαυ-

226 538 320 591 τοῦ
348 542 617 614 σωτηρίαν
659 545 973 616 δηλώσειεν.
1033 547 1142 600 Καὶ
1182 545 1265 610 τὸ,
1313 546 1434 599 Οὐκ
1469 545 1571 599 ἀπ’
1610 541 1808 612 ἀρχῆς

230 630 289 685 ἐν
329 638 511 707 κρυφῇ
558 638 876 707 λελάληκα
891 655 912 704 ;
966 639 1059 710 Μὴ
1087 639 1188 692 οὐκ
1245 637 1310 692 ἐκ
1358 632 1616 701 παλαιοῦ,
1649 634 1805 704 φησὶ,

232 726 488 794 προεῖπον
546 729 1077 801 ἐπικεκαλυμμένως
1154 729 1329 783 ταῦτα
1379 727 1468 782 διὰ
1511 727 1811 800 προφητῶν

231 810 340 865 ἀπὸ
377 824 405 854 ν
426 815 519 870 τοῦ
550 818 749 891 καιροῦ
779 820 1034 889 γενέσθαι
1060 836 1079 889 ;
1118 820 1272 885 αὐτὸ,
1314 819 1447 875 ἐκεῖ
1475 821 1613 889 εἰμι,
1643 819 1811 890 πρινὴ

232 898 483 965 γενέσθαι
508 906 608 977 τὴν
666 908 861 962 ἑαυτοῦ
896 910 1201 981 παρουσίαν
1240 909 1475 981 ὁρατῶς,
1526 908 1811 977 γεγονέναι

233 982 380 1053 λέγει
439 990 643 1063 ταύτην
666 995 815 1067 παρὰ
840 996 959 1067 Θεῷ
982 996 1121 1051 κατὰ
1176 997 1269 1051 τὸν
1333 998 1669 1070 προορισμδν
1708 997 1814 1068 πρὸ

235 1078 541 1153 καταϐολῆς
582 1084 814 1157 κόσμου.
873 1089 987 1142 Καὶ
1030 1088 1150 1144 νῦν
1209 1089 1423 1156 Κύριος
1464 1087 1815 1143 ἀπέσταλκά

230 1183 329 1269 μεζ
363 1171 461 1224 καὶ
488 1173 570 1269 τὸ
608 1178 851 1269 Πνεῦμα
878 1181 1086 1237 αὐτοῦ.
1139 1178 1213 1234 Τὸ
1233 1180 1341 1249 γὰρ
1369 1179 1459 1235 ἀεὶ
1488 1181 1638 1251 παρὰ
1665 1179 1807 1252 Θεῷ,

234 1263 394 1314 τοῦτο
455 1263 552 1319 νῦν
594 1268 808 1339 ὁρατῶς
856 1273 915 1324 ἐν
954 1271 1146 1342 κόσμῳ
1187 1273 1420 1341 γίνεται.
1459 1270 1616 1325 Κατὰ
1649 1271 1705 1324 δὲ
1751 1271 1811 1325 τὸ

1913 450 2049 519 piat,
2081 448 2354 512 retinere;
2379 458 2653 515 omneque
2705 439 3063 511 auguriorum
3099 441 3154 491 et
3205 430 3491 486 raticinio-

1915 556 2038 597 rum
2072 555 2282 611 genus,
2308 552 2526 595 omnem
2557 535 2793 604 denique
2847 527 3176 586 idololatriae
3199 533 3254 580 et
3283 519 3492 577 erroris

1913 646 2103 688 curam
2130 631 2403 702 deponere
2426 628 2749 687 adhortatur
2776 641 2792 678 :
2816 621 2963 694 quod
2984 625 3163 691 potest
3176 618 3338 673 etiam
3364 626 3503 683 gen-

1917 725 2066 780 tibus
2093 723 2351 778 omnibus
2362 719 2679 777 convenire.
2695 714 2955 773 Nonnulli
2980 726 3145 783 porro
3161 708 3325 764 verba
3344 705 3449 759 ista
3474 718 3490 755 :

1916 813 2175 869 Adducite
2189 812 2259 868 ad
2285 829 2387 878 me,
2412 822 2461 867 et
2487 811 2664 865 audite
2692 808 2826 873 Iure,
2848 805 3052 863 Christi
3080 815 3204 859 esse
3222 796 3497 852 arbitran-

1918 914 2031 969 tur,
2058 914 2316 974 tanquam
2375 919 2435 960 se
2459 903 2567 958 illis
2600 908 2822 972 propter
2852 900 3094 967 seipsum
3121 892 3353 949 salutem
3382 886 3498 938 lar-

1916 996 2021 1067 giri
2052 997 2415 1051 demonstret.
2443 994 2539 1049 llla
2566 992 2768 1049 deinde
2804 1007 2818 1045 :
2851 988 2976 1043 Non
3014 986 3078 1041 ab
3107 984 3260 1039 initio
3289 979 3501 1034 locutus

1919 1089 2079 1143 sum?
2112 1094 2376 1155 tanquam
2400 1101 2460 1142 se
2492 1085 2562 1141 ab
2599 1083 2827 1154 antiquo
2870 1081 2975 1137 ista
3001 1078 3218 1133 occulte
3250 1085 3344 1143 per
3372 1082 3498 1136 pro-

1922 1182 2119 1253 phetas
2173 1180 2496 1250 priusquam
2542 1177 2768 1242 tierent,
2824 1171 3145 1247 praedixisse
3203 1162 3496 1233 signiticet.

1922 1273 2215 1336 Praeterea,
2257 1269 2406 1341 quod
2470 1269 2545 1323 ibi
2595 1284 2714 1323 sum
2766 1268 3039 1330 habetur;
3092 1269 3385 1327 antequam
3440 1265 3502 1307 se
3546 1255 3551 1261 '

235 1349 574 1419 ἀνθρώπινον
622 1358 663 1425 ἡ
711 1357 1051 1430 ἀποστολὴ.
1081 1361 1214 1424 Θεὸς
1271 1362 1383 1432 γὰρ
1438 1361 1526 1414 ἀεὶ
1582 1361 1813 1432 πάρεστι

235 1445 421 1499 πᾶσιν.
462 1447 827 1505 ’Δπεστάλθαι
880 1452 938 1505 δέ
984 1452 1079 1506 καὶ
1125 1451 1279 1525 παρὰ
1327 1452 1425 1507 τοῦ
1467 1453 1819 1522 Πνεύματος

233 1536 470 1608 λέγεται,
510 1542 647 1597 καθὸ
675 1545 739 1599 ἐκ
765 1547 1114 1616 Πνεύματος
1155 1547 1312 1616 ἁγίου
1346 1548 1629 1615 γεννᾶται.
1659 1546 1818 1611 Τινὲς

1944 1547 2209 1603 lecretum
2258 1544 2454 1612 fuisse,
2492 1544 2733 1614 indeque
2783 1541 2851 1595 Et
2892 1554 3031 1594 nunc
3061 1533 3323 1590 Dominus
3358 1527 3505 1581 misit

233 1627 292 1682 δέ
344 1630 445 1684 τοῦ
492 1633 660 1688 αὐτοῦ
718 1636 1015 1708 προσώπου
1066 1639 1199 1707 φασὶ
1245 1638 1344 1692 τό’
1409 1638 1471 1696 Ἡ
1522 1638 1654 1708 χείρ
1701 1655 1817 1707 μου

1944 1655 2029 1704 ne,
2057 1650 2106 1693 et
2127 1637 2360 1708 Spiritus
2383 1638 2497 1707 ejus
2520 1635 2782 1707 adjicere.
2817 1632 2920 1700 Qui
2948 1630 3094 1687 enim
3120 1637 3334 1694 semper
3358 1616 3506 1689 apud

232 1718 589 1789 ἐθεμελίωσε
608 1724 724 1795 τὴν
759 1726 896 1798 γῆν,
927 1728 1029 1783 καί
1058 1730 1096 1797 ἡ
1131 1727 1301 1794 δεξιὰ
1335 1745 1456 1799 μου
1493 1728 1603 1782 τὸν
1640 1730 1820 1796 οὐρα-

1944 1732 2097 1786 Jeum
2125 1730 2413 1792 remansit,
2448 1727 2592 1783 idem
2616 1741 2766 1782 nunc
2794 1725 2848 1778 in
2879 1720 3093 1777 mundo
3129 1715 3304 1770 oculis
3330 1709 3506 1777 subji-

232 1812 342 1867 νὸν
367 1814 758 1887 ἐστερέωσεν.
790 1823 905 1878 Καὶ
955 1823 1037 1888 τὸ,
1063 1824 1195 1879 Νῦν
1217 1826 1436 1894 Κύριος
1472 1821 1821 1878 ἀπέσταλκέ

1944 1823 2091 1878 :itur.
2116 1821 2211 1877 Est
2246 1834 2374 1875 vero
2401 1819 2468 1874 de
2494 1818 2659 1890 549
2673 1815 3015 1872 humanitate
3054 1812 3173 1879 ipsa
3239 1799 3506 1859 missionis

227 1922 304 1976 με
363 1909 461 1963 καὶ
507 1911 570 1964 τὸ
633 1914 878 1985 Πνεῦμα
932 1916 1143 1983 αὐτοῦ,
1186 1917 1325 1989 ὅπερ
1366 1912 1701 1986 δημιουργὸν
1723 1914 1815 1967 τὸν

1944 1915 2068 1969 'atio
2099 1913 2446 1982 accipienda.
2476 1911 2647 1966 Adest
2667 1911 2816 1965 enim
2842 1906 2984 1962 Deus
3003 1904 3206 1972 ubique
3228 1895 3507 1957 omnibus;

233 1998 327 2053 ἐπὶ
352 1999 461 2072 γῆς
492 2001 716 2059 ἐλθόντα
744 2005 1097 2078 παρίστησιν.

1944 2006 2023 2061 sed
2046 2021 2074 2059 a
2116 2004 2325 2075 Spiritu
2353 2006 2518 2060 etiam
2553 2003 2754 2058 missus
2782 2014 2905 2055 esse
2940 1996 3141 2052 dicitur
3162 1994 3207 2057 ⁸,
3239 1995 3512 2061 quatenus

182 2173 185 2176 ν
235 2107 267 2147 a
307 2092 517 2164 Spiritu
544 2107 735 2154 sancto
765 2110 1082 2172 generatur.
1134 2100 1252 2155 Non
1284 2100 1479 2156 desunt
1526 2112 1733 2169 tamen,
1774 2098 1868 2171 qui
1909 2100 2042 2156 illud
2075 2117 2089 2154 :
2124 2099 2319 2154 Manus
2344 2116 2463 2154 mea
2480 2098 2723 2165 {aindavit
2747 2103 2940 2148 terram
2965 2130 2980 2155 ,
3010 2100 3059 2144 et
3111 2089 3328 2144 dextera
3396 2093 3514 2132 mea

236 2187 420 2244 calum
448 2189 726 2260 stabilivit,
754 2200 811 2250 et
839 2192 974 2248 illud
1003 2194 1189 2260 etiam,
1262 2191 1421 2248 Nunc
1467 2193 1723 2248 Dominus
1782 2192 1932 2246 misit
2006 2207 2125 2258 me;
2202 2194 2442 2262 itemque
2473 2191 2649 2246 illud:
2684 2186 2920 2256 Spiritus
2959 2183 3098 2252 ejus,
3159 2195 3272 2253 quo
3330 2173 3510 2247 opifex

1923 1364 2223 1420 videndum
2277 1364 2536 1418 omnibus
2594 1361 2886 1431 praeberet,
2949 1355 3190 1424 idipsum
3217 1348 3330 1418 jam
3358 1342 3502 1414 apud

1926 1457 2098 1511 Deum
2148 1463 2276 1509 ante
2323 1453 2514 1509 mundi
2578 1449 3027 1507 constitutionem
3075 1441 3402 1514 praeﬁnitum
3448 1442 3503 1489 et

237 2277 347 2350 ille,
376 2280 477 2353 qui
507 2281 569 2338 in
591 2289 797 2340 terram
831 2285 1006 2353 venit,
1028 2283 1395 2355 signiﬁcatur,
1415 2284 1668 2354 ejusdem
1697 2298 1821 2341 esse
1860 2300 2112 2356 personae
2145 2285 2510 2340 arbitrentur.

832 2419 1089 2474 ΚΕΦΑΛ.
1122 2419 1257 2474 ΜΘ’.

306 2530 467 2603 ωριτε
508 2532 837 2589 ’Δκούσατέ
886 2551 1030 2602 μου,
1081 2530 1284 2602 νῆσοι,
1312 2531 1411 2587 καί
1461 2529 1824 2600 προσέχετε,

240 2624 405 2694 ἔθνη.
422 2624 532 2681 Διὰ
545 2625 770 2696 χρόνου
798 2624 1035 2681 πολλοῦ
1055 2625 1373 2691 στήσεται,
1403 2623 1566 2692 λέγει
1590 2623 1828 2690 Κύριος.

254 2716 354 2771 Ἕκ
372 2716 615 2782 κοιλίας
632 2715 863 2787 μητρός
912 2732 1032 2785 μου
1085 2713 1342 2769 ἐκάλεσε
1382 2716 1446 2766 τὸ
1470 2710 1660 2780 ὄνομά
1684 2728 1828 2781 μου,

242 2811 342 2866 καί
389 2813 578 2880 ἔθηκε
635 2811 705 2866 τὸ
759 2812 955 2881 στόμα
977 2828 1118 2880 μου,
1154 2809 1234 2875 ὡς
1257 2808 1565 2878 μάχαιραν
1604 2805 1833 2871 ὀξεῖαν,

243 2902 484 2959 mione
507 2901 625 2971 τὴν
647 2904 891 2971 σκέπην
925 2901 1039 2969 τῆς
1090 2901 1290 2971 χειρὸς
1338 2898 1527 2954 αὑτοῦ
1604 2895 1840 2966 ἔκρυψέ

243 3011 339 3066 με.
370 2994 591 3062 Ἔθηκέ
615 3010 693 3064 με
748 2992 892 3047 ὡσεί
931 2992 1127 3058 ,ϐέλος
1171 2989 1483 3053 ἐκλεκτὸν,
1524 2988 1622 3042 καὶ
1662 2987 1731 3041 ἐν
1764 2984 1841 3055 τῇ

244 3088 510 3157 φαρέτρα
539 3083 728 3139 αὑτοῦ
777 3084 1010 3153 ἔκρυψέ
1038 3100 1137 3153 με,
1169 3082 1267 3137 καί
1293 3078 1425 3136 εἶπέ
1438 3096 1571 3150 μοι·
1607 3079 1839 3147 Δοῦλός

242 3194 360 3248 μου
412 3172 475 3232 εἴ
514 3175 619 3235 σὺ,
650 3174 924 3245 Ἰσραὴλ,
984 3173 1084 3228 καί
1142 3173 1211 3229 ἐν
1250 3171 1351 3228 σοὶ
1389 3169 1845 3241 ἐνδοξασθήσο-

244 3287 375 3340 μαι,
407 3286 467 3323 κ.
496 3286 549 3322 τ.
581 3267 634 3323 λ.

318 3384 402 3440 Τὰ
422 3380 741 3454 κατάλληλα
796 3381 912 3444 τοῖς
959 3377 1235 3444 Ἰουδαίοις
1262 3377 1454 3444 εἰπὼν,
1480 3378 1575 3431 ἐπὶ
1596 3376 1694 3447 τὴν
1731 3372 1841 3427 τῶν

251 3475 420 3532 ἐθνῶν
445 3470 607 3538 αὖθις
653 3472 983 3543 μετέρχεται
1046 3469 1296 3537 κλῆσιν,
1330 3466 1425 3522 καὶ
1449 3467 1546 3522 τοῦ
1587 3466 1843 3535 Σωτῆρος

251 3567 347 3639 τὴν
412 3565 762 3634 ἐπιφάνειαν.
804 3560 897 3616 Διὸ
950 3560 1050 3624 τὰς
1103 3558 1431 3628 Ἐκκλησίας
1489 3554 1843 3611 ἀνακαλεῖται

252 3660 492 3729 νήσους
522 3655 714 3722 εἰπὼν,
747 3655 825 3719 ὡς
866 3653 1135 3724 ἁλμυροῖς
1158 3650 1253 3704 τοῦ
1280 3649 1398 3721 βίου
1453 3649 1548 3702 καὶ
1574 3648 1685 3701 τῶν
1718 3663 1844 3699 πει-

255 3749 486 3822 ρασμῶν
547 3746 1020 3817 περικλυζομένας
1077 3744 1192 3807 τοῖς
1248 3740 1486 3821 μύμασι.
1534 3741 1710 3793 Τίνων
1787 3738 1845 3792 δὲ

253 3843 310 3898 al
354 3841 543 3911 νῆσοι
597 3837 774 3910 δηλῶν
830 3836 1082 3907 ἐπιφέρει
1109 3834 1223 3900 καὶ,
1286 3830 1645 3901 Προσέχετε,
1674 3829 1842 3898 ἔθνη,

258 3936 475 4007 μήποτε
506 3929 741 4003 νομισθῇ
770 3928 907 3998 πρὸς
952 3925 1240 3989 Ἰουδαίους
1290 3927 1319 3977 ὁ
1352 3923 1530 3991 λόγος.
1569 3920 1730 3976 Καὶὸ
1752 3919 1847 3991 μέ-

124 4036 145 4061 ο
255 4039 358 4092 γας
381 4022 442 4077 δὲ
465 4019 619 4090 λέγει
649 4017 817 4073 Δαὸίδ
836 4034 850 4048 ·
881 4035 902 4070 ι
944 4017 1004 4070 '0
1032 4016 1237 4086 Κύριος
1279 4012 1652 4080 ἐϐασίλευσεν,
1679 4010 1849 4080 ἀγαλ-

254 4115 463 4170 λιάσθω
486 4115 522 4185 ἡ
559 4113 653 4183 γῆ.
674 4094 1172 4183 Εὑφραινέσθωσαν
1196 4107 1351 4178 νῆσοι
1388 4104 1605 4160 πολλαί.
1639 4123 1659 4157 ι
1700 4103 1767 4157 Τί
1788 4101 1847 4158 δὲ

255 4206 405 4277 λέγει
432 4200 550 4269 τοῖς
577 4206 802 4269 ἔθνεσι,
837 4200 912 4273 μὴ
940 4198 1081 4254 κατὰ
1110 4197 1203 4252 τὸν
1226 4198 1326 4269 τῆς
1355 4194 1693 4268 προφητείας
1727 4210 1849 4248 και·

259 4299 353 4370 ρὸν
381 4296 497 4351 τῶν
527 4293 871 4367 πραγμάτων
897 4289 1268 4361 προσδοκῆσαι
1294 4287 1393 4359 τὴν
1430 4286 1675 4352 ἔκϐασιν,
1702 4285 1853 4355 μετὰ

258 4392 488 4459 χρόνον
514 4386 583 4442 δὲ
598 4385 921 4450 πλεῖστον;
944 4381 1330 4450 Στήσεταιδέ,
1356 4379 1579 4450 λέγει,ἢ
1606 4377 1668 4432 τὸ
1685 4379 1854 4446 ἐπαγ-

257 4481 471 4551 γελθέν,
498 4478 614 4551 ἢτδ
636 4476 1136 4550 προφητευόμενον.
1172 4472 1247 4526 Τὸ
1268 4471 1328 4526 δέ
1364 4471 1462 4526 διὰ
1490 4470 1716 4540 χρόνου
1737 4471 1851 4539 [ta-

258 4572 431 4642 κροῦ.
450 4571 755 4642 μακρόθεν
784 4567 1052 4633 ἐξέδωκαν
1080 4566 1131 4620 oi
1168 4565 1351 4618 λοιποὶ
1397 4565 1511 4627 τοῖς
1546 4561 1655 4630 πρὸ
1678 4561 1850 4632 αὐτῆς

1865 3297 1914 3361 C

2429 2415 2593 2486 550
2623 2412 2774 2469 CAP.
2821 2408 3016 2467 xux.

2006 2527 2164 2582 Vsus.
2200 2527 2351 2581 1-13.
2376 2524 2570 2579 Audite
2595 2522 2920 2588 me,insula:,
2945 2530 2993 2575 et
3014 2519 3289 2582 attendite,
3320 2524 3513 2586 gentes.

1934 2620 2066 2674 Post
2102 2619 2327 2671 multum
2352 2627 2550 2685 tempus
2585 2616 2767 2680 stabit,
2804 2612 2933 2667 dicit
2971 2612 3248 2666 Dominus.
3288 2608 3360 2663 De
3393 2624 3518 2661 ven—

1935 2720 2015 2766 tre
2051 2712 2236 2764 matris
2267 2726 2393 2763 mem
2449 2707 2647 2762 vocarit
2677 2706 2864 2761 nomen
2912 2719 3119 2766 meum;
3164 2711 3212 2755 et
3245 2700 3424 2770 posuit
3461 2715 3518 2751 os

1936 2818 2132 2866 meum,
2180 2799 2336 2870 quasi
2389 2798 2627 2868 gladium
2674 2808 2913 2860 acutum,
2976 2806 3023 2850 et
3072 2796 3167 2849 sub
3195 2792 3525 2861 protectione

1938 2908 2127 2947 manus
2157 2902 2267 2945 sua:
2293 2885 2561 2940 abscondit
2593 2901 2693 2937 me.
2726 2882 2913 2937 Posuit
2949 2899 3028 2935 me
3072 2893 3323 2949 tauquam
3358 2880 3518 2946 sagit-

1939 2997 2046 3042 tam
2069 2985 2308 3047 electam,
2330 2990 2376 3033 et
2404 2981 2454 3031 in
2480 2979 2729 3043 pharetra
2760 2991 2857 3027 sua
2882 2973 3153 3025 abscondit
3185 2979 3283 3030 me,
3309 2982 3354 3024 et
3383 2969 3516 3022 dixit

1939 3071 2108 3127 mihi:
2147 3070 2339 3125 Servus
2390 3084 2535 3121 meus
2591 3083 2645 3122 es
2694 3074 2772 3134 tu,
2800 3062 2997 3128 Israel,
3039 3069 3087 3115 et
3120 3061 3176 3114 in
3227 3067 3275 3113 te
3314 3055 3523 3127 gloriﬁ-

1938 3164 2122 3226 eabor,
2157 3168 2264 3217 etc.

2017 3353 2174 3425 55],
2201 3350 2499 3422 Postquam
2523 3364 2644 3421 quae
2677 3346 2881 3404 Judaeis
2899 3352 3290 3418 congruerent‘.
3317 3341 3528 3405 attulit,

1947 3439 2013 3501 ad
2056 3445 2300 3516 gentium
2335 3458 2481 3498 nunc
2504 3442 2850 3502 vocationem,
2881 3433 3177 3511 ipsuque
3224 3433 3533 3491 Salvatoris

1947 3536 2246 3592 adventum
2304 3535 2504 3591 iterum
2568 3548 2629 3589 se
2679 3532 2931 3598 confert;
2968 3532 3202 3600 ideoque
3256 3524 3531 3583 Ecclesias

1949 3630 2100 3698 ipsas
2130 3624 2436 3679 insularum
2464 3624 2688 3679 nomine
2715 3620 3079 3690 signiﬁcatus,
3123 3627 3382 3685 tanquam
3420 3610 3533 3666 sal-

1949 3723 2028 3777 sis
2059 3730 2111 3774 et
2140 3720 2344 3775 amaris
2377 3719 2543 3788 hujus
2577 3718 2722 3783 vitae,
2752 3714 3227 3780 tentationumquc
3274 3693 3532 3761 ﬂuctibus

1948 3813 2194 3883 undique
2247 3813 2579 3875 obruantur,
2610 3808 2856 3865 excitare
2884 3812 3138 3860 conatur.
3172 3800 3358 3868 Neque
3397 3811 3534 3851 vero

1950 3919 2185 3978 quorum
2221 3902 2429 3958 insulas
2481 3900 2773 3971 intelligat,
2831 3898 3091 3970 ignorare
3139 3891 3367 3964 patitur,
3404 3902 3534 3942 cum

1952 3995 2222 4052 attendere
2250 4004 2427 4065 gentes
2463 3992 2737 4063 imperat;
2771 4003 2838 4044 ne
2877 3988 2944 4043 de
2968 3984 3174 4041 Judaeis
3218 3991 3532 4037 sermonem

1952 4105 2076 4148 esse
2111 4089 2237 4162 quis
2276 4087 2591 4143 arbitretur.
2626 4083 2772 4149 Quin
2794 4089 2850 4137 ct
2879 4078 3022 4151 apud
3072 4089 3331 4145 magnum
3372 4070 3535 4124 Davi-

1954 4185 2076 4242 dem
2134 4184 2242 4238 ista
2275 4180 2508 4251 legimus
2538 4195 2552 4231 :
2587 4197 2606 4231 ι
2636 4175 2907 4232 Dominus
2979 4168 3253 4238 regnarit,
3293 4161 3536 4219 exsultet

1953 4286 2122 4342 terra,
2171 4274 2426 4330 laetentur
2460 4271 2656 4327 insulae
2692 4268 2876 4322 multae
2906 4265 2949 4318 ⁸.
2974 4283 2993 4316 ι
3024 4259 3168 4328 Quid
3206 4263 3288 4313 est
3325 4260 3534 4316 autem,

1955 4365 2101 4440 quod
2133 4375 2306 4438 gentes
2353 4364 2511 4435 jubet
2542 4377 2656 4417 non
2692 4362 2813 4431 ipso
2851 4356 3135 4428 propheta:
3182 4360 3428 4420 tempore
3453 4358 3539 4440 re:

1954 4436 2080 4517 rum
2113 4436 2396 4522 eventum,
2418 4456 2512 4513 sed
2542 4462 2661 4527 post
2693 4453 2906 4524 longam
2940 4460 3142 4519 tempus
3175 4450 3494 4512 exspectare
3513 4436 3542 4491 ἲ

1958 4553 2137 4611 Stabit
2162 4567 2313 4618 vero,
2333 4551 2515 4622 inquit
2539 4567 2553 4604 :
2575 4556 2670 4603 aut
2703 4547 2850 4618 quod
2890 4539 3275 4599 annuntiatum
3303 4540 3422 4596 est,
3446 4536 3540 4584 aut
3600 4568 3605 4571 ς

572 4624 702 4731 ἴτην
734 4624 899 4726 λέξιν.
928 4655 1086 4710 Οὕτω
1141 4655 1191 4724 γ’
1217 4649 1311 4708 οὖν
1366 4624 1695 4737 Σύμμαγος,
1727 4624 1834 4706 Kal

1948 4644 2095 4717 quod
2149 4644 2553 4715 prophetatum.
2584 4640 2692 4695 Pro
2736 4654 2846 4709 quo
2906 4635 3103 4690 deinde
3152 4637 3272 4702 post
3323 4624 3540 4737 longum

259 4752 593 4823 ἀκροᾶσθε,
618 4753 790 4819 ἔθνη,
815 4749 1136 4820 μακρόθεν,
1154 4747 1512 4818 ἐρμήνευσεν.
1564 4743 1764 4796 Σκόπει
1795 4742 1852 4797 δέ

261 4847 338 4912 ὡς
358 4846 428 4902 τὰ
456 4844 555 4901 νῦν
582 4846 614 4898 ὁ
650 4843 856 4916 Κύριος
902 4841 1077 4910 λέγει,
1106 4839 1202 4895 καὶ
1248 4838 1378 4910 περὶ
1406 4836 1599 4908 ἐτέρου
1641 4834 1850 4906 Κυρίου

262 4938 352 4994 διὰ
382 4937 495 4992 τῶν
530 4935 655 5006 ἑξῆς
674 4934 1004 5003 διαλέγεται,
1028 4929 1285 5001 γέννησίν
1301 4945 1360 4984 τε
1381 4927 1556 4996 λέγων
1578 4935 1605 4964 ι
1632 4925 1851 4992 ἐαυτοῦ,

265 5030 363 5086 καὶ
383 5026 650 5091 δουλείαν,
684 5026 779 5080 καὶ
801 5023 873 5078 τὰ
904 5021 1130 5078 τοιαῦτα
1169 5019 1366 5089 λέγων.
1402 5020 1622 5087 Κύριος
1648 5018 1717 5072 ἐκ
1744 5034 1851 5088 γαν

266 5121 457 5192 mpm;
485 5117 743 5175 ἐκάλεσέ
799 5133 894 5187 με,
956 5115 1026 5169 ἐκ
1057 5115 1294 5181 κοιλίας
1317 5113 1548 5183 μητρός
1570 5128 1688 5181 μου
1742 5110 1852 5165 ἀν-

269 5209 502 5280 έμνησε
526 5208 594 5263 τὸ
617 5205 805 5276 ὄνομά
827 5223 968 5276 μου.
990 5203 1071 5259 Τὰ
1093 5203 1313 5276 μὲνγὰρ
1333 5202 1445 5274 πρὸ
1460 5201 1559 5273 τῆς
1587 5199 1865 5270 ἐνανθρως,

270 5303 497 5383 πῄσεως
523 5290 761 5373 ὀνόματα
791 5296 1079 5370 πρόσφορα
1130 5298 1200 5369 τῇ
1231 5294 1353 5367 θείᾳ
1388 5292 1572 5365 φύσει,
1600 5290 1733 5355 Θεὸς
1761 5292 1856 5344 καὶ

343 5460 582 5517 'Matth.
611 5476 650 5528 ι,
680 5460 793 5527 Ξθ;
824 5459 956 5516 Luc.
1003 5477 1044 5527 ι,
1076 5459 1168 5518 5‘5.
1248 5459 1270 5491 ‘
1300 5455 1446 5512 Psal.
1477 5469 1623 5524 xcw,
1655 5452 1714 5506 ί.

1961 4714 2165 4806 tempus
2192 4714 2481 4798 habemus,
2517 4733 2583 4786 de
2613 4732 2761 4801 longe
2790 4728 3002 4792 caeteri,
3039 4733 3101 4778 ut
3127 4721 3195 4776 ad
3226 4714 3539 4791 praeceden-

1959 4832 2035 4884 tia
2070 4842 2258 4883 vocem
2285 4826 2581 4889 referrent,
2613 4822 3005 4886 reddiderunt;
3041 4811 3410 4887 Symmachus
3442 4824 3544 4864 au-

1960 4929 2093 4984 tem,
2120 4916 2186 4972 Et
2223 4917 2501 4981 attendite,
2528 4924 2727 4985 gentes,
2751 4913 2816 4966 de
2847 4911 3021 4982 longe.
3054 4909 3278 4962 Intuere
3311 4914 3439 4956 vero
3462 4899 3543 4953 uti

1961 5011 2029 5066 de
2058 5009 2425 5079 praesentibus
2450 5008 2710 5078 loquatur
2738 5003 3043 5067 Dominus;
3079 4997 3259 5066 deque
3289 4991 3399 5046 alio
3429 4989 3541 5044 Do-

1964 5103 2136 5168 mino,
2166 5116 2262 5172 per
2293 5114 2354 5156 ea
2395 5108 2519 5171 qua:
2567 5104 2898 5170 sequuntur,
2928 5105 3085 5151 suam
3130 5087 3249 5157 ipse
3281 5081 3541 5137 nativita-

1966 5202 2075 5248 tem
2100 5201 2156 5248 et
2186 5192 2530 5257 servitutem,
2588 5195 2896 5256 ceteraque
2939 5175 3210 5254 ejusmodi
3235 5172 3540 5242 explicans,

1962 5285 2235 5356 disputet,
2260 5298 2388 5341 cum
2435 5282 2553 5339 ait:
2594 5279 2855 5338 Dominus
2896 5274 2960 5331 de
3004 5280 3178 5328 ventre
3204 5262 3406 5321 vocavit
3442 5282 3552 5318 me.

1583 5584 1820 5645 VARIJE
1858 5577 2265 5642 LECTIONES.

343 5675 465 5738 ντρ
508 5669 632 5743 πρό.
711 5683 738 5711 ι
770 5669 875 5743 ἀφ.
904 5667 969 5725 τὸ
995 5666 1189 5739 λέγων.
