3954 6308
422 223 568 289 2463
1620 251 1626 257 -
1707 185 2009 284 rnocom

2115 221 2352 283 [ὶΑΖίΕΙ
3590 213 3756 278 215!

424 332 500 388 De
523 342 671 388 utero
696 337 884 392 matris
931 353 1060 394 mete
1107 334 1418 393 recordatus
1477 346 1556 392 est
1606 337 1834 392 nominis
1873 336 1996 390 mei.

2115 332 2241 406 ζωὴ,
2265 335 2362 388 καὶ
2393 335 2532 405 φῶς,
2569 335 2755 405 σοφία,
2792 337 2890 390 καὶ
2943 335 3198 406 δύναμις,
3227 335 3320 392 καὶ
3361 333 3434 388 τὰ
3459 332 3746 388 τοιαῦτα.

422 421 626 479 Habuit
663 425 810 480 enim
871 434 1001 483 ante
1055 426 1456 482 incarnationis
1511 417 1730 497 tempus
1780 425 2006 480 nomina

2115 424 2184 480 Τδ
2225 424 2284 479 δὲ
2309 426 2568 496 Χριστὸς,
2599 427 2696 482 καὶ
2738 425 2968 498 Ἰησοῦς,
2992 427 3111 490 καί,
3132 425 3272 480 Μεθ’
3307 425 3474 498 iuqu
3504 427 3544 479 ὁ
3577 422 3750 487 Θεὸς,

421 513 621 572 divinae
643 525 852 573 naturae
883 533 1150 590 congrua,
1191 517 1355 581 Deus,
1383 518 1520 586 vita,
1553 517 1764 580 lumen,
1784 515 2006 588 sapien-

2115 517 2250 588 μετὰ
2277 517 2378 588 τὴν
2405 517 2721 586 οἰκονομίαν
2741 518 2998 590 ἁρμόδια.
3021 518 3251 587 Ἔλεγεν
3274 518 3387 589 γὰρ
3410 518 3442 571 6
3473 515 3746 586 Γαϐριὴλ

419 605 522 670 tia,
562 606 760 672 virtus,
817 618 873 666 et
919 609 1123 666 similia
1161 627 1176 664 :
1207 609 1304 666 sed
1351 609 1632 676 Christus,
1667 617 1723 664 et
1743 607 1928 676 Jesus,
1952 615 2008 664 et

416 695 714 755 Nobiscum
775 699 940 766 Deus,
987 701 1056 756 ad
1110 717 1196 768 ea,
1229 716 1352 772 quae
1395 701 1764 758 teconomiam
1814 708 2006 755 secuta

425 795 578 856 sunt,
640 797 890 860 tempora
943 791 1280 848 referuntur.
1313 791 1467 848 Unde
1506 801 1640 848 sunt
1677 799 1734 846 et
1766 791 1861 846 illa
1899 789 2008 846 Ga-

426 879 620 936 brielis
649 882 715 936 ad
746 882 1028 954 Virginem
1063 901 1078 938 :
1119 902 1139 936 ι
1175 882 1242 938 Ει
1265 885 1446 954 paries
1477 883 1671 949 lilium,
1701 891 1756 938 et
1779 881 2006 936 vocabis

421 963 626 1024 'nomen
651 971 775 1040 ejus
807 971 1061 1042 Jerum';
1105 993 1124 1026 ι
1163 973 1328 1044 cujus
1377 980 1440 1028 ut
1489 970 2008 1042 interpretationem

427 1059 671 1126 doceret,
711 1080 730 1114 ι
764 1061 890 1132 Ipse
935 1064 1084 1119 enim
1129 1065 1392 1134 populum
1452 1079 1614 1121 suum
1673 1077 1705 1118 a
1762 1061 2008 1134 peccatis

427 1166 620 1207 eorum
668 1152 925 1208 liberabit
944 1153 989 1222 ⁸,
1029 1172 1050 1206 ι
1087 1153 1364 1226 adjunxit.
1401 1157 1471 1208 At
1499 1152 1802 1210 Nobiscum
1843 1151 2006 1218 Deus,

2109 613 2179 682 τῇ
2213 609 2500 682 Παρθένῳ,
2527 629 2548 664 ι
2584 611 2696 666 Καὶ
2731 611 2862 684 τέξῃ
2886 611 3024 678 υίδν,
3066 611 3162 665 καὶ
3190 611 3450 674 καλέσεις
3466 611 3537 664 τὸ
3553 609 3744 680 ὄνομα

2109 697 2274 754 αὐτοῦ
2309 699 2546 768 Ἰησοῦν
2567 716 2581 730 ο
2632 717 2651 752 ι
2688 699 2788 756 καὶ
2825 699 2924 772 τὴν
2966 699 3251 771 σημασίαν
3282 700 3468 770 δηλῶν
3499 699 3743 768 ἐπήγαο

2109 806 2228 860 γεν,
2257 808 2278 842 ι
2309 789 2485 854 Αὑτδς
2541 789 2654 862 γὰρ
2711 789 2878 845 σώσει
2929 791 3024 845 τδν
3073 789 3203 847 λαὸν
3254 789 3424 846 αὑτοῦ
3467 789 3595 844 ἀπδ
3625 789 3740 842 τῶν

2108 879 2398 953 ἁμαρτιῶν
2443 879 2647 936 αὐτῶν.
2689 899 2710 932 ι
2741 881 2816 936 Τὸ
2873 881 2950 948 δὲ,
2975 881 3114 938 Μεθ’
3159 883 3320 954 ήμῶν
3361 885 3391 937 6
3415 883 3590 949 Θεὸς,
3625 881 3738 936 ἀπὸ

2109 971 2208 1043 τῆς
2235 973 2456 1042 φύσεως
2509 972 2606 1026 καὶ
2631 973 2734 1044 τῆς
2759 973 3076 1044 οἰκονομίας
3108 975 3334 1048 ἐρρέθη,
3362 975 3442 1039 ώς
3471 976 3598 1029 ἀπὸ
3631 973 3737 1044 τῆς

2109 1061 2394 1133 ἐνεργείας
2421 1061 2482 1116 τὸ
2525 1063 2788 1130 Ἰησοῦς.
2817 1063 2912 1118 Διδ
2929 1064 3026 1118 καὶ
3053 1067 3168 1130 τοῖς
3199 1067 3460 1135 ποιμέσιν
3489 1065 3733 1136 ἐλέχθην,

2110 1153 2192 1210 ὅτι
2227 1152 2456 1226 Ἐτέχθη
2490 1155 2732 1226 σήμερον
2759 1154 2974 1226 Σωτὴρ.
3002 1157 3034 1210 6
3061 1159 3177 1210 ἐστι
3199 1157 3438 1226 Χριστὸς
3479 1157 3732 1230 Κύριος,

425 1256 493 1298 ex
529 1250 740 1298 natura:
767 1251 824 1300 et
877 1245 1200 1302 ceconomiae
1243 1246 1455 1302 ratione
1508 1245 1744 1301 inditum
1793 1253 1914 1313 est;
1949 1251 2010 1300 ut

423 1331 584 1389 Jerus
641 1349 673 1388 a
723 1335 988 1394 facultate
1035 1345 1090 1393 et
1116 1338 1347 1394 viribus.
1379 1337 1538 1394 Unde
1557 1350 1612 1394 et
1637 1337 2006 1401 Salvatorem,

425 1425 482 1480 id
527 1435 616 1482 est
657 1426 970 1496 Christum,
1017 1430 1072 1484 in
1105 1429 1334 1486 Davidis
1369 1429 1596 1486 civitate
1643 1438 1833 1484 natum
1863 1443 2006 1500 esse,

424 1517 746 1586 pastoribus
772 1519 1086 1574 nuntiatum
1109 1527 1212 1578 est.
1244 1519 1358 1576 Nec
1389 1535 1519 1576 vero
1543 1519 1690 1576 aliud
1722 1519 2007 1590 Christus,

423 1619 590 1676 quam
619 1615 846 1662 unctum
886 1609 1184 1680 signiﬁcat,
1218 1610 1368 1680 quod
1401 1617 1554 1674 certe
1615 1618 1744 1666 ante
1780 1625 2009 1668 oecono-

2110 1245 2171 1300 ὲν
2225 1245 2379 1300 πόλει
2427 1245 2628 1301 Δαϐίδ·
2677 1248 2914 1320 Χριστὸς
2940 1247 3022 1315 δὲ,
3055 1249 3134 1314 ὡς
3167 1251 3562 1321 κεχρισμένος,
3600 1251 3634 1304 ὃ
3661 1251 3731 1320 δὴ

2110 1336 2220 1408 πρὸ
2242 1337 2342 1409 τῆς
2373 1337 2686 1408 οἰκονομίας
2711 1339 2810 1410 οὐχ
2847 1341 3144 1411 ἥρμοττεν.
3184 1336 3424 1412 Τεθῆναι
3474 1343 3534 1396 δέ
3577 1359 3728 1411 φησι

2111 1428 2172 1484 τὸ
2207 1429 2404 1500 στόμα
2435 1429 2624 1486 αὐτοῦ
2665 1432 2747 1498 ὡς
2777 1431 3086 1502 μάχαιραν
3128 1432 3356 1498 ὀξεῖαν.
3395 1435 3509 1488 Καὶ
3543 1434 3728 1488 dna.-

2111 1521 2210 1594 χοῦ
2241 1523 2350 1594 γάρ
2382 1539 2516 1594 φησι
2538 1539 2556 1558 ο
2591 1543 2610 1576 ι
2639 1524 2750 1578 Καὶ
2774 1526 2831 1578 ὲν
2856 1524 3132 1596 πνεύματι
3163 1525 3252 1580 διὰ
3279 1526 3510 1597 χειλέων
3527 1525 3727 1580 ἀνελεῖ

2114 1612 2310 1684 ἀσεϐῆ.
2343 1631 2362 1666 ι
2413 1613 2508 1681 Ὠς
2523 1613 2831 1685 μάχαιραν
2857 1610 2972 1671 οὖν
2999 1634 3167 1688 φησιν
3199 1617 3409 1683 ὀξεῖαν
3427 1619 3724 1688 τμητικήν

423 1697 589 1752 miam
621 1699 920 1756 convenire
969 1701 1336 1770 non'potuit.
1389 1701 1576 1770 Pergit
1601 1708 1814 1778 autem,
1857 1710 1912 1758 et
1951 1719 2009 1758 οε

2115 1705 2287 1758 τεκαὶ
2316 1703 2689 1775 ἀφορίζουσαν
2746 1707 2876 1770 τοὺς
2925 1705 3110 1772 ἀξίους
3153 1707 3292 1764 Θεοῦ
3328 1709 3439 1762 ἀπὺ
3485 1709 3602 1762 τῶν
3637 1708 3718 1778 μὴ

422 1805 578 1844 suum
607 1798 860 1861 tanquam
887 1791 1125 1862 gladium
1154 1801 1368 1846 acutum
1399 1793 1630 1860 positum
1666 1807 1794 1850 esse
1831 1793 2005 1864 signi-

423 1881 570 1937 llcat.
598 1883 691 1938 Ait
714 1885 862 1939 enim
889 1885 1057 1940 etiam
1091 1883 1295 1939 alicubi
1327 1901 1343 1938 :
1369 1883 1528 1954 552
1558 1903 1577 1935 ι
1610 1883 1676 1938 Ει
1705 1884 1900 1954 spiritu
1925 1885 2007 1939 la-

420 1971 639 2028 biorum
657 1974 954 2030 interﬁciet
973 1975 1200 2045 impium
1218 1975 1262 2030 ’.
1295 1994 1315 2028 ι
1333 1976 1476 2044 Ergo
1495 1985 1751 2042 tanquam
1769 1976 2009 2047 gladium

423 2075 641 2120 acutum
664 2084 776 2122 esse
807 2067 1010 2137 inquit,
1069 2067 1162 2137 qui
1197 2066 1415 2138 dignos.
1467 2067 1536 2122 ab
1581 2068 1668 2136 iis,
1723 2070 1818 2141 qui
1871 2071 2010 2127 tales

2111 1797 2394 1852 τοιούτων.
2423 1798 2568 1867 Φησί
2597 1797 2708 1870 γὰρ
2747 1798 2807 1852 ὲν
2831 1799 3220 1868 Εὐαγγειιίοιρ
3258 1819 3278 1853 ι
3315 1799 3410 1871 Μὴ
3441 1803 3717 1874 νομίσητε

2113 1889 2195 1942 δτι
2225 1884 2390 1960 ἦλθον
2414 1889 2638 1962 εἰρήνην
2680 1888 2862 1959 βαλεῖν
2912 1890 3008 1942 ἐπὶ
3067 1891 3167 1963 τὴν
3219 1892 3344 1962 γῆν.
3383 1893 3504 1947 οὐκ
3541 1889 3718 1964 ἦλθον

2119 1978 2304 2064 βαλεῖν
2325 1980 2576 2052 εἰρήνην,
2621 1979 2758 2036 ἀλλὰ
2810 1981 3108 2055 μάχαιραν,
3147 2001 3168 2036 ι
3213 1983 3403 2038 καττὰ
3459 1985 3559 2038 ἐπὶ
3583 1985 3716 2041 τού-

2119 2088 2257 2136 τοις.

422 2171 534 2212 non
563 2163 714 2222 sunt,
745 2156 957 2212 dividat
991 2171 1057 2211 ac
1112 2163 1354 2226 separet.
1423 2158 1515 2212 Ait
1549 2158 1694 2213 enim
1765 2161 1818 2214 in
1871 2160 2242 2232 Evangeliis:
2313 2181 2333 2215 ι
2371 2162 2452 2219 Ne
2519 2165 2728 2234 putetis
2818 2167 2964 2236 quod
3030 2169 3273 2226 venerim
3325 2175 3389 2224 ut
3427 2185 3625 2241 pacem
3655 2167 3706 2229 in

422 2258 628 2304 terram
663 2249 958 2304 mitterem.
1008 2247 1128 2303 Non
1187 2251 1311 2304 veni
1372 2260 1432 2306 ut
1467 2267 1656 2322 pacem
1696 2253 1999 2320 mitterem,
2043 2255 2139 2311 sed
2181 2263 2241 2311 ut
2274 2257 2515 2328 gladium
2551 2257 2634 2326 ¹⁶;
2660 2277 2682 2310 ι
2721 2266 2776 2315 et
2797 2275 2920 2330 quae
2954 2259 3236 2332 deinceps.

493 2337 638 2406 Quin
667 2347 728 2394 et
761 2339 879 2409 ipsa
917 2337 1198 2412 Evangelii
1232 2343 1636 2414 promulgatio,
1669 2345 1882 2416 gladius
1913 2346 2008 2403 ad-

420 2447 620 2488 versus
651 2431 860 2488 diaboli
890 2433 1242 2503 tyrannidem
1272 2434 1506 2490 exstitit.
1547 2434 1709 2492 Dedit
1744 2451 1874 2493 vero
1903 2452 2006 2494 no-

422 2525 509 2580 bis
534 2533 587 2580 et
618 2524 797 2594 ipsum
830 2524 1059 2594 spiritus
1081 2524 1346 2596 gladium,
1369 2525 1421 2581 id
1451 2535 1536 2581 est
1561 2525 1651 2596 Dei
1676 2529 1906 2584 verbum
1937 2529 2007 2599 ιι,

423 2616 583 2686 cujus
617 2629 720 2686 Ope
750 2617 1060 2671 daemonum
1119 2615 1340 2672 fraudes
1377 2618 1760 2688 propellimus.
1810 2621 1876 2675 Et
1899 2621 2004 2676 ali-

424 2707 554 2762 cubi
588 2707 754 2762 etiam
779 2707 922 2778 apud
951 2707 1278 2779 prophetam
1318 2709 1566 2780 reperias
1600 2727 1614 2766 :
1654 2731 1672 2764 ι
1707 2713 1762 2766 1η
1787 2711 1875 2768 die
1913 2714 2008 2768 illa

423 2799 645 2855 inducet
672 2799 814 2855 Deus
847 2813 1067 2855 sacrum
1103 2799 1367 2870 gladium,
1403 2814 1688 2871 magnum,
1719 2803 1772 2856 in
1807 2804 2007 2860 draco-

422 2907 548 2948 nem
575 2892 886 2958 sinuosum,
935 2907 1170 2964 eumque
1225 2891 1610 2949 interﬁciet”.
1655 2913 1674 2946 ι
1705 2894 2011 2952 Conveniet

422 2995 556 3037 vero
587 2990 640 3036 et
667 2983 876 3038 sanctis
909 2981 1044 3052 ipsis
1079 2981 1261 3036 oratio
1285 2997 1299 3048 ;
1337 2981 1574 3053 indeque
1595 2991 1703 3050 est,
1727 2986 1876 3056 quod
1895 2987 2012 3058 spi-

425 3073 534 3130 ritu
553 3075 662 3129 oris
701 3074 786 3130 sui
817 3074 1085 3128 Ananiam
1119 3081 1176 3128 et
1215 3071 1546 3144 Sapphiram
1585 3075 1810 3131 Petrum
1841 3079 2012 3134 inter-

2183 2349 2299 2404 Καὶ
2351 2349 2414 2403 τὸ
2467 2350 2829 2420 εὐαγγελικὺν
2855 2351 2913 2406 δὲ
2939 2354 3221 2425 κήρυγμα,
3269 2352 3545 2424 μάχαιρα
3566 2357 3714 2411 κατὰ

2111 2440 2215 2510 τῆς
2241 2440 2338 2495 τοῦ
2359 2441 2610 2496 διαϐόλου
2633 2443 2952 2514 τυραννίδος
2980 2444 3222 2513 ἐγένετο.
3254 2445 3471 2499 Δέδωκε
3499 2446 3559 2498 δὲ
3575 2449 3714 2517 ἡμῖν

2113 2528 2207 2582 καὶ
2235 2528 2334 2599 τὴν
2363 2528 2458 2582 τοῦ
2490 2532 2807 2600 πνεύματος
2826 2529 3150 2600 μάχαιραν,
3181 2533 3210 2585 ὃ
3227 2532 3343 2585 ἐστι
3366 2533 3524 2602 ῥῆμα
3549 2531 3710 2596 Θεοῦ,

2111 2615 2261 2676 διὀὗ
2295 2624 2410 2686 τοῖς
2445 2623 2755 2688 ἐπιϐούλοις
2814 2623 3254 2694 ἀντανιστάμεθα
3303 2623 3550 2695 δαίμοσι.
3601 2625 3712 2678 Καὶ

2111 2709 2347 2781 ἀλλαχοῦ
2400 2710 2458 2764 δέ
2505 2727 2672 2782 φησιν
2739 2711 2769 2764 6
2808 2713 3130 2784 προφήτηςο
3186 2731 3207 2766 ι
3251 2713 3341 2767 Ἐν
3397 2715 3464 2785 τῇ
3525 2713 3712 2786 ἡμέρᾳ

2112 2801 2298 2872 ἐκείνῃ
2329 2799 2520 2866 ἐπάξει
2551 2803 2579 2855 6
2606 2801 2740 2866 Θεὸς
2795 2801 2895 2873 τὴν
2943 2803 3225 2875 μάχαιραν
3251 2803 3351 2874 τὴν
3383 2804 3576 2872 ἁγίαν,
3607 2806 3708 2874 τὴν

2117 2887 2380 2958 μεγάλην,
2419 2889 2513 2942 ἐπὶ
2542 2888 2634 2942 τὸν
2658 2888 2929 2958 δράκοντα
2952 2890 3075 2961 ὅφιν
3106 2891 3341 2959 σκολιὸν,
3373 2893 3466 2946 καὶ
3487 2893 3708 2964 ἀναιρεῖ

2113 2981 2205 3033 τὸν
2233 2980 2524 3051 δράκοντα.
2559 2999 2578 3034 υ
2618 2980 2884 3053 ’Δρμόσει
2911 2981 2968 3034 δὲ
3001 2981 3232 3046 καὶτοῖς
3269 2983 3448 3052 ἁγίοις
3467 2986 3498 3037 6
3523 2983 3704 3052 λόγος.

2116 3071 2207 3143 Τῷ
2237 3072 2288 3140 γ’
2303 3070 2399 3126 οὖν
2422 3072 2566 3144 λόγῳ
2593 3073 2701 3127 τοῦ
2731 3073 3032 3144 στόματος
3057 3072 3223 3127 αὐτοῦ
3253 3073 3461 3145 Πέτρος
3493 3075 3706 3128 ἀνεῖλεν

427 3167 626 3225 fecisse
649 3169 882 3239 legimus
912 3168 999 3226 “z
1039 3168 1188 3238 quod
1229 3165 1524 3224 Ezechiam
1577 3169 1707 3224 item
1743 3169 2008 3242 Bapsacae

2125 3163 2378 3219 Ἀνανίαν
2403 3181 2463 3217 τε
2510 3166 2608 3218 καὶ
2659 3164 3010 3235 Σάπφειραν.
3039 3165 3149 3219 Καὶ
3181 3163 3318 3236 εὐχὴ
3361 3165 3420 3218 δὲ
3457 3165 3705 3229 Ἐζεκίου

425 3262 726 3328 exercitum
756 3261 1014 3330 precibus
1037 3259 1258 3332 fudisse
1289 3260 1374 3327 u*;
1407 3261 1552 3329 quod
1589 3259 1823 3316 Paulum
1855 3263 2011 3318 deni—

426 3367 534 3420 que
561 3351 730 3406 verbo
757 3350 873 3405 oris
929 3350 1014 3404 sui
1063 3349 1308 3419 Elymam
1371 3351 1687 3408 obcaecasse
1720 3353 1786 3406 ’⁸.
1814 3352 2011 3410 Postea

427 3439 656 3510 adjicit:
701 3437 810 3492 Sub
835 3439 1184 3508 'protectione
1217 3455 1406 3495 manus
1441 3457 1554 3495 sua:
1599 3443 1877 3498 abscondit
1908 3461 2008 3510 me,

429 3539 490 3586 ut
518 3531 704 3586 multis
732 3531 973 3602 ignotam
1025 3531 1375 3588 assumenda:
1412 3533 1598 3589 carnis
1645 3537 2008 3590 teconomiam

427 3622 828 3678 subindicarct.
863 3621 958 3679 Est
994 3637 1126 3678 vero
1152 3637 1182 3677 a
1209 3620 1374 3679 Patre
1411 3623 1580 3679 etiam
1613 3626 1816 3697 sagitta
1844 3625 2012 3681 electa

425 3717 652 3786 positus,
673 3722 730 3770 ut
753 3731 849 3772 eos
878 3714 1058 3782 feriat,
1090 3714 1186 3785 qui
1209 3715 1444 3785 spiculis
1465 3716 1641 3788 ipsius
1665 3717 1814 3790 digni
1848 3717 2009 3788 sunt;

427 3822 540 3878 quo
571 3821 726 3862 more
747 3821 806 3862 se
830 3805 1128 3862 dilectione
1154 3821 1474 3876 percussam
1508 3809 1692 3862 anima
1721 3809 1923 3865 cecinit
1945 3811 2008 3867 ¹⁸.

427 3901 576 3956 Idem
613 3897 870 3954 nimirum
903 3897 958 3953 in
981 3913 1170 3965 carne,
1225 3914 1394 3970 quam
1454 3907 1516 3954 ut
1569 3899 1752 3970 dignis
1801 3909 2011 3958 tantum

429 4003 772 4056 cerneretur,
827 3990 1154 4062 assumpsit,
1207 3999 1472 4062 tanquam
1521 3993 1576 4046 in
1621 3992 1892 4062 pharetra,
1925 4009 2014 4049 re-

429 4083 706 4140 conditus.
736 4081 997 4138 Nonnulli
1021 4081 1205 4139 verbis
1229 4082 1374 4147 istis,
1403 4082 1516 4138 Sub
1545 4085 1868 4154 protectione
1897 4102 2014 4140 ma-

429 4193 530 4230 nus
561 4191 673 4231 sure
699 4175 873 4245 posuit
903 4191 1005 4237 me,
1037 4170 1234 4228 Filium
1282 4174 1486 4244 ipsum,
1514 4175 1679 4230 etiam
1739 4183 2012 4246 quatenus

430 4265 594 4322 homo
621 4267 795 4321 lactus
823 4272 928 4328 est,
962 4277 992 4318 a
1024 4261 1186 4318 Patre
1225 4279 1338 4318 non
1371 4272 1688 4334 separatum
1727 4279 1872 4330 csse,
1916 4281 2012 4320 na-

429 4366 720 4426 turamque
768 4352 1378 4424 incompreltensihilem
1457 4361 1511 4408 et
1573 4354 2008 4424 insuperabilem

429 4450 635 4504 habere
685 4447 850 4518 (quod
907 4447 955 4502 ei
991 4445 1154 4500 etiam
1211 4459 1309 4514 per
1355 4446 1742 4512 mconomiam,
1790 4445 2012 4502 Davidis

2116 3255 2209 3310 τὸν
2251 3255 2534 3328 Ῥαψάκην
2553 3255 2844 3328 ἐτρέψατο.
2878 3257 3089 3326 Τυφλδν
3111 3256 3168 3310 δὲ
3197 3256 3343 3328 λόγῳ
3367 3257 3464 3310 καὶ
3494 3258 3704 3323 Παῦλος

2117 3341 2214 3396 τὸν.
2235 3341 2471 3412 Ἐλύμαν
2501 3343 2783 3413 ἐποίησεν.
2821 3343 2947 3397 Ἐπί
2967 3344 3182 3408 τούτοις
3213 3348 3401 3416 φησιν,
3419 3346 3571 3402 ’Υπὸ
3591 3349 3703 3416 τὴν

2117 3431 2358 3500 σκέπην
2390 3431 2502 3500 τῆς
2530 3433 2726 3502 χειρὸς
2751 3434 2941 3488 αὐτοῦ
2961 3435 3192 3505 ἔκρυψέ
3215 3453 3316 3506 με,
3341 3436 3441 3508 τὴν
3474 3438 3703 3501 πολλοὺς

2117 3523 2492 3579 λανθάνουσαν
2547 3525 2648 3595 τῆς
2709 3529 2769 3580 ὲν
2814 3529 2983 3600 σαρκὶ
3043 3528 3346 3598 παρουσίας
3393 3531 3704 3600 οἰκονομίαν

2121 3614 2564 3687 ὑπαινιξάμενος.
2604 3617 2860 3672 Τέθειται
2887 3618 2958 3672 δὲ
2989 3621 3084 3673 καί⁵
3105 3619 3299 3686 ,βέλος
3319 3620 3427 3674 ὑπὸ
3451 3621 3552 3674 τοῦ
3591 3623 3703 3676 Παο

2118 3707 2279 3780 τέρος
2309 3709 2620 3777 ἐκλεκτὸν,
2653 3709 2741 3766 ἵνα
2761 3711 3043 3784 τιτρώσκῃ
3065 3712 3191 3776 τοὺς
3218 3711 3408 3776 ἀξίους
3431 3711 3546 3766 τῶν
3574 3715 3701 3766 ἑαυ-

2119 3799 2214 3854 τοῦ
2233 3799 2474 3872 κέντρων
2501 3800 2666 3872 (κατὰ
2691 3801 2792 3872 τὴν
2821 3803 3090 3872 λέγουσαν
3109 3803 3312 3874 ψυχὴν,
3332 3821 3352 3855 ι
3375 3805 3702 3876 Τετρωμένη

2118 3894 2341 3962 ἀγάπης
2367 3891 2479 3962 ἐγὼ
2503 3899 2573 3964 ι),
2603 3893 2632 3947 ὃ
2658 3894 2753 3947 καὶ
2782 3895 2936 3957 αὐτὸ,
2960 3896 3040 3959 ὡς
3064 3899 3122 3950 ὲν
3150 3896 3422 3966 φαρέτρῃ
3445 3896 3703 3951 λανθάνει

2118 3989 2184 4058 τῇ
2215 3987 2401 4059 σαρκὶ,
2429 3987 2494 4056 ἢν
2514 3985 2830 4058 ἀνείληφεν,
2847 3987 2964 4050 τοῖς
2984 3987 3162 4054 ἀξίοις
3194 3987 3382 4058 μόνοις
3397 3987 3696 4060 ὁρώμενον.

2119 4076 2276 4142 Τινὲς
2312 4077 2372 4129 δὲ
2401 4076 2648 4142 τδ,⁹Υπὸ
2677 4075 2793 4144 τὴν
2813 4075 3054 4145 σκέπην
3095 4077 3208 4144 τῆς
3271 4079 3478 4148 χειρὸς
3515 4080 3702 4134 αὑτοῦ

2119 4169 2390 4238 ἕκρυψέν
2439 4187 2536 4238 με,
2577 4169 2774 4247 δηλοῦν
2821 4168 3032 4238 ἔφασαν
3081 4169 3388 4242 ἀχώριστον
3431 4165 3576 4226 εἶναι
3608 4171 3697 4226 τοῦ

2119 4261 2364 4333 Πατέρος
2391 4261 2451 4314 τὸ
2477 4259 2624 4325 Υἰὺν,
2683 4262 2781 4314 καὶ
2814 4261 2876 4314 τδ
2903 4271 2932 4310 .Y
2955 4261 3180 4330 γέγονεν
3227 4261 3542 4334 ἄνθρωπος,
3568 4263 3698 4334 ἄλη-

2119 4355 2256 4426 πτόν
2286 4372 2346 4408 τε
2376 4357 2470 4408 καὶ
2501 4352 2946 4422 άκαταγώνιστον
2993 4353 3140 4425 ἔχειν
3195 4353 3296 4424 τὴν
3348 4355 3531 4423 φύσιν,
3564 4355 3694 4426 ὅπερ

2121 4445 2274 4517 αὐτῷ
2304 4445 2568 4499 καὶκατὰ
2618 4444 2717 4516 τὴν
2779 4445 3094 4512 οἰκονομίαν
3131 4445 3390 4512 ἐσώζετο,
3448 4445 3694 4512 λέγοντος

431 4539 772 4602 testimonio,
808 4536 1189 4603 servabantur,
1215 4550 1338 4590 cum
1387 4535 1505 4589 ait:
1545 4552 1566 4590 ι
1614 4525 1732 4590 Non
1768 4536 2009 4606 proﬁciet

2115 4539 2213 4594 τοῦ
2243 4511 2438 4592 λαείδ·
2466 4557 2486 4590 ι
2520 4539 2636 4592 Οὐκ
2659 4511 2932 4609 aestaset
2953 4537 3150 4610 ἐχθρὸς
3179 4539 3236 4591 ὲν
3263 4537 3436 4610 αὐτῷ,
3463 4511 3558 4592 κει
3584 4539 3690 4603 uta;

431 4627 690 4684 inimicus
727 4627 894 4694 ineo,
950 4635 1006 4681 et
1061 4624 1206 4682 illius
1267 4625 1580 4696 iniquitatis
1633 4640 1742 4680 non
1776 4638 2015 4698 apponet

431 4734 632 4776 nocere
655 4719 792 4784 ei",
837 4737 856 4770 ι
895 4725 1204 4787 caeteraque
1248 4732 1372 4788 quae
1415 4717 1769 4788 sequuntur),
1799 4717 2012 4788 signin-

430 4811 546 4866 cari
577 4811 890 4866 voluerunt.
931 4807 1188 4864 Plurimae
1209 4816 1390 4863 autem
1421 4822 1544 4863 cum
1570 4807 1668 4864 Dei
1706 4809 2008 4864 secundum

430 4915 678 4974 tempora
726 4903 941 4972 sagitta:
972 4899 1196 4966 fuerint,
1247 4915 1354 4954 una
1395 4907 1522 4956 ante
1581 4915 1775 4956 omnes
1815 4901 2006 4967 electa,

429 5006 484 5053 et
514 4996 738 5060 eximia,
763 4994 1016 5050 Christus
1043 4993 1159 5063 ipse
1187 4993 1244 5049 in
1286 4991 1464 5049 Patris
1491 4992 1850 5062 prmnotione,
1887 5003 2008 5048 tan—

429 5105 592 5159 quam
640 5088 694 5142 in
725 5087 978 5158 pharetra
1021 5084 1364 5152 reconditus,
1413 5085 1586 5140 malas
1622 5085 1677 5139 in
1722 5092 1869 5140 terra
1907 5101 2008 5156 po-

427 5190 658 5238 testates
691 5181 927 5246 feriens,
971 5167 1491 5236 vulnere'sustulit.
1551 5177 1617 5232 Et
1659 5178 1801 5232 dixit
1855 5179 2006 5244 mihi,
2044 5223 2050 5230 .

430 5272 640 5344 adjicit,
662 5269 854 5328 Serrus
891 5287 1036 5327 meus
1061 5287 1116 5326 es
1156 5280 1235 5337 tu,
1275 5268 1470 5325 Israel.
1493 5269 1736 5340 Corpore
1761 5268 2008 5340 quidem,

522 5386 544 5417 "
575 5383 709 5438 Luc.
744 5400 782 5448 ι,
807 5385 896 5438 51.

433 5452 480 5486 ⁸³
508 5455 632 5509 Act.
661 5470 715 5518 ι’,
747 5455 774 5510 1
807 5469 960 5526 seqq.
1038 5453 1082 5485 ιδ
1105 5453 1209 5510 lsa.
1232 5468 1435 5517 xxxvii,
1471 5455 1653 5512 55.36.

995 5382 1017 5416 ³
1047 5379 1238 5437 Matth.
1265 5397 1302 5448 ι,
1329 5382 1421 5436 21.
1497 5383 1519 5416 ο
1549 5383 1652 5438 lsa.
1684 5397 1757 5441 xl.
1787 5382 1839 5437 4.
1920 5382 1964 5415 ⁸ο
1996 5380 2186 5436 Matth.
2221 5398 2276 5448 κ,
2312 5381 2404 5435 54.

1755 5453 1798 5483 ¹⁵
1821 5455 1944 5508 Act.
1972 5468 2093 5518 xm,
2127 5453 2215 5506 ll.
2263 5446 2340 5483 "‘
2359 5453 2518 5508 Cant.
2552 5467 2614 5518 ιι,
2640 5446 2703 5506 ’5.
2781 5450 2822 5483 ⁸⁷
2847 5448 2992 5505 Psal.
3020 5463 3279 5517 Luxvttt,
3314 5446 3408 5503 ‘23.

2109 4631 2340 4702 ἀνομίας
2364 4631 2428 4685 οὐ
2477 4630 2780 4702 προσθήσει
2825 4629 2921 4684 τοῦ
2953 4630 3205 4684 κακῶσαι
3237 4629 3422 4696 αὐτὸν,
3463 4646 3485 4682 ι
3508 4631 3602 4684 καὶ
3627 4629 3687 4685 τά

2110 4723 2330 4793 ἑφεξῆς.
2364 4721 2602 4776 Πλεῖστα
2665 4721 2723 4776 δὲ
2753 4721 2824 4775 τὰ
2865 4719 2960 4774 τοῦ
2995 4719 3134 4774 Θεοῦ
3164 4720 3306 4775 κατὰ
3319 4719 3551 4789 καιροὺς
3578 4719 3689 4786 ἐγέ-

2109 4829 2230 4867 νετο
2255 4811 2408 4883 βέλη.
2460 4811 2790 4866 Ἐκλεκτὸν
2837 4809 2896 4865 δὲ
2945 4810 3137 4877 ,βέλος
3191 4811 3288 4864 καὶ
3334 4810 3480 4882 ὑπὲρ
3519 4809 3690 4864 πάντα

2108 4904 2368 4977 Χριστὸς,
2394 4905 2456 4958 ὲν
2489 4901 2800 4976 προγνώσει
2832 4901 2928 4956 τοῦ
2955 4903 3223 4973 Πατέρος,
3249 4902 3327 4965 ὼς
3353 4901 3686 4971 ἐκφαρέτρᾳ

2115 4993 2516 5066 κρυπτόμενος,
2549 4993 2643 5046 ὲπί
2669 4995 2775 5063 γῆς
2801 4992 2902 5057 τὰς
2936 4992 3186 5062 πονηράς
3215 4990 3480 5060 δυνάμεις
3527 5007 3685 5042 κατο-

2114 5084 2336 5157 τρὼσας
2361 5085 2638 5159 ἠφάνισεν.
2667 5079 2862 5150 Εἶπεν,
2891 5083 2960 5138 δέ
2987 5101 3112 5153 μοι,
3143 5083 3303 5153 φησὶ,
3331 5081 3554 5147 δοῦλός
3577 5095 3684 5148 μου

2115 5175 2177 5233 εἴ
2201 5177 2306 5246 σὺ,
2324 5177 2606 5248 ’Ῑσραήλο
2636 5176 2781 5230 κατὰ
2804 5175 2870 5230 τδ
2890 5175 3071 5246 σῶμα,
3096 5174 3160 5228 τὸ
3185 5177 3252 5228 ὲκ
3278 5173 3539 5239 δούλων,
3555 5171 3684 5227 δοῦ-

2115 5273 2245 5336 λος,
2277 5269 2539 5325 καὶκατὰ
2573 5267 2637 5322 τὸ
2665 5267 2843 5338 γένος,
2875 5267 2939 5322 τὸ
2981 5266 3044 5332 ἐξ
3078 5265 3352 5336 Ἰσραὴλ,
3399 5262 3680 5335 Ἰσραὴλό

2465 5397 2468 5402 .
2518 5381 2560 5412 ιι
2594 5379 2792 5450 “pnes,
2843 5395 2916 5450 γι,
2942 5377 3030 5433 l7.
3143 5379 3188 5410 ¹¹
3226 5378 3428 5450 Eze_c_h.
3452 5393 3604 5442 uix.
3629 5373 3678 5429 8-

1695 5545 1930 5604 γΑιιιΑε
1957 5545 2363 5604 LECTIONES.

500 5647 531 5690 1
555 5655 647 5710 π).
679 5638 768 5694 τὸν
797 5640 918 5696 Υἰδν
939 5641 1034 5695 καὶ
1063 5640 1188 5696 καθ’
1209 5641 1260 5694 ὃ.
