3980 6306
240 318 394 383 2405

1395 310 1928 373 COMMENTARII
1975 309 2058 369 ΙΝ
2101 310 2388 370 ISAIAM.

3400 311 3547 374 21ϋῦ

245 431 512 502 Χριστός.
550 427 639 491 Ὠς
661 429 719 483 δι
753 429 890 482 Θεοῦ
915 427 1146 499 δύναμις
1173 426 1241 480 δι’
1289 419 1364 482 ὧν
1424 429 1722 500 ἐργάζεται
1753 430 1852 483 δο-

1964 427 2152 496 quoda
2189 429 2352 481 servis
2408 427 2672 488 duxerat,
2733 405 2886 480 servit
2973 425 3192 481 dicatur
3251 427 3548 493 Christus;

247 523 413 588 ξιὶζει
438 523 530 577 τὸν
564 513 628 574 οὗ
651 522 767 574 ἐστι
791 519 1022 589 δύναμις
1043 559 1058 583 ,
1105 518 1175 572 ἐν
1206 518 1646 588 μορφῇδούλου
1682 523 1847 591 Tard-

241 632 455 686 μενος,
483 612 666 666 καίτοι
701 611 846 666 κατὰ
867 610 1031 679 φύσιν
1057 609 1320 680 ὑπάρχων
1345 609 1495 675 Υἱὸς,
1551 603 1596 678 ᾧ
1640 611 1849 681 κάμψει

247 709 365 760 πᾶν
422 705 554 773 γόνυ
618 702 882 770 ἐπιγείων
947 701 1042 756 καὶ
1096 701 1494 771 καταχθονίων,
1555 702 1652 754 καὶ
1693 704 1847 757 πᾶσα

245 797 480 866 γλῶσσα
536 793 1022 864 ἐξομολογήσεται,
1074 792 1157 846 ὅτι
1199 793 1406 864 Κύριος
1443 792 1693 860 Ἰησοῦς
1718 795 1852 860 Χριο

245 891 404 957 στὸς
436 891 515 954 είς
538 888 698 953 δόξαν
736 886 872 941 Θεοῦ
904 885 1170 958 Πατέρος.

327 1159 488 1223 Τινὲς
525 1158 581 1213 δὲ
613 1157 751 1230 πρὸς
799 1157 892 1212 τὸν
937 1157 1355 1227 λαὸν,’Ῑσραὴλ
1403 1159 1657 1230 εἰρῆσθαι
1702 1161 1855 1230 νομί-

272 1264 454 1314 ἀντες
489 1251 656 1319 φασί·
688 1249 972 1304 Δείκνυσιν
1003 1251 1086 1304 ὃτι
1114 1250 1180 1303 δι’
1208 1251 1521 1321 ἀγαθότητα
1555 1253 1723 1323 μόνην
1753 1253 1856 1323 ηὑ-

252 1341 455 1410 δόκησε
504 1341 784 1412 Δεσπότης
843 1340 1133 1395 καλεῖσθαι
1185 1340 1279 1393 τοῦ
1317 1340 1602 1409 Ἰσραὴλ,
1655 1343 1751 1395 καὶ
1798 1343 1856 1396 ἐν

249 1434 408 1504 αὐτῷ
448 1432 855 1501 δοξασθῆναι,
887 1433 978 1488 διά
1001 1449 1060 1485 τε
1089 1431 1202 1486 τῶν
1234 1430 1357 1485 κατ’
1376 1433 1652 1501 Αἴγυπτον
1699 1433 1860 1505 τερά-

248 1542 390 1589 των,
425 1524 519 1577 καὶ
547 1524 654 1577 τῶν
692 1523 890 1594 ἐφεξῆς
916 1524 1240 1608 γεγονότων,
1275 1525 1340 1576 Οἱ
1368 1523 1423 1576 δὲ
1459 1524 1619 1577 αὑτοὶ
1647 1524 1742 1578 καὶ
1773 1527 1856 1608 τὸ,

252 1612 462 1677 Κενῶς
492 1613 811 1678 ἐκοπίασα,
847 1614 911 1664 ἐκ
941 1611 1037 1665 τοῦ
1068 1605 1349 1683 προφῆτου
1380 1611 1634 1683 λελέχθαι
1671 1605 1857 1682 φασὶν,

250 1705 336 1768 ὡς
366 1704 537 1758 πολλά
572 1705 670 1775 μὲν
706 1705 762 1758 ὲν
790 1705 866 1776 τῷ
900 1704 1192 1776 κηρύττειν
1222 1703 1508 1770 παθόντος,
1539 1705 1614 1776 μὴ
1643 1705 1858 1776 ὠφελή.

254 1813 456 1859 σαντος
489 1795 546 1848 δὲ
576 1795 685 1848 τῶν
703 1796 1056 1850 ἀκουσάντων
1094 1797 1322 1866 μηδένα.
1342 1797 1486 1850 Ἀλλ’
1515 1800 1543 1850 ὁ
1575 1797 1707 1861 Θεός
1745 1815 1858 1869 μοι,

255 1889 417 1956 φησι,
439 1887 536 1958 τὴν
564 1889 687 1940 κατ’
708 1886 866 1952 ἀξίαν
892 1888 1002 1940 τῶν
1030 1890 1209 1941 πόνων
1241 1890 1571 1944 ἀποδίδωσιν
1602 1891 1859 1960 ἀμοιϐήν.

253 1982 495 2048 Λέγεται
523 1979 579 2032 δὲ
608 1980 788 2045 τοῦτο,
817 1981 970 2049 φασὶ,
1004 1981 1100 2034 καὶ
1135 1983 1264 2051 περὶ
1291 1983 1524 2036 ἑκάστου
1556 1982 1863 2052 λαμϐάνον-

252 2087 353 2133 τος
379 2070 652 2143 αίσθησιν,
682 2072 757 2133 ὡς
791 2072 970 2142 μάτην
1013 2073 1106 2125 τὸν
1152 2073 1342 2144 καιρὸν
1377 2075 1434 2126 ὲν
1461 2077 1584 2138 ταῖς
1618 2075 1713 2128 τοῦ
1746 2076 1861 2144 βίου

255 2163 590 2230 φαντασίαις
622 2163 923 2218 ἀνάλωσεν.
959 2164 1302 2235 Οίκειότερον
1329 2166 1374 2220 δ’
1402 2167 1468 2220 ἂν
1497 2167 1597 2229 ἐπὶ,
1621 2167 1714 2221 τοῦ
1749 2169 1864 2220 Σω-

256 2255 430 2323 τῆρος
473 2255 828 2324 λαμϐάνοιτο,
865 2255 924 2319 ὃς
959 2255 1202 2321 ἀκούσας
1251 2258 1361 2311 τῶν
1406 2260 1716 2330 εἰρημένων
1752 2260 1860 2314 ἀπ-

258 2342 539 2412 εκρίνατο.
565 2345 676 2399 Καὶ
705 2345 843 2412 πῶς,
867 2339 912 2398 ὦ
943 2345 1150 2417 Πάτερ,
1179 2350 1238 2400 ὲν
1267 2339 1392 2418 ἐμοὶ
1412 2348 1796 2421 δοξασθήσῃ,
1836 2353 1865 2404 ὁ

261 2435 402 2488 ποτὲ
443 2435 614 2488 πολλὰ
645 2437 841 2507 καμὼν
872 2438 1012 2510 ὑπὲρ
1053 2441 1153 2508 τῆς
1197 2439 1308 2492 τῶν
1350 2441 1656 2511 ἀνθρώπων
1687 2459 1864 2512 σωτη-

265 2526 418 2596 ρίας,
447 2525 601 2580 οὐδὲν
629 2527 802 2597 ἤνυσα
827 2528 1010 2594 πλέον,
1039 2530 1514 2600 ὲναπομεινάντων
1539 2534 1605 2602 τῇ
1634 2533 1865 2603 ἀπιστίᾳ

262 2616 481 2670 πολλῶν
526 2635 584 2670 τε
629 2617 828 2684 ἄλλων,
860 2619 957 2672 καὶ
1002 2621 1111 2674 τῶν
1159 2622 1224 2673 ἐκ
1251 2625 1555 2694 περιτομῆς
1582 2640 1596 2689 ;
1628 2624 1757 2694 περὶ
1789 2617 1864 2678 ὧν

262 2707 476 2775 ἔλεγενο
507 2727 524 2759 ι
550 2709 663 2762 Οὐκ
681 2710 995 2781 ἀπεστάλην
1026 2712 1074 2764 εἰ
1100 2711 1176 2783 μὴ
1189 2713 1270 2775 είς
1283 2713 1352 2766 τά
1381 2713 1701 2768 ἀπολωλότα
1723 2716 1861 2787 πρό-

263 2795 409 2850 ϐατα
453 2797 606 2851 οἴκου
640 2799 858 2871 Ἰσραὴλ
885 2841 897 2862 ,
939 2820 960 2853 ι
991 2802 1106 2872 οἵγε
1140 2801 1281 2874 πρὸς
1331 2803 1409 2874 τῷ
1457 2806 1743 2872 ἀπειθεῖν,
1772 2810 1864 2862 καὶ

264 2889 650 2960 ἐσταύρωσαν,
679 2889 756 2953 ὡς
803 2893 1056 2963 εἰρῆσθαι
1105 2896 1200 2946 καὶ
1232 2897 1384 2966 παρᾶι
1416 2895 1496 2965 τῷ
1525 2898 1820 2968 Ψαλμῳδῷ
1845 2916 1859 2930 ο

270 2997 293 3031 ι
325 2979 422 3043 Τίς
450 2981 692 3050 ὠφέλεια
722 2984 779 3035 ὲν
808 2983 888 3054 τῷ
915 2983 1109 3054 αἵματί
1141 3003 1243 3055 μου
1265 3027 1279 3052 ,
1311 2988 1368 3038 έν
1401 2986 1478 3057 τῷ
1507 2988 1862 3042 καταϐαίνειν

265 3090 340 3145 με
375 3074 452 3137 είς
493 3073 828 3146 διαφθοράν;
865 3095 883 3127 ι
924 3077 1062 3128 Ἀλλ’
1098 3079 1296 3131 ἐκεῖνοι
1351 3078 1450 3148 μὲν
1495 3078 1770 3134 ταῦτα.Ἢ
1803 3081 1860 3134 δὲ
1890 3096 1931 3154 C

263 3164 471 3232 κρίσις
520 3182 640 3234 μου
679 3166 837 3234 παρὰ
887 3164 969 3231 τῷ
1011 3168 1222 3235 Κυρίῳ.
1245 3167 1388 3237 Ἐγὼ
1441 3171 1550 3239 γὰρ
1599 3172 1666 3223 τά
1716 3173 1858 3240 παρ’

263 3255 508 3325 ἐμαυτοῦ
539 3256 752 3327 πράξας
787 3259 1067 3313 ἐναντίον
1091 3243 1196 3314 τοῦ
1225 3261 1373 3313 Θεοῦ
1395 3278 1538 3329 μου,
1569 3261 1628 3314 τὸ
1659 3279 1857 3333 πατρι-

263 3348 365 3401 κὸν
397 3349 690 3404 ὲτελείωσα
725 3351 996 3423 βούλημα.
1035 3354 1136 3407 Διά
1171 3354 1333 3407 τοῦτο
1378 3354 1434 3406 δὲ
1466 3355 1560 3408 καὶ
1594 3357 1631 3422 ἠ
1658 3357 1857 3424 κρίσις

259 3439 620 3510 οξενήνεκται
647 3444 775 3514 παρ’
803 3444 991 3498 αὑτοῦ.
1011 3445 1412 3515 Ἐξεϐλήθησαν
1442 3447 1551 3516 γὰρ
1584 3447 1686 3516 τῆς
1720 3448 1859 3518 πρὸς

262 3553 290 3594 ι
309 3533 435 3586 ὐτὸν
461 3535 817 3605 οἰκειότητος.
849 3535 930 3590 Τὰ
970 3536 1026 3589 δὲ
1057 3535 1184 3606 ἔθνη
1215 3540 1408 3604 γέγονε
1455 3528 1659 3607 κλῆρος
1693 3536 1854 3592 Θεοῦ.

273 3623 396 3688 [ὴν
430 3626 634 3693 κρίσιν
658 3626 715 3679 δὲ
744 3626 946 3697 ταύτην
976 3628 1072 3680 καὶ
1099 3628 1186 3682 διὰ
1215 3629 1313 3699 τῆς
1346 3629 1665 3700 παραϐολῆς
1689 3629 1718 3682 ὁ
1746 3629 1858 3684 Κύ-

270 3733 387 3786 ριος
419 3717 608 3784 ἔδειξε,
627 3718 883 3788 περὶτῶν
911 3719 1173 3790 γεωργῶν
1203 3719 1376 3787 λέγων
1402 3720 1513 3774 τῶν
1538 3721 1628 3773 τὸν
1655 3719 1858 3791 κληρο-

265 3809 435 3878 νόμον
464 3809 860 3873 ἀπεκτονότων,
888 3809 982 3872 οὒς
1030 3811 1126 3864 καὶ
1173 3811 1467 3877 ἀπολέσας,
1503 3811 1713 3879 ἑτέροις
1761 3812 1854 3866 τὸν

267 3898 575 3968 ἀμπελῶνα
602 3902 870 3970 γεωργοῖς
921 3900 1205 3966 ἐξέδωκεν,
1238 3901 1434 3964 οἵτινες
1482 3900 1854 3955 ἀποδώσουσιν

267 3989 424 4062 αὐτῷ
449 3991 573 4054 τοὺς
602 3993 847 4063 καρποὺς
877 3993 934 4045 ὲν
977 3993 1088 4056 τοῖς
1117 3995 1331 4064 καιροῖς
1359 3992 1564 4049 αὑτῶν.
1603 3986 1764 4046 Οὗτοι
1795 3993 1854 4047 δὲ

262 4078 412 4154 ἦσαν
439 4083 546 4136 τῶν
577 4085 926 4154 Εὑαγγελίων
959 4087 1008 4138 οἱ
1041 4086 1300 4158 κήρυκες,
1336 4087 1423 4154 ἐφ’
1457 4079 1532 4140 ὧν
1554 4095 1576 4122 ι
1610 4086 1668 4140 ai
1698 4085 1854 4155 νεφέ-

266 4173 359 4228 λαι
399 4173 647 4244 καθῆκαν
677 4175 865 4239 ὑετοὺς
899 4178 953 4230 αἱ
984 4177 1360 4230 κελευσθεῖσαι
1395 4178 1471 4246 μὴ
1501 4176 1719 4248 βρέχειν
1760 4178 1854 4230 ἐπὶ

267 4266 366 4320 τὸν
400 4267 687 4321 Ἰουδαϊκὸν
717 4268 1036 4338 ἀμπελῶνα,
1068 4269 1154 4339 ἐφ’
1182 4262 1257 4323 ὧν
1291 4269 1392 4322 οὑκ
1422 4269 1684 4334 ἀκάνθας,
1717 4267 1854 4322 ἀλλὰ

274 4357 550 4426 σταφυλὰς
577 4357 880 4428 ἐτρύγησεν
907 4361 934 4412 ὁ
961 4359 1220 4430 Χριστὸς,
1252 4357 1518 4428 λεγόντων
1564 4359 1742 4430 ἡμῶν,
1771 4360 1852 4414 ὅτι

1954 535 2154 590 genere
2217 529 2425 583 autem,
2475 518 2620 587 quod
2649 517 2717 572 ab
2757 517 2911 572 Israe
2935 535 2983 584 ε,
3020 518 3181 588 553
3215 518 3408 574 Israel.
3444 522 3556 578 Sed

1959 622 2220 681 tanquam
2271 612 2364 668 Dei
2422 612 2631 676 virtus,
2695 612 2857 666 rebus
2894 613 3050 680 ipsis,
3101 627 3238 681 quas
3287 623 3553 683 operatur

1954 720 2102 770 eum,
2145 704 2303 774 cujus
2343 705 2521 758 virtus
2546 711 2652 768 est,
2689 703 2861 773 gloria
2879 703 3061 771 afficit,
3105 703 3370 769 informa
3407 709 3550 760 servi

1954 776 2152 860 factus,
2181 795 2588 864 quantumlibet
2643 807 2843 848 natura
2871 795 3053 860 filius;
3098 795 3186 848 cui
3246 794 3555 854 inﬂectetnr

1955 901 2118 940 omne
2139 902 2280 956 genu
2303 886 2649 940 terrestrium
2695 897 2746 940 ct
2773 886 3115 940 iufernorum
3139 905 3154 953 ;
3189 905 3350 958 quem
3373 890 3556 945 omnis

1955 976 2125 1030 etiam
2152 977 2338 1048 lingua
2377 977 2667 1032 Dominum
2697 976 2882 1032 Jesum
2917 976 3190 1032 Christum
3227 982 3280 1034 in
3317 981 3555 1051 gloriam

1958 1067 2058 1122 Dei
2086 1067 2264 1123 Patris
2288 1084 2412 1124 esse
2447 1069 2804 1124 conﬁtebitur
2841 1069 2902 1121 "'.

2027 1155 2284 1211 Nonnulli
2313 1158 2380 1211 ad
2417 1173 2608 1213 vocem
2672 1157 2856 1212 Israel
2899 1158 3094 1214 referri
3131 1162 3406 1227 arbitrati,
3445 1161 3550 1217 Do-

1960 1247 2134 1313 mino,
2173 1255 2398 1318 propter
2455 1248 2765 1303 bonitatem
2798 1249 2998 1312 solam,
3049 1249 3224 1305 Israel
3264 1253 3551 1321 appellari,

1959 1348 2016 1394 et
2045 1341 2099 1393 in
2120 1354 2206 1404 eo,
2224 1348 2448 1417 propter
2474 1339 2742 1395 miracula
2799 1357 2921 1411 qua:
2952 1342 3008 1395 in
3042 1342 3281 1414 Egypto
3304 1353 3361 1398 et
3390 1344 3553 1400 deino

1962 1447 2093 1500 ceps
2119 1439 2336 1500 patrata
2397 1442 2546 1494 sunt,
2592 1434 2818 1501 gloriari
2851 1435 3126 1503 placuisse
3183 1437 3552 1490 arbitrantur.

1961 1521 2166 1576 Putant
2209 1521 2374 1576 iidem
2404 1524 2570 1578 verba
2605 1525 2732 1590 ista,
2769 1524 2998 1579 Frustra
3037 1526 3294 1595 laboravi,
3325 1537 3396 1582 ‘ex
3427 1544 3555 1598 pro-

1967 1615 2140 1684 pheta:
2168 1629 2402 1684 persona
2444 1615 2578 1678 dici,
2628 1623 2892 1685 tanquam
2928 1633 2988 1672 se
3023 1619 3406 1674 concionando
3445 1635 3553 1675 non

1965 1721 2155 1777 parum
2184 1707 2506 1772 desudasse,
2543 1707 2638 1762 sed
2683 1708 2819 1762 nihil
2841 1709 2967 1764 inde
2993 1710 3280 1778 probiores
3308 1712 3555 1767 evasisse

1968 1797 2270 1862 auditores,
2306 1808 2680 1866 conqueratur
2737 1817 2750 1853 :
2801 1815 3037 1868 cumque
3087 1800 3192 1854 sibi
3238 1809 3295 1855 ut
3329 1801 3552 1872 dignam

1967 1887 2216 1942 laborum
2260 1888 2572 1943 mercedem
2631 1899 2862 1958 reponat
2905 1891 3191 1956 Dominus,
3247 1895 3549 1963 postulare.

1969 1980 2231 2035 Sumatur
2268 1990 2322 2036 et
2350 1981 2505 2046 illud,
2563 1981 2737 2048 aiunt,
2773 1982 2840 2038 de
2868 1981 3093 2039 homine
3131 1986 3398 2054 quolibet,
3457 1988 3551 2054 qui

1966 2071 2101 2126 sein
2132 2071 2369 2127 diversis
2439 2072 2602 2141 hujus
2671 2073 2797 2128 vitae
2856 2076 3204 2144 voluptatum
3253 2078 3552 2142 generibus

1966 2161 2173 2218 frustra
2195 2171 2410 2232 tempus
2429 2165 2794 2234 insumpsisse
2816 2168 3164 2222 recordetur.
3197 2167 3303 2223 Sed
3331 2175 3553 2239 proprie

1967 2255 2140 2324 magis
2169 2259 2240 2308 ad
2270 2253 2614 2310 Salvatorem
2674 2253 2971 2321 referatur,
3017 2257 3110 2325 qui
3148 2258 3355 2314 auditis
3392 2275 3552 2329 supe-

1966 2344 2208 2399 rioribus
2239 2345 2342 2398 ista
2394 2353 2636 2412 reponat
2664 2361 2679 2398 :
2712 2345 3028 2410 Enimvero,
3062 2346 3249 2414 Pater,
3277 2351 3366 2417 qui
3407 2360 3462 2403 tu
3497 2351 3552 2405 in

1968 2450 2056 2489 me
2085 2435 2479 2505 glari/icaberis
2501 2476 2516 2500 ,
2555 2450 2680 2489 cum
2714 2438 2903 2491 multis
2929 2453 3028 2507 pro
3063 2439 3242 2495 salute
3269 2441 3553 2496 hominum

1966 2527 2250 2583 laboribus
2276 2529 2590 2591 exantlatis,
2614 2529 2752 2582 nihil
2773 2530 3122 2598 profecerim,
3151 2533 3340 2588 multis
3366 2534 3548 2588 adhuc

1967 2617 2090 2673 aliis
2151 2621 2204 2697 in
2254 2619 2647 2674 incredulitate
2703 2621 3180 2688 permanentihus,
3243 2631 3298 2676 et
3343 2624 3550 2681 Judaeis

1965 2708 2140 2778 ipsis?
2165 2708 2237 2762 At
2267 2709 2330 2762 de
2365 2708 2486 2764 istis
2544 2709 2880 2777 intelligens,
2908 2725 2968 2766 se
2991 2726 3100 2765 non
3155 2713 3260 2767 nisi
3319 2716 3385 2768 ad
3420 2731 3554 2771 oves

1966 2799 2164 2854 domus
2195 2798 2382 2863 Israel,
2422 2814 2544 2869 quae
2576 2800 2877 2869 perierant,
2906 2801 3138 2856 missum
3168 2801 3306 2858 dixit
3328 2804 3404 2870 ¹⁹;
3431 2821 3554 2872 qua:

1965 2899 2149 2946 tamen
2175 2899 2230 2946 et
2262 2893 2391 2962 ipsa:
2418 2903 2781 2962 praeterquam
2806 2893 2956 2962 quod
2989 2893 3154 2947 fidem
3178 2895 3546 2963 abnegarunt,

1965 2995 2089 3036 eum
2141 2981 2305 3036 etiam
2343 2981 2496 3035 cruci
2531 2980 2840 3043 allixerunt,
2865 2982 2932 3035 de
2961 2996 3072 3050 quo
3107 2983 3190 3036 sic
3227 2983 3371 3052 apud
3400 2983 3555 3038 Davi-

1967 3071 2088 3125 dem
2116 3071 2382 3142 legimus:
2413 3089 2432 3121 ι
2457 3071 2589 3138 Quae
2620 3071 2828 3125 utilitas
2853 3071 2909 3124 in
2928 3072 3201 3141 sanguine
3226 3089 3366 3139 meo,
3402 3075 3552 3144 quod

1965 3162 2248 3217 descendo
2306 3163 2362 3216 in
2394 3163 2812 3230 corruptionem
2832 3163 2919 3215 ὀἳ
2947 3181 2965 3214 ι
3003 3163 3108 3218 Sed
3175 3165 3279 3220 ista
3330 3165 3554 3235 quidem

1967 3253 2064 3306 illi.
2101 3252 2361 3323 Sequitur
2385 3268 2534 3319 vero,
2557 3253 2824 3322 judicium
2861 3270 3036 3308 meum
3065 3255 3206 3324 apud
3238 3255 3551 3314 Domitium.

1965 3344 2080 3414 Ego
2113 3347 2282 3412 enim,
2313 3347 2513 3416 inquit,
2550 3362 2670 3415 quae
2693 3362 2724 3400 a
2757 3362 2843 3402 me
2875 3348 2996 3417 ipso
3018 3358 3199 3415 erant,
3233 3367 3409 3403 coram
3441 3349 3550 3406 Deo

1965 3454 2080 3492 meo
2140 3450 2469 3502 exsecutus,
2512 3448 2754 3507 paterna:
2781 3441 3085 3496 voluntatis
3135 3442 3295 3498 linem
3321 3443 3554 3514 adeptus

1965 3543 2129 3582 sum:
2169 3529 2240 3582 ob
2289 3529 2456 3598 idque
2487 3541 2538 3584 et
2559 3530 2830 3599 judicium
2871 3532 2942 3586 ab
2968 3547 3035 3588 eo
3057 3533 3226 3588 latum
3270 3543 3375 3589 est.
3414 3534 3557 3590 Sunt

1963 3621 2109 3676 enim
2136 3617 2316 3685 abice,
2369 3636 2534 3689 quam
2592 3638 2715 3675 cum
2773 3622 3006 3678 Domino
3067 3625 3366 3689 habebant,
3417 3643 3552 3682 con-

1960 3710 2252 3780 junctione
2309 3711 2548 3776 divulsi;
2584 3720 2778 3782 gentes
2847 3723 3031 3769 autent
3087 3716 3138 3768 in
3188 3716 3284 3771 Dei
3339 3730 3552 3774 sortem

1963 3800 2169 3856 ascittc.
2200 3799 2478 3856 Iudicium
2529 3818 2696 3871 porro
2751 3803 2900 3858 istud
2955 3805 3037 3860 vel
3066 3805 3180 3876 ipse
3205 3807 3258 3859 in
3287 3810 3552 3877 parabola

1961 3890 2227 3946 Dominus
2261 3892 2329 3946 de
2357 3893 2641 3962 agricolis,
2697 3895 2790 3963 qni
2820 3894 3095 3950 haeredem
3131 3897 3550 3967 interemerant,

1963 3985 2186 4040 locutus
2218 3983 2504 4050 indicavit,
2557 3999 2682 4039 cum
2711 3986 2946 4042 sublatis
2972 3987 3118 4051 istis,
3157 3989 3300 4056 aliis,
3328 3992 3420 4060 qui
3445 3995 3551 4050 sibi

1963 4087 2108 4132 stato
2139 4085 2193 4132 et
2218 4077 2416 4132 idoneo
2449 4087 2692 4148 tempore
2724 4077 2940 4134 fructus
2965 4080 3300 4147 redderent,
3334 4084 3550 4140 vineam

1961 4184 2118 4225 suam
2168 4169 2483 4224 elocavit".
2519 4168 2561 4223 li
2595 4184 2727 4224 vero
2760 4171 3096 4226 exstiterunt
3129 4175 3550 4243 evangeliorum

1959 4277 2246 4332 praecones
2311 4261 2438 4331 ipsi,
2467 4261 2519 4315 in
2554 4278 2695 4333 quos
2735 4264 2910 4319 nubes
2947 4263 3111 4336 554
3171 4267 3549 4343 ἱ11εε²²,,(ιιιωίιι

1959 4351 2240 4408 Judaicam
2269 4353 2433 4406 vitem
2463 4352 2724 4423 depluerc
2749 4354 3100 4420 vetabantur,
3130 4356 3368 4425 pluviam
3393 4374 3550 4413 suam

287 4448 346 4503 Ὀ
379 4449 584 4521 Κύριος
608 4450 768 4503 δώσει
801 4452 1170 4524 χρηστότητα,
1206 4452 1302 4504 καὶ
1331 4453 1364 4522 ἡ
1393 4453 1464 4521 γῆ
1513 4451 1672 4522 ἡμῶν
1695 4450 1854 4504 δώσει

1964 4445 2334 4501 demiserunt:
2363 4459 2472 4514 quo
2531 4444 2740 4500 factum
2796 4453 2902 4508 est,
2930 4454 2992 4500 ut
3021 4462 3129 4501 non
3185 4447 3401 4516 spinas,
3441 4449 3541 4503 sed

269 4543 400 4605 τοὺς
447 4543 695 4612 καρποὺς
743 4542 944 4596 αὑτῶν.
979 4543 1087 4596 Καὶ
1137 4543 1313 4606 ἄλλως
1358 4543 1416 4596 δὲ
1467 4544 1576 4598 τὸν
1619 4543 1864 4598 πόνον-δ

270 4632 486 4695 Παῦλος
513 4633 675 4686 αὑτοῦ
710 4633 809 4688 καὶ
848 4639 962 4703 τὴν
993 4635 1194 4704 κρίσιν
1223 4634 1375 4704 δηλοῖ
1398 4634 1573 4704 λέγων
1593 4649 1605 4664 ⁸
1641 4653 1659 4687 ι
1677 4637 1774 4699 Ὃς
1803 4637 1861 4688 ὲν

275 4727 463 4796 μορφῇ
514 4726 649 4779 Θεοῦ
685 4727 978 4798 ὑπάρχων,
1011 4728 1108 4798 οὑχ
1158 4728 1451 4799 ἁρπαγμὸν
1503 4729 1771 4799 ἡγήσατο,
1801 4729 1863 4782 τὸ

275 4812 416 4868 εἶναι
465 4817 554 4870 ῐσα
584 4817 725 4887 Θεῷ,
772 4819 885 4871 ἀλλ’
907 4819 1099 4872 ἑαυτὸν
1129 4819 1395 4873 ἐκένωσεν
1431 4819 1648 4890 μορφὴν
1673 4819 1861 4872 δούλου

276 4907 482 4972 nam,
519 4909 758 4980 ὑπήκοος
787 4911 1027 4979 γεγονὼς
1045 4911 1122 4979 τῷ
1150 4910 1374 4982 Πατέρι,
1407 4911 1569 4982 μέχρι
1599 4910 1856 4977 θανάτου,

273 4998 508 5052 θανάτου
526 4999 583 5051 δὲ
602 5000 858 5071 σταυροῦ.
882 5001 971 5054 Διὸ
993 5001 1088 5055 καὶ
1111 5001 1469 5072 ὑπερύψωσεν
1493 5002 1678 5069 αὑτὸν,
1702 5002 1858 5073 φησὶ,

271 5090 334 5143 τὸ
361 5091 530 5160 ὄνομα
550 5092 672 5156 δοὺς
697 5095 758 5146 τὸ
787 5093 929 5164 ὑπὲρ
958 5096 1068 5148 πᾶν
1101 5095 1291 5163 ὄνομα,
1321 5095 1407 5149 ἵνα
1439 5095 1499 5148 ὲν
1526 5093 1604 5165 τῷ
1635 5095 1860 5165 ὀνόματι

271 5177 443 5233 αὑτοῦ
471 5181 578 5234 πᾶν
608 5182 738 5250 γόνυ
768 5183 982 5254 κάμψῃ.
1021 5201 1040 5234 ι

1960 4553 2096 4593 uvas
2156 4535 2414 4592 Christus
2446 4537 2733 4606 collegerit
2818 4561 2832 4603 -,
2865 4538 3009 4593 sicut
3040 4538 3144 4608 ipsi
3194 4539 3550 4608 profitemur,

1962 4643 2086 4684 cum
2123 4629 2408 4683 Dominum
2437 4628 2833 4699 benignitatem
2857 4645 3042 4695 suam,
3073 4639 3392 4702 terramque
3441 4634 3552 4687 fru-

1961 4728 2111 4775 ctum
2155 4736 2314 4775 suum
2345 4721 2602 4775 daturum
2633 4736 2758 4776 esse
2803 4723 3145 4778 canimus".
3185 4725 3338 4780 Alias
3367 4733 3550 4780 autem

1963 4822 2017 4866 et
2046 4811 2250 4868 Paulus
2274 4813 2394 4881 ipse
2423 4811 2670 4881 ejusdem
2704 4811 2939 4867 laborem
2965 4824 3014 4867 et
3030 4815 3298 4882 judicium
3342 4815 3552 4870 indicu-

1964 4904 2067 4966 vit,
2117 4903 2213 4958 ubi
2247 4902 2324 4955 ait
2357 4915 2416 4953 τι
2441 4901 2545 4967 Qui
2577 4916 2706 4956 cum
2737 4902 2792 4956 in
2822 4901 2995 4958 forma
3063 4903 3155 4958 Dei
3205 4913 3375 4969 esset,
3437 4919 3554 4958 non

1965 4996 2214 5066 rapinam
2246 4994 2549 5048 arbitratus
2584 5001 2670 5049 est
2701 5010 2822 5051 esse
2856 5011 2915 5051 se
2963 4997 3227 5066 aequalem
3281 4995 3411 5062 Deo,
3451 4996 3554 5050 sed

1967 5090 2207 5158 seipsum
2237 5086 2541 5142 exinantvit
2569 5086 2802 5142 formam
2871 5090 3016 5144 servi
3063 5088 3360 5158 accipiens,
3401 5088 3555 5142 Patri
3649 5157 3658 5167 -

1967 5178 2149 5234 factus
2179 5176 2442 5234 obcdiens
2485 5194 2660 5248 usque
2692 5179 2758 5234 ad
2802 5190 3056 5246 mortem,
3092 5190 3321 5234 mortem
3361 5188 3553 5232 autem

271 5268 745 5340 crucis.Pr0pter
799 5272 946 5341 quod
997 5272 1163 5326 etiam
1219 5272 1487 5327 exaltavit
1556 5273 1733 5334 illum,
1810 5269 2013 5339 inquit,
2071 5277 2121 5322 et
2165 5266 2318 5322 dedit
2387 5267 2468 5322 illi
2529 5284 2752 5334 nomen,
2809 5270 2956 5341 quod
3013 5277 3099 5325 est
3157 5285 3320 5342 super
3381 5285 3555 5328 omne,

273 5374 578 5429 nomen,ut
607 5367 658 5420 in
699 5368 921 5424 nomine
986 5368 1161 5438 ipsius
1236 5385 1400 5424 omne
1451 5384 1592 5438 genu
1629 5367 1966 5422 ﬂectatur".
2009 5384 2026 5416 ι

350 5475 399 5548 ¹ξ
436 5475 670 5548 Philipp.
710 5497 770 5544 tt,
798 5481 852 5544 9,
890 5481 979 5536 10.

273 5545 324 5580 ⁸³
364 5544 734 5624 Μειλιχίων,
764 5556 852 5614 l5.
886 5551 932 5584 “
970 5552 1207 5624 Philipp.
1258 5568 1318 5620 ιι,
1349 5544 1510 5607 7-10.

1095 5482 1138 5514 ¹⁰
1167 5481 1357 5536 Matth.
1394 5498 1478 5546 xv,
1510 5481 1600 5535 2t.
1679 5483 1725 5513 ὀ
1758 5480 1857 5536 Psa

1964 5493 2110 5532 rxtx.
2168 5477 2257 5533 10.
2333 5478 2374 5509 ¹¹
2439 5475 2628 5531 Matth.
2681 5491 2793 5542 xxi,
2828 5477 2894 5532 55
2931 5491 3082 5549 seqq.

3165 5477 3210 5510 ¹³
3248 5477 3351 5533 lsa.
3383 5484 3540 5552 αλκ,

613 5624 652 5661 ⁸
1601 5644 1829 5700 raritas
1869 5641 2278 5700 LECTIONES.

347 5740 376 5772 ι
404 5750 501 5802 τι).
538 5732 658 5798 οὓς.
