3980 6306
292 305 443 370 ἳίϐθ

1248 299 1256 309 ·
1350 297 1884 361 COMMENTARII
1913 302 1996 364 IN
2031 263 2321 365 Is'AIAM.

3411 307 3558 375 2470

293 434 484 482 σαντο,
517 410 830 475 ἀκολούθως
864 409 1170 482 ἐπήνεγκεν
1190 423 1203 438 '
1243 406 1390 462 Ἰδοὺ
1431 407 1665 464 τέθεικά
1692 424 1768 465 σε
1797 412 1887 477 εις

1995 428 2112 469 cum
2146 412 2392 484 captivas
2420 410 2690 468 haberent
2721 414 2969 481 animas,
3000 418 3056 469 et
3081 414 3328 471 caecitate
3357 416 3573 477 labora-

287 507 423 578 φῶς
452 502 664 565 ἐθνῶν.
696 503 808 556 Καὶ
837 503 888 554 oi
927 501 1108 555 λοιποὶ
1150 500 1207 554 δὲ
1251 500 1424 564 οὕτως
1474 501 1763 566 ἐξέδωκαν.
1794 502 1886 557 Διὸ

288 594 397 663 τῆς
419 590 704 663 παρούσης
734 587 1077 659 προφητείας
1114 588 1419 660 ἀρχόμενος
1446 588 1655 656 ἔλεγεν·
1680 590 1885 645 Ἀκοῠ-

290 684 449 740 σατέ
485 699 631 752 μου,
657 680 875 749 νῆσοι,
904 678 1002 734 καὶ
1031 678 1383 748 προσέχετε,
1410 679 1554 748 ἔθνη
1572 696 1587 712 ο
1637 681 1745 737 ἔδει
1775 683 1887 754 γὰρ

292 776 530 833 ἀκοῦσαι
576 772 648 827 τὰ
695 772 825 843 ἔθνη
878 771 976 823 τόο
1021 769 1176 825 Ἰδοὺ
1220 768 1459 825 τέθεικά
1509 787 1583 826 σε
1628 774 1719 838 εις
1762 773 1888 845 φῶς

290 866 508 924 ἐθνῶν.
541 865 616 918 Οὐ
646 862 757 934 γὰρ
789 863 962 934 ἐχρῆν
995 862 1095 932 τὴν
1115 860 1385 932 τοσαύτην
1414 863 1729 933 οἰκονομίαν
1753 866 1889 921 ἀπθ-

291 961 514 1029 τυχεϊν,
550 956 950 1024 ἀπειθήσαντος
985 951 1259 1023 Ἰσραὴλ,
1289 952 1386 1007 καὶ
1422 953 1484 1007 τὸ
1520 953 1707 1018 σκότος
1745 955 1884 1024 ἠγα-

297 1050 562 1119 πηκότος.
594 1047 788 1103 Καίτοι
835 1043 947 1098 τῶν
987 1043 1286 1115 προφητῶν
1329 1045 1358 1097 6
1410 1044 1509 1115 μέν
1558 1061 1644 1107 τις
1682 1043 1886 1112 ἔφασκε

298 1140 443 1209 πρὸς
474 1136 671 1200 αὐτούς
691 1144 736 1188 "t
768 1132 1034 1200 Φωτίζου,
1059 1133 1318 1205 φωτίζου,
1337 1133 1887 1205 Ἰερουσαλήμ.Ἥκει

299 1232 414 1301 γάρ
440 1248 532 1284 σου
562 1231 623 1283 τὸ
650 1227 786 1297 φῶς,
818 1246 836 1278 ι
863 1227 956 1280 καὶ
984 1226 1053 1279 τὰ
1109 1226 1202 1279 ἐπὶ
1256 1224 1458 1295 τούτῳο
1485 1226 1513 1277 6
1540 1224 1616 1291 δὲ,
1643 1242 1661 1276 ι
1694 1224 1889 1278 ἀνατε-

296 1323 389 1376 λεῖ
423 1324 550 1394 ὑμῖν
582 1323 694 1384 τοῖς
726 1319 1086 1390 φοϐουμένοις
1141 1334 1208 1387 με
1269 1316 1423 1387 ἥλιος
1451 1315 1822 1386 δικαιοσύνης.
1861 1332 1880 1368 ι

295 1413 509 1467 Λοιπὸν
543 1414 654 1474 τοῖς
681 1410 860 1463 ἔθνεσι
889 1406 1228 1480 προσφωνῶν
1251 1407 1469 1475 ἐπάγει,
1502 1405 1699 1471 Οὕτως
1727 1404 1890 1473 λέγει

296 1504 537 1572 Κύριος.
556 1501 833 1569 Ἀγνοοῦσι
874 1500 931 1552 δὲ
959 1498 1044 1562 τίς
1062 1500 1090 1551 6
1118 1498 1346 1569 Κύριος,
1380 1497 1545 1567 φησιν
1568 1512 1581 1527 “
1614 1495 1676 1550 '0
1694 1495 1890 1564 ῥυσά-

286 1610 480 1662 μενος
500 1592 607 1645 τὸν
628 1590 898 1660 Ἰσραήλ.
919 1587 1221 1642 Ἠκούσατε
1243 1588 1354 1659 γὰρ
1385 1587 1501 1651 πῶς
1530 1587 1588 1655 ὲξ
1609 1585 1887 1663 Αἰγύπτου

293 1682 470 1737 πάλαι
507 1680 731 1743 τούτους
767 1680 1048 1733 διέσωσεν.

1990 504 2442 574 rent,Evangelii
2496 506 2829 576 praeconium
2872 504 3104 576 largitus
3131 514 3236 570 est,
3282 506 3573 577 visumque

1989 592 2252 646 restituit.
2278 592 2480 648 Verum
2516 592 2643 663 quia
2677 591 2908 663 gratiam
2943 592 3019 649 illi
3048 594 3410 663 abnegarunt,
3441 611 3574 651 con-

1987 692 2282 752 sequenter
2340 681 2477 738 Ecce
2496 685 2650 753 posui
2690 695 2738 738 te
2769 684 2825 737 in
2856 683 3028 738 lucem
3064 686 3318 755 gentium,
3355 686 3569 741 intulit:

1987 773 2134 844 quod
2165 788 2231 829 eo
2288 774 2451 828 modo
2507 774 2673 829 etiam
2738 774 2936 843 reliqui
2995 773 3454 845 interpretantur.
3509 775 3574 833 Et

1988 864 2129 917 hanc
2147 863 2270 918 inde
2289 864 2605 933 auspicatus
2624 864 2965 934 prophetiam
2991 882 3004 919 :
3024 864 3219 918 Audite
3238 881 3343 930 me,
3359 866 3571 931 insulto,

1987 964 2036 1005 et
2067 952 2342 1017 attendite,
2370 959 2566 1022 gentes,
2607 952 2781 1018 dixit;
2810 952 2939 1022 quia
2990 961 3180 1021 gentes
3225 953 3381 1016 illud,
3439 954 3575 1009 Ecce

1987 1041 2142 1112 posui
2164 1049 2226 1097 ,ιε
2251 1042 2308 1095 in
2348 1041 2513 1095 lucem
2542 1042 2794 1111 gentium,
2824 1042 3015 1097 audire
3039 1043 3349 1112 oportebat.
3384 1042 3574 1113 Neque

1988 1132 2134 1188 enim
2204 1130 2409 1186 Israele
2473 1131 2633 1187 ﬁdem
2677 1140 2987 1198 aversante,
3045 1134 3413 1202 tenebrasque
3451 1150 3573 1187 am-

1988 1223 2283 1293 plectente,
2316 1233 2520 1277 tantam
2557 1223 2919 1278 oeconomiam
2974 1223 3229 1279 excidere
3255 1233 3309 1279 et
3340 1224 3445 1279 line
3473 1240 3575 1279 suo

1990 1328 2180 1368 carere
2209 1312 2415 1368 decuit.
2441 1311 2654 1367 Etvero
2681 1314 3072 1383 prophetarum
3096 1313 3387 1382 quemdam
3411 1313 3576 1391 556

1991 1402 2156 1456 alium
2192 1401 2248 1455 in
2280 1402 2425 1456 hunc
2452 1401 2673 1457 modum
2692 1402 2760 1457 ad
2781 1416 2876 1457 eos
2893 1403 3136 1458 locutum
3161 1403 3434 1473 reperias:
3460 1422 3479 1454 ι
3508 1404 3574 1456 ιι-

1991 1491 2284 1557 luminare,
2309 1490 2646 1559 illuminare,
2671 1489 2998 1547 Jerusalem.
3035 1490 3195 1547 Venit
3226 1496 3367 1547 enim
3392 1493 3574 1547 lumen

1993 1595 2143 1638 tuum
2164 1584 2232 1649 ⁸ο,
2258 1603 2277 1638 ι
2306 1594 2360 1640 et
2380 1599 2502 1656 quae
2532 1591 2747 1655 postea.
2783 1582 2850 1637 Et
2894 1582 3065 1637 alium
3096 1585 3259 1638 etiam
3291 1625 3304 1637 .
3351 1582 3572 1647 (Vobis,

1993 1676 2085 1746 qui
2114 1676 2319 1732 timetis
2347 1690 2456 1741 me,
2480 1675 2761 1731 exorietur
2792 1674 2885 1731 Sol
2908 1675 3136 1745 iustitiae
3158 1676 3225 1730 ⁸¹.
3257 1694 3275 1727 ι
3311 1674 3575 1749 Deinceps

293 1786 479 1832 autem
512 1770 767 1842 gentibus
795 1768 1121 1834 inclamans,
1151 1767 1240 1823 Sic
1268 1767 1396 1822 dicit
1437 1766 1692 1823 Dominus
1713 1808 1729 1834 ,
1759 1765 1987 1822 addidit.
2024 1765 2133 1822 Sed
2161 1767 2293 1837 quia
2335 1780 2445 1821 non
2486 1765 2736 1831 deerant,
2777 1765 2869 1835 qui
2901 1764 3193 1820 Dominum
3225 1766 3573 1837 ignorabant,

292 1868 555 1934 quisnam
588 1869 755 1927 esset,
781 1876 905 1916 cum
958 1858 1215 1915 Israelem
1244 1862 1447 1915 eruisse
1493 1876 1554 1917 se
1596 1859 1947 1933 signiﬁcavit,
1978 1860 2253 1932 expressit
2280 1877 2295 1916 :
2329 1859 2494 1931 quasi
2540 1873 2637 1916 eos
2681 1859 2920 1929 qualiter
2952 1857 3280 1930 Egyptiaca
3312 1860 3578 1918 servitute

294 1956 537 2018 liberati,
574 1956 889 2025 servatique
919 1953 1050 2017 sint,
1078 1959 1470 2007 commoneret.

370 2010 557 2100 Ἀλλοι
571 2046 628 2099 δὲ
649 2045 784 2115 πρὸς
800 2010 924 2111 τοὺς
945 2047 1008 2098 ἐκ
1026 2010 1330 2117 περιτομῆς
1345 2045 1598 2117 εἰρῆσθαι
1618 2042 1777 2099 τοῦτό
1792 2062 1892 2114 φα-

2062 2042 2165 2099 Alii
2189 2040 2259 2096 ad
2281 2010 2503 2098 Judteos
2528 2040 2640 2097 dici
2670 2040 2821 2098 istud
2854 2041 3223 2106 arbitrantur,
3254 2041 3360 2097 hoc
3391 2043 3574 2107 modo,

298 2156 413 2201 σιν,
444 2136 520 2201 ὡς
547 2136 575 2188 6
611 2136 776 2190 πάλαι
799 2150 873 2189 σε
890 2134 1237 2204 ῥυσάμενος
1255 2137 1574 2207 ἐντέλλομαί
1599 2153 1702 2203 σοι,
1726 2135 1802 2199 ὡς
1826 2135 1892 2189 ἂν

302 2230 381 2300 μὴ
399 2225 714 2299 προσκόψῃς
731 2224 805 2296 τῷ
823 2225 956 2296 λίθῳ
970 2224 1063 2278 τοῦ
1084 2227 1515 2299 προσκόμματος
1533 2266 1547 2281 .
1583 2226 1894 2297 Ἀγιάσατε

305 2322 413 2375 τὸν
432 2318 793 2390 φαυλίζοντα
836 2318 953 2385 τὴν
979 2317 1193 2387 ψυχὴν
1226 2318 1593 2387 αὑτοῦ.”οσῳ
1622 2317 1731 2390 γὰρ
1765 2319 1895 2371 ὲτα-

304 2413 572 2467 πείιωσεν
598 2409 789 2465 ἑαυτὸν
815 2410 977 2481 μέχρι
1000 2408 1257 2473 Θανάτου,
1286 2407 1518 2464 θανάτου
1537 2408 1593 2462 δὲ
1619 2408 1856 2480 σταυροῦ
1876 2426 1890 2440 ο

300 2502 553 2571 τοσούτῳ
580 2500 863 2564 δοξάσατε,
899 2499 992 2552 καὶ
1020 2498 1304 2566 ἁγιάσατε
1344 2498 1504 2551 αὐτόν
1524 2515 1538 2530 ο
1595 2500 1643 2552 ει
1674 2498 1730 2551 δὲ
1759 2499 1895 2569 πρὸς

299 2595 371 2647 τὰ
401 2592 530 2662 ,ξθνη
563 2592 801 2657 λέγοιτο,
833 2589 1269 2661 διαμαρτύρεται
1317 2590 1394 2660 μὴ
1424 2590 1587 2642 ταυτδ
1613 2591 1725 2653 τοῖς
1759 2591 1887 2643 Ἰου-

299 2684 475 2746 δαίοις
528 2682 740 2734 παθεῖν.
778 2681 853 2733 T6
895 2681 951 2732 δὲ
985 2682 1293 2748 ἁγιάσατε,
1349 2680 1545 2733 σεπτὸν
1597 2681 1691 2733 καὶ
1739 2680 1895 2748 ἅγιον

303 2774 766 2830 ὑπολάϐετε.Ἔτι
815 2773 924 2841 γὰρ
960 2773 1142 2825 ’ὅντων
1176 2772 1334 2842 ἡμῶν
1363 2771 1726 2842 ἁμαρτωλῶν,
1756 2772 1895 2844 ὑπὲρ

302 2863 520 2919 ἀσεϐῶν
537 2862 737 2915 ἔπαθεν
757 2863 785 2913 6
804 2861 979 2928 λέγων
1001 2878 1043 2911 ἰ
1066 2860 1125 2914 '0
1146 2859 1348 2931 ποιμὴν
1367 2861 1394 2912 6
1417 2861 1582 2924 καλὸς
1605 2860 1702 2930 τὴν
1718 2860 1894 2932 ψυχὴν

303 2951 473 3006 αὑτοῦ
524 2951 739 3022 τίθησιν
761 2949 904 3020 ὑπὲρ
931 2950 1040 3002 τῶν
1102 2949 1415 3020 προϐάτων.
1446 2967 1464 2998 ι
1497 2949 1895 3018 Ὀμολογείσθω

304 3043 492 3096 τοίνυν
517 3041 703 3110 ἅγιος,
739 3041 767 3094 ὃ
800 3040 947 3111 μόνῳ
974 3040 1172 3110 πρέπει
1199 3041 1340 3109 Θεῷ.
1373 3040 1644 3102 Ούσιῶδες
1668 3039 1775 3111 γὰρ
1798 3041 1896 3092 ἐπ’

305 3131 477 3186 αὒτοῦ
504 3130 564 3184 τὺ
590 3132 704 3192 τοῖς
725 3129 910 3191 ἄλλοις
934 3128 1328 3197 ὲπισυμόαῖνον
1350 3129 1413 3180 ἐκ
1442 3127 1541 3196 τῆς
1566 3127 1731 3179 αὑτοῦ
1765 3144 1895 3197 μετ-

304 3224 440 3292 οχῆς
465 3238 477 3251 ·
514 3223 638 3274 ἐπεὶ
672 3222 767 3274 κοιλ⁵
798 3220 912 3289 φῶς
938 3218 1014 3271 ὣν
1045 3219 1228 3288 λέγει’
1270 3236 1289 3269 ι
1313 3218 1502 3288 Ὑμεῖς
1530 3220 1652 3271 ἐστε
1683 3219 1745 3271 τὸ
1779 3220 1894 3289 φῶς

303 3313 404 3365 τοῦ
431 3313 638 3382 κόσμου
661 3310 873 3364 τούτου.
888 3329 905 3361 ι
936 3311 1047 3363 Καὶ
1062 3310 1316 3379 λέγοντες
1335 3309 1391 3362 δὲ
1408 3309 1521 3372 τδ,ι
1546 3308 1893 3381 Ἁγιασθήτω

304 3404 370 3456 τὸ
418 3373 587 3469 ὄνομά
632 3417 748 3463 σου,
787 3421 806 3451 ι
835 3400 934 3469 οὐχ
984 3373 1259 3469 ἁγιασμοῦ
1287 3373 1891 3469 προσθήκην-αἰτοῦμεν
1922 3373 1965 3433 c

306 3492 464 3563 αὐτῷ
512 3491 789 3561 γενέσθαι,
825 3490 942 3544 ἀλλ’
970 3491 1058 3543 ἵνα
1113 3491 1206 3543 τὸν
1258 3489 1476 3561 ἀληθῶς
1507 3490 1661 3558 ἆγιον
1691 3491 1892 3554 πάντες

306 3584 764 3655 ὁμολογήσαντες,
794 3584 853 3635 ὲν
885 3581 1102 3653 μεθέξει
1129 3583 1227 3651 τῆς
1256 3582 1563 3652 ἁγιωσύνης
1605 3581 1769 3636 αὑτοῦ
1796 3599 1892 3651 γε·

305 3674 629 3745 νησώμεθα.
656 3673 974 3744 Προσέθηκε
999 3673 1056 3726 δὲ
1087 3673 1196 3726 τὸν
1232 3672 1739 3742 βδελυσσόμενον
1773 3673 1893 3728 ὑπὸ

305 3767 430 3821 τῶν
473 3764 684 3830 ἐθνῶν,
716 3764 826 3819 τῶν
878 3764 1121 3817 ἀπίστων
1165 3762 1429 3833 δηλονότι.
1461 3762 1896 3817 Βδελύττονται

306 3859 439 3927 γὰρ,
466 3858 563 3912 καὶ
608 3858 701 3911 τὸν
735 3857 968 3911 θάνατον
1001 3854 1168 3909 αὐτοῦ
1198 3854 1537 3925 διασύρουσι.
1567 3855 1679 3909 Καὶ
1711 3872 1892 3926 παρα-

304 3949 530 4003 δοθέντα
561 3948 618 4002 δὲ
666 3946 745 4018 τῷ
789 3947 1007 4016 Πιλάτῳ
1043 3945 1153 3998 τῶν
1188 3944 1535 4015 στρατιωτῶν
1561 3957 1702 4004 τινες
1732 3945 1893 3999 αὑτὸν

303 4038 735 4093 ἐϐδελύττοντο
787 4034 1192 4097 καταπτύοντές
1242 4050 1306 4086 τε
1357 4020 1456 4087 καί
1504 4033 1778 4096 παίοντες,
1834 4034 1893 4086 ὲν

305 4127 600 4199 διασυρμῷ
630 4143 691 4179 τε
722 4126 981 4196 βοῶντες*
1017 4143 1036 4175 ι
1063 4125 1258 4194 Χαῖρε,
1289 4123 1318 4174 6
1346 4122 1601 4192 βασιλεὺς
1625 4122 1736 4176 τῶν
1767 4124 1894 4177 Ἰου-

304 4218 497 4272 δαίων.
526 4237 547 4270 ι
582 4216 673 4270 Διὸ
702 4216 822 4270 τῶν
849 4215 1088 4269 δούλων
1116 4213 1236 4269 τῶν
1253 4213 1565 4283 ἀρχόντων
1587 4214 1890 4284 ἐπήγαγεν.

312 4308 476 4371 Ἴσως
503 4307 561 4360 δὲ
587 4307 682 4361 καὶ
711 4305 826 4359 τῶν
851 4302 1313 4374 κοσμοκρατόρων
1342 4302 1436 4355 τοῦ
1461 4302 1684 4364 σκότους
1704 4302 1891 4373 φησὶν,

307 4392 391 4460 οἷς
424 4397 829 4465 δουλεύουσιν
880 4395 929 4447 ol
966 4392 1070 4446 -τδν
1122 4390 1358 4461 Χριστὸν
1399 4390 1890 4459 βδελυττόμενοι.

309 4487 457 4557 Πλὴν
491 4485 825 4556 ἀναλάμψει,
849 4482 1005 4553 φησι,
1042 4480 1138 4535 καὶ⁸
1176 4482 1338 4551 μέχρι
1380 4476 1693 4544 ,ϐασιλέων
1735 4477 1894 4544 αὺτῷ

308 4577 873 4647 προσκυνήσουσιν,
905 4574 1102 4635 οἵτινες
1159 4571 1413 4641 ὄψονται
1446 4571 1630 4636 αὑτὸν,
1664 4572 1725 4624 οὐ
1759 4572 1895 4625 πάν-

306 4688 417 4734 τως
444 4670 773 4739 σωματικοῖς
801 4666 1124 4736 ὀφθαλμοῖς,
1151 4664 1288 4718 ἀλλὰ
1318 4663 1393 4734 τῷ
1416 4664 1511 4718 val.
1541 4657 1759 4734 καρδίᾳ.

1999 2134 2121 2205 Ipse
2144 2135 2265 2200 tibi,
2311 2144 2574 2205 tanquam
2608 2134 2703 2204 qui
2729 2143 2777 2188 te
2801 2133 3077 2204 quondam
3134 2135 3385 2199 eruerim,
3418 2151 3486 2191 ne
3519 2137 3578 2191 in

1994 2224 2232 2296 lapidem
2267 2225 2593 2282 offensionis
2647 2225 2942 2296 impingas,
2986 2226 3263 2296 praecipio.
3322 2225 3579 2296 Sanctiﬁ-

1995 2327 2108 2373 cate
2141 2334 2259 2372 eum
2281 2318 2370 2389 qui
2390 2318 2625 2386 despexit
2658 2318 2895 2372 animam
2927 2334 3102 2372 suam.
3145 2318 3365 2384 Quanto
3401 2322 3576 2391 magis

1994 2410 2139 2464 enim
2170 2425 2229 2465 se
2256 2411 2323 2464 ad
2353 2419 2585 2485 mortem
2618 2424 2812 2479 usque,
2839 2424 3069 2479 eamque
3104 2411 3308 2477 crucis,
3347 2411 3575 2482 depres-

1995 2502 2090 2565 sit,
2146 2509 2299 2555 tanto
2350 2515 2449 2555 vos
2488 2516 2612 2555 eum
2678 2500 2849 2571 gloria
2879 2509 2931 2552 et
2979 2501 3186 2557 honore
3241 2504 3497 2573 prosequi
3519 2511 3578 2559 et

1996 2590 2333 2658 sancti/icore
2359 2589 2523 2646 fuerit
2543 2592 2778 2660 mquius.
2813 2589 2966 2656 Quod
2997 2591 3042 2645 si
3075 2590 3143 2646 ad
3169 2601 3363 2662 gentes
3391 2608 3578 2652 sermo

1996 2685 2100 2742 εει,
2159 2691 2269 2730 non
2324 2676 2466 2731 idem
2511 2692 2604 2732 eas
2675 2693 2801 2733 eum
2858 2677 3061 2733 Judaeis
3128 2694 3392 2749 passuras
3454 2697 3579 2739 esse

1995 2768 2319 2823 obtestatur.
2378 2768 2584 2824 Deinde
2640 2769 2785 2839 quod
2842 2771 3178 2839 sanctiﬁcate
3237 2772 3399 2836 dixit,
3428 2773 3573 2830 idem

1999 2859 2179 2925 plane,
2216 2872 2280 2912 ac
2303 2857 2350 2912 si
2376 2857 2631 2912 venerari
2661 2865 2715 2913 et
2739 2866 2991 2913 sanctum
3012 2858 3215 2915 ducere
3250 2861 3572 2931 imperaret,

1998 2950 2288 3004 intellexit.
2324 2951 2458 3006 Cum
2490 2950 2635 3007 enim
2662 2950 2841 3009 adhuc
2865 2950 2917 3005 in
2943 2952 3186 3021 peccatis
3204 2967 3576 3020 versaremur,

1996 3054 2096 3108 pro
2130 3039 2312 3110 impiis
2364 3039 2481 3110 ipse
2514 3055 2712 3110 passus
2770 3049 2878 3103 est,
2910 3041 3004 3110 qui
3041 3040 3243 3094 bonum
3296 3046 3575 3112 pastorem

1998 3145 2096 3200 pro
2129 3131 2243 3184 suis
2275 3130 2467 3185 ovibus
2484 3132 2722 3184 animam
2754 3146 2957 3201 ponere
2986 3132 3286 3190 dixerat".
3323 3132 3580 3188 Sanctum

1997 3237 2128 3291 ergo
2160 3220 2329 3292 (quod
2369 3221 2536 3276 Deum
2574 3238 2741 3276 unum
2781 3224 2961 3293 decet)
2993 3225 3245 3281 eumdem
3276 3242 3399 3282 esse
3450 3244 3581 3283 con-

1998 3309 2276 3364 ﬁteantur.
2307 3310 2403 3365 Est
2444 3311 2590 3365 enim
2622 3311 2675 3365 in
2707 3327 2773 3367 eo
2799 3315 3115 3382 essentiale,
3174 3318 3321 3386 quod
3352 3319 3476 3374 aliis
3509 3335 3578 3376 ex

1998 3401 2118 3470 ejus
2150 3402 2569 3471 participatione
2600 3403 2901 3476 contingit;
2926 3407 3144 3475 quando
3167 3417 3220 3463 et
3255 3409 3436 3464 lumen
3462 3410 3580 3482 ipse

1996 3492 2262 3557 existens,
2296 3512 2313 3544 ι
2339 3492 2451 3549 Vos
2496 3493 2633 3549 estis
2670 3493 2763 3549 lux
2798 3497 3061 3562 mundi”,
3091 3516 3110 3549 ι
3149 3499 3304 3557 dixit.
3353 3500 3495 3566 Quin
3531 3511 3585 3557 et

1998 3583 2337 3638 sanctiﬁcari
2380 3600 2579 3639 nomen
2625 3585 2745 3654 ejus
2796 3595 3067 3657 petentes,
3120 3605 3228 3643 non
3272 3592 3584 3648 sanctitatis

1998 3673 2370 3727 accessionem
2422 3674 2561 3740 ﬁeri,
2619 3675 2714 3730 sed
2748 3684 2807 3729 ut
2852 3690 3104 3733 sanetum
3151 3696 3337 3733 revera
3388 3697 3584 3740 «nnties

1998 3763 2266 3828 confessi,
2298 3764 2553 3833 ejusdem
2621 3766 3001 3821 sanctimoniae
3044 3770 3343 3838 participes
3381 3772 3585 3827 cilicia-

1997 3869 2121 3907 mur
2133 3853 2431 3923 poscimus.
2459 3854 2663 3911 Deinde
2684 3857 2956 3925 sequitur,
2978 3859 3068 3927 qui
3097 3858 3480 3915 abominationi
3505 3874 3583 3918 est

1998 3943 2259 4015 gentibus,
2309 3959 2420 4001 non
2469 3945 2827 4002 credentibus
2858 3937 3119 4003 scilicet.
3180 3952 3573 4006 dbomt'naulttr

1995 4034 2239 4101 enim,et
2257 4036 2415 4089 morti
2444 4036 2565 4105 ejus
2589 4038 2922 4093 obtrectant.
2944 4040 3054 4094 lmo
3077 4055 3198 4094 cum
3232 4055 3377 4096 esset
3407 4042 3583 4099 Pilato

1998 4124 2256 4191 traditus,
2314 4141 2425 4180 non
2473 4124 2767 4183 defuerunt
2826 4146 2857 4185 e
2897 4131 3162 4186 militibus
3216 4133 3457 4202 quidam,
3485 4137 3582 4205 qui

1996 4214 2173 4284 ipsum
2200 4215 2511 4282 abominati,
2537 4220 2822 4289 sputisque
2844 4230 2897 4276 et
2920 4221 3167 4292 colaphis
3192 4225 3455 4294 aggressi,
3486 4241 3584 4279 ore

1995 4304 2303 4361 maledictis
2332 4316 2386 4361 et
2418 4309 2684 4363 conviciis
2709 4312 2871 4380 pleno
2897 4312 2950 4366 in
2984 4313 3257 4378 eumdem,
3293 4334 3310 4366 ι
3333 4314 3465 4382 Ave,
3486 4332 3581 4371 rex

1994 4391 2436 4463 Judaaorum”,t
2485 4401 2864 4457 inclamarent.
2917 4404 3070 4460 Unde
3118 4413 3231 4470 est,
3278 4408 3423 4476 quod
3485 4410 3583 4463 sub

1996 4488 2157 4542 servis
2187 4489 2511 4557 principibus
2539 4492 2764 4563 adjecit,
2793 4493 3045 4565 forthne
3116 4499 3300 4551 mundi
3330 4501 3585 4553 tenebra-

1996 4593 2228 4648 rumque
2254 4590 2575 4651 potestates,
2602 4586 2801 4655 quibus
2829 4588 2864 4641 ii
2888 4589 3143 4655 serviunt,
3177 4592 3267 4659 qui
3300 4589 3584 4646 Christum

1996 4668 2397 4738 abominantur,
2422 4675 2703 4730 indicavit.
2732 4677 2930 4731 Verum
2956 4679 3181 4750 fulgebit
3207 4692 3580 4747 tamen,eum-

309 4777 419 4831 συθ
448 4761 530 4821 vel
564 4778 707 4832 reges
744 4761 845 4828 ipsi
865 4757 1191 4823 adorabunt,
1221 4773 1329 4811 non
1356 4756 1607 4827 corporis
1634 4758 1881 4823 omnino,
1925 4759 2087 4832 557
2118 4763 2212 4818 sed
2246 4766 2444 4821 mentis
2473 4776 2530 4822 et
2561 4768 2747 4822 cordis
2783 4770 2961 4826 oculis
2983 4773 3263 4826 intuentes.

379 4849 894 4919 Προσκυνήσουσι
923 4848 981 4900 δὲ
1029 4847 1263 4915 μάλιστα
1303 4848 1401 4898 καὶ
1444 4847 1667 4910 πάντες,
1725 4847 1803 4900 ὅτ’
1837 4848 1892 4901 ἂι

2080 4852 2397 4908 Adorabunt
2436 4871 2569 4909 vero
2621 4873 2811 4913 omnes
2866 4868 2978 4913 tum
3033 4863 3251 4916 demum
3291 4868 3583 4935 praecipue,

307 4942 441 5013 ελθῃ
474 4943 532 4994 ὲν
560 4942 625 5009 τῇ
653 4940 778 5011 δόξῃ
804 4938 898 4991 τοῦ
932 4938 1175 5008 Πατέρος
1210 4937 1377 4991 αὐτοῦ
1428 4936 1568 5007 μετὰ
1592 4938 1703 4991 τῶν
1727 4938 1899 5006 ἀγγέ-

305 5032 420 5087 λων
444 5032 638 5097 αὐτοῦ,
664 5031 761 5084 καὶ
796 5030 996 5099 καθίσῃ
1023 5029 1120 5082 ἰπὶ
1153 5028 1343 5097 θρόνου
1372 5027 1532 5097 δόξης
1576 5027 1743 5080 αὐτοῦ
1776 5028 1900 5099 κρί-

305 5140 418 5181 νων
442 5122 655 5185 ζῶντας
687 5122 783 5174 καὶ
809 5120 1065 5190 νεκρούς.
1096 5117 1615 5186 Προσκυνήονουσι
1655 5118 1711 5171 δὲ
1750 5118 1901 5189 αὒτῷ

305 5214 498 5268 ἕνεκεν
543 5213 636 5265 τοῦ
687 5212 932 5281 Πατέρος
965 5210 1132 5264 αὐτοῦ
1155 5226 1169 5239 ’
1195 5209 1482 5275 δοξάζεται
1524 5209 1633 5280 γὰρ
1664 5210 1737 5273 ὼς
1771 5210 1901 5272 Υἱὸς

305 5302 407 5357 τοῦ
455 5301 628 5367 Θεοῦ,
663 5301 754 5355 ὅτι
803 5303 1020 5366 πιστός
1067 5301 1237 5353 ἐστιν
1288 5303 1320 5353 ό
1376 5299 1543 5367 ἅγιος
1580 5300 1818 5368 Ἰσραὴλ
1866 5304 1900 5354 ό

302 5391 714 5463 ἐκλεξάμενος
747 5392 956 5455 αὑτὸν,
987 5391 1133 5445 τοῦτ’
1155 5391 1303 5445 ἐστιν
1350 5391 1437 5443 ἀεὶ
1488 5390 1581 5444 καὶ
1632 5390 1896 5454 ὡσαύτως

300 5487 467 5559 ἔχων.
495 5486 723 5541 Πιστὸν
750 5485 860 5555 γὰρ
884 5484 1037 5541 οὐδὲν
1070 5484 1126 5536 ὲν
1157 5483 1423 5551 κτίσμασι
1447 5484 1558 5545 τοῖς
1598 5483 1897 5551 ὑποκειμέ·

301 5594 417 5641 νοις
448 5576 743 5647 μεταϐολῇ.
763 5577 822 5630 '0
851 5576 907 5628 δὲ
941 5575 1137 5646 Πατὴρ
1163 5572 1483 5637 ἐξελέξατο
1510 5573 1634 5635 τοὺς
1664 5574 1731 5626 δι’
1757 5574 1885 5627 Υἱοῦ

2004 4955 2129 4996 eum
2158 4946 2373 5015 venerit
2406 4944 2459 4997 in
2493 4944 2671 5000 Patris
2706 4947 2930 5003 dextera
2964 4966 3088 5004 cum
3128 4953 3337 5021 angelis
3360 4957 3498 5017 suis,
3531 4969 3581 5009 et

2003 5032 2208 5086 sederit
2235 5033 2289 5087 in
2317 5034 2515 5087 throno
2541 5035 2731 5105 gloria:
2756 5038 3142 5108 sumjudicans
3172 5042 3320 5092 vivas
3350 5051 3404 5095 et
3432 5059 3581 5094 mor-

2003 5129 2129 5177 tuos
2186 5124 2253 5177 ⁸⁸.
2311 5124 2626 5180 Adorabunt
2680 5127 2830 5192 item,
2893 5141 3112 5199 propter
3174 5130 3390 5185 Patrem
3438 5135 3578 5200 ejus.

2004 5212 2355 5269 Gloriﬁcatnr
2381 5216 2549 5283 enim,
2585 5226 2844 5287 tanquam
2884 5219 2973 5275 Dei
3010 5220 3218 5285 Filius;
3252 5221 3376 5289 quia
3408 5222 3583 5288 ﬁdelis

2004 5313 2083 5358 est
2134 5314 2350 5359 sanctus
2408 5308 2602 5372 Israel,
2662 5309 2754 5377 qui
2810 5310 2963 5380 elegit
3016 5326 3169 5371 eum;
3230 5311 3283 5364 id
3326 5318 3433 5375 est,
3486 5315 3580 5380 qui

2004 5409 2219 5463 semper
2252 5395 2443 5449 eodem
2488 5398 2652 5451 modo
2684 5412 2746 5451 se
2782 5397 2968 5454 habet.
3016 5398 3162 5451 Nihil
3193 5415 3383 5455 eorum
3415 5402 3585 5469 siqui-

2005 5484 2152 5549 dem,
2186 5503 2308 5557 qme
2346 5489 2570 5544 condita
2619 5501 2766 5552 sunt,
2803 5491 2935 5561 quia
2986 5493 3281 5546 mutationi
3324 5491 3581 5554 obnoxia,

1997 5575 2163 5643 ﬁdum
2210 5595 2272 5634 ac
2303 5588 2514 5635 certum
2572 5582 2838 5651 reperias.
2882 5584 3056 5656 Elegit
3116 5599 3245 5638 vero
3271 5588 3367 5640 e’os
3402 5583 3583 5646 Pater.

372 5693 547 5749 πιθα.
574 5710 661 5760 ιτ,
688 5695 736 5747 i.
816 5694 855 5727 “
884 5694 1204 5759 )lalacli.xv,
1233 5694 1284 5745 2.
1363 5691 1585 5748 "loeti.
1629 5714 1679 5762 κ,
1714 5693 1796 5748 ll.
1876 5695 1892 5725 ³

2002 5698 2137 5751 atth.
2158 5716 2210 5766 v,
2244 5702 2329 5757 Η.
2409 5702 2658 5759 “Matth.
2683 5706 2967 5775 xxv:u,29.
3046 5708 3088 5744 ³⁸
3118 5704 3312 5764 Matth.
3345 5720 3470 5766 τιν,
3494 5701 3582 5757 3|.
