3980 6306
445 295 584 362 2471

1754 295 2104 359 PROCOPII
2143 293 2387 356 GAZzEl

3583 285 3728 348 2i?!

440 412 535 482 qui
570 424 665 479 per
701 405 902 462 Filium
927 406 1105 464 vocati
1126 415 1280 464 sunt.
1326 423 1345 460 t
1381 407 1534 476 Quos
1555 407 1704 465 enim
1731 406 2020 480 praescivit,

2138 402 2533 472 κεκλημένους.
2569 416 2586 451 ι
2616 397 2725 462 Οὓς
2753 395 2862 466 γὰρ
2893 395 3056 465 ἔγνω,
3090 392 3248 467 φησὶ,
3291 394 3389 450 καὶ
3421 393 3730 470 προώρισεν

438 501 840 572 ἱηίμιίι.οιίειιιι
888 502 1307 572 praedestinavit
1360 503 1679 558 conformes
1742 501 1860 557 ﬂeri
1895 499 2034 554 ima-

439 594 584 666 ginis
617 592 742 648 Filii
770 592 858 650 sui
885 593 953 660 ⁸⁸,
988 611 1006 645 ι
1051 593 1146 664 qui
1179 609 1306 648 eum
1333 594 1768 663 sanetificarunt,
1794 592 1884 656 qui
1912 590 2034 644 ani—

349 720 358 730 ι
439 701 583 739 mam
618 700 773 738 suam
802 683 1062 754 despexit,
1103 699 1282 755 neque
1326 685 1383 738 in
1439 683 1802 738 humanitatis
1835 681 2032 738 modos

439 779 806 846 impegerunt.
832 777 941 832 Sed
967 791 1066 848 pro
1094 775 1249 847 Elegi
1281 786 1351 842 te,
1382 775 1485 842 Qui
1506 776 1662 846 elegit
1683 785 1732 830 te
1757 776 2032 845 interpre-

338 868 345 874 ’
438 878 593 924 tatur
619 869 1014 942 Symmachus.
1053 869 1282 940 Proprie
1319 871 1512 942 igitur,
1559 871 1718 926 aiunt
1752 869 2046 936 nonnulli“

441 963 549 1019 ista
578 963 644 1016 ad
689 963 976 1018 Christum
1029 961 1381 1018 referuntur:
1424 977 1744 1033 quanquam
1797 969 1852 1018 et
1898 976 2030 1032 pro-

437 1055 615 1123 pbetaa
644 1052 806 1107 etiam
853 1053 1072 1106 valeant
1111 1053 1430 1107 convenire.
1467 1052 1723 1121 Seipsum
1755 1051 1900 1106 enim
1931 1050 2031 1105 de-

441 1143 660 1214 pressit,
693 1143 820 1196 dnm
849 1143 1039 1212 populi
1073 1143 1419 1197 calamitates
1456 1142 1618 1208 luxit,
1657 1142 1710 1196 in
1743 1155 1884 1211 quas
1937 1141 2030 1194 ille

436 1245 664 1305 propter
737 1234 950 1288 scelera
1006 1233 1296 1288 inciderat.
1362 1230 1562 1288 Iussus
1629 1233 1848 1296 deinde,
1901 1247 2024 1286 cum

436 1339 623 1387 sacco,
654 1334 706 1378 et
763 1323 948 1378 nudus
1007 1323 1324 1390 incedebat,
1360 1324 1674 1378 videntibus
1725 1321 2022 1391 despectus,

434 1414 728 1482 animoque
778 1413 943 1466 simul
1001 1413 1308 1475 demissus,
1371 1421 1426 1467 et
1479 1427 1692 1479 earum,
1731 1428 1854 1482 quae
1913 1412 2024 1466 illis

433 1513 622 1560 essent
672 1513 972 1570 eventura),
1007 1504 1366 1558 alllictionum
1400 1505 1734 1574 exemplum.
1767 1505 1904 1556 Eum
1937 1512 2023 1557 ta-

435 1611 558 1650 men
588 1603 642 1650 et
665 1596 760 1664 qui
792 1594 1122 1664 principibus
1174 1595 1490 1660 inserviunt,
1539 1595 1782 1650 ludibrio
1813 1594 2022 1649 habue-

432 1699 596 1751 runt;
659 1701 823 1756 quem
878 1695 1134 1740 sanctum
1190 1687 1551 1741 exsistentem
1612 1686 1823 1741 honore
1866 1685 2020 1755 jubet

2135 495 2499 565 συμμόρφους
2525 491 2623 562 τῆς
2651 489 2860 552 εἰκόνος
2889 487 2984 542 τοῦ
3009 486 3144 541 Υίοῦ
3179 483 3370 554 αὑτοῦ,
3405 505 3424 540 ι
3463 487 3523 542 οι
3553 489 3731 559 ἡγία-

2132 601 2255 640 σαν
2293 586 2402 640 τὸν
2449 582 2820 654 φαυλίζοντα
2846 581 2964 648 τὴν
2983 578 3200 649 ψυχὴν
3236 577 3423 634 αὐτοῦ
3473 583 3588 645 τοῖς
3627 582 3729 652 τῆς

2129 677 2554 749 ἀνθρωπότητος
2606 674 2684 746 μὴ
2733 671 3148 746 προσκύψαντες
3197 671 3444 743 μέτροις,
3479 672 3628 728 ’Δντὶ
3667 673 3728 728 δὲ

2129 769 2226 824 τοῦ
2251 809 2266 836 ,
2295 768 2672 838 ἐξελεξάμην
2720 780 2796 820 σε
2824 805 2840 831 ,
2871 764 2940 832 ὃς
2972 761 3296 830 ἐξελέξατό
3324 778 3401 818 σε
3429 763 3727 836 Σύμμαχος

2129 861 2416 929 ἐξέδωκεν.
2445 859 2667 930 κυρίως
2686 861 2786 930 μὲν
2815 851 2932 922 οὖν,
2959 855 3094 926 φασί
3121 873 3288 920 τινες,
3318 855 3496 910 ταῦτα
3528 857 3609 920 είς
3635 857 3729 911 τὸν

2129 955 2369 1026 Χριστὸν
2399 949 2758 1022 ἀναφέρεται.
2790 948 2986 1002 Νοοῖτο
3021 947 3068 1002 δ’
3099 947 3168 1002 ἂν
3196 948 3291 1000 καὶ
3323 947 3417 1000 ἐπὶ
3445 946 3545 1001 τοῦ
3587 965 3726 1019 προ-

2130 1047 2326 1115 φήτου.
2369 1041 2758 1110 Ἑξουδένωσεν
2783 1041 2894 1112 γὰρ
2921 1039 3136 1108 ἑαυτὸν,
3161 1040 3491 1110 ὀδυρόμενος
3508 1039 3606 1104 τὰς
3631 1040 3727 1093 τοῦ

2127 1135 2260 1190 λαοῦ
2303 1135 2395 1190 διὰ
2442 1133 2510 1188 τά
2543 1131 2999 1205 πλημμελήματα
3051 1132 3364 1202 συμφοράς.
3397 1132 3510 1184 Καὶ
3556 1147 3728 1202 προσ-

2125 1228 2314 1301 αχθεὶς
2361 1230 2419 1281 ὲν
2467 1227 2658 1295 σάκκῳ
2705 1242 2766 1278 τε
2817 1226 2910 1278 καὶ
2944 1224 3154 1292 γυμνὸς
3186 1225 3542 1294 περιήρχετο,
3575 1223 3730 1290 παρά

2124 1321 2236 1374 τῶν
2277 1317 2530 1391 ὁρώντων
2573 1315 3102 1385 ἐξουδενούμενος,
3139 1316 3373 1369 ταπεινά
3421 1316 3639 1386 φρονῶν
3663 1333 3726 1369 τε

2126 1411 2264 1482 ἅμα,
2295 1411 2390 1464 καὶ
2440 1410 2550 1463 τῶν
2603 1408 2910 1479 μελλόντων
2941 1405 3109 1460 είκὼν
3147 1409 3332 1470 αὐτοῖς
3380 1407 3725 1478 παθημάτων

2122 1502 2429 1573 γινόμενος.
2449 1499 2590 1554 Ἀλλ’
2611 1501 2762 1571 ὅμως
2811 1499 2906 1553 καὶ
2943 1501 2994 1552 οἱ
3041 1501 3158 1562 τοῖς
3201 1499 3504 1568 ἄρχουσιν
3535 1500 3727 1564 ἐξυπ-

2121 1595 2526 1663 ηρετούμενοι,
2551 1591 2742 1646 τοῦτον
2773 1589 3197 1662 ἐχλεύαζον,“ον
3214 1589 3370 1658 ἅγιον
3388 1590 3519 1644 ὄντα
3533 1591 3723 1662 τιμῆς,

2123 1687 2314 1756 φησὶν,
2342 1685 2636 1752 ἀξιώσατε.
2665 1684 2826 1755 Παρά
2871 1700 2983 1737 τισι
3028 1682 3086 1736 δὲ
3132 1681 3195 1736 τδ
3242 1682 3410 1754 ῥητὸν
3437 1685 3618 1736 κεῖται
3644 1681 3726 1752 τῷ

433 1776 665 1832 allicere.
701 1776 959 1830 Nonnulli
999 1775 1054 1830 in
1079 1791 1196 1840 eos,
1233 1776 1328 1846 qui
1367 1776 1512 1830 inter
1548 1786 1740 1847 gentes
1761 1784 1817 1832 et
1844 1774 2018 1831 Israe-

2125 1779 2402 1850 βδελυκτῷ
2453 1777 2664 1844 ἔθνους,
2705 1777 2822 1842 καὶ,
2860 1775 3030 1846 φασὶ,
3065 1774 3160 1829 τοῦ
3197 1775 3451 1848 Ἰσραήλ⁸
3501 1775 3582 1830 διδ
3628 1775 3724 1829 καὶ

427 1867 538 1922 lem
580 1865 936 1921 abominandi
987 1875 1141 1931 sunt,
1207 1881 1520 1922 sermonem
1574 1867 1763 1922 haberi
1829 1866 2020 1922 existi-

430 1966 617 2022 mant;
649 1972 824 2028 eaque
843 1957 1058 2013 ratione
1077 1957 1142 2011 ad
1163 1967 1356 2028 gentes
1387 1959 1775 2014 transitionem
1795 1957 2015 2016 fecisse.

429 2049 639 2105 Volunt
674 2065 896 2104 rursum
932 2057 985 2104 et
1015 2064 1210 2104 eorum
1240 2048 1407 2103 verba
1429 2064 1572 2114 esse,
1599 2051 1691 2119 qui
1723 2051 1777 2103 in
1805 2066 2018 2106 servum

428 2149 762 2214 potestatem
795 2141 1056 2196 habeant.
1086 2140 1358 2196 Subditus
1375 2140 1521 2196 enim
1546 2140 1673 2194 fuit.
1705 2141 1777 2196 Te
1797 2142 2014 2210 deinde,

429 2231 710 2303 inquiunt,
740 2229 892 2300 elegi,
921 2231 1012 2300 qui
1037 2229 1368 2284 invisibilem
1401 2229 1783 2286 excellentiam
1821 2245 2021 2286 secun-

429 2325 560 2380 dum
593 2330 849 2377 naturam
892 2335 956 2376 ex
1008 2320 1328 2376 visibilibus
1375 2320 1575 2376 habeo.
1615 2321 1712 2378 Est
1754 2330 2024 2392 praeterea

429 2434 500 2474 ex
527 2414 849 2472 hominibus
881 2413 1124 2478 elect-us;
1166 2421 1396 2483 propter
1448 2427 1592 2478 eam,
1621 2428 1788 2484 quam
1835 2412 2024 2468 nobis-

427 2523 555 2563 cum
585 2504 1003 2562 similitudinem
1039 2503 1255 2559 habuit.
1291 2503 1372 2558 Ad
1407 2493 1749 2558 Salvatorem
1779 2517 2026 2569 rursum,

430 2600 686 2671 Tempore
731 2607 1026 2670 opportuno
1051 2597 1234 2652 audivi
1266 2607 1334 2662 te,
1362 2595 1577 2653 Patrem
1632 2597 1839 2654 dixisse
1894 2596 2031 2668 legi-

428 2709 572 2749 mus.
615 2691 753 2747 Cum
789 2690 938 2744 enim
972 2697 1203 2744 mortem
1269 2688 1470 2753 obiret,
1505 2705 1524 2739 ι
1559 2685 1790 2754 Eli,Eli,
1822 2688 2026 2744 lamma

428 2783 752 2841 sabacthani
787 2781 855 2844 ³⁷,
889 2800 911 2851 ι¹
983 2779 1338 2835 inclamabat.
1370 2777 1665 2840 Praeterea,
1708 2785 1770 2830 n'.
1803 2775 2022 2833 Patrem

430 2891 662 2933 renuere
694 2873 1118 2930 animadvertit:
1155 2890 1173 2924 ι
1195 2869 1380 2935 Pater,
1401 2870 1448 2925 si
1480 2884 1590 2924 non
1621 2876 1804 2940 potest
1831 2878 2017 2927 trans-

425 2972 508 3026 ire
535 2970 666 3036 hoc,
693 2968 785 3022 liat
812 2967 1066 3022 voluntas
1107 2973 1204 3020 tua
1226 2963 1292 3030 ⁸⁸,
1324 2981 1344 3014 ι
1385 2962 1594 3018 intulit.
1626 2961 1776 3028 Quas
1829 2979 2019 3033 preces

2119 1871 2258 1942 πρὸς
2285 1871 2356 1923 τὰ
2381 1869 2509 1940 ἔθνη
2543 1869 2770 1940 μετέϐη.
2796 1868 2907 1922 Καὶ
2939 1865 3102 1922 πάλιν
3126 1867 3188 1920 τὸ
3217 1866 3384 1938 ῥητὸν
3413 1864 3496 1932 τῷ
3525 1866 3724 1934 δούλῳ

2119 1961 2538 2027 ἐξουσιαζόντων
2595 1962 2689 2016 καί
2723 1961 2752 2002 δ
2776 1977 2939 2031 φασιν
2969 1976 2984 1989 ο
3019 1959 3270 2028 ὑπετάγη
3315 1959 3459 2030 γάρ’
3509 1962 3607 2014 καὶ
3633 1961 3723 2026 ἐξ·

2115 2050 2422 2120 ελεξάμην
2457 2065 2553 2114 σε,
2603 2048 2768 2121 ἒχων,
2803 2051 2959 2117 φασὶ,
3008 2045 3108 2118 τὴν
3157 2045 3395 2116 ἀόρατον
3442 2045 3723 2117 ὑπεροχὴν

2117 2143 2256 2198 κατά
2293 2142 2457 2213 φύσιν
2492 2144 2558 2196 ὲκ
2585 2141 2693 2196 τῶν
2722 2141 2958 2212 ὁρατῶν.
2992 2139 3103 2194 Καὶ
3132 2138 3192 2206 ἐξ
3221 2137 3530 2210 ἀνθρώπων
3551 2137 3726 2192 ἐκλε-

2127 2235 2272 2302 κτὸς
2299 2235 2531 2304 γίνεται,
2553 2233 2622 2288 δι’
2643 2234 2710 2306 ἢν
2740 2229 2888 2303 εἶχεν
2910 2231 3203 2302 ὁμοιότητα
3233 2229 3373 2302 πρὸς
3397 2230 3572 2301 ἡμᾶς.
3588 2224 3723 2284 Εἶτα

2129 2327 2268 2399 πρὸς
2294 2327 2387 2382 τὸν
2419 2326 2652 2397 Σωτῆρά
2697 2342 2864 2396 φησιν
2891 2325 2920 2378 ὁ
2952 2323 3162 2394 Πατὴρ,
3192 2321 3388 2392 Καιρῷ
3408 2320 3600 2388 δεκτῷ
3619 2321 3725 2374 ἐπ-

2129 2418 2371 2487 ήκουσὰ
2399 2433 2538 2476 σου.
2570 2417 2808 2490 Πάσχων
2839 2417 2940 2488 μὲν
2973 2416 3083 2487 γὰρ
3112 2414 3242 2469 ἐϐόα
3263 2431 3276 2444 ·
3315 2432 3335 2466 ι
3359 2413 3722 2479 Ἦλεὶ,Ἦλεὶ,

2131 2507 2612 2581 λαμασαϐαχθανί.
2667 2527 2686 2561 ι
2745 2501 2960 2572 Εἶθ’ὡς
3007 2505 3340 2562 ἀνανεύοντα
3363 2505 3457 2559 τὸν
3503 2505 3724 2577 Πατέρα

2135 2601 2303 2670 έώρα,
2357 2601 2563 2671 ὲπῆγεν
2587 2617 2602 2631 ο
2658 2618 2678 2652 ι
2708 2599 2918 2670 Πάτερ,
2948 2600 2998 2652 εἰ
3052 2599 3128 2670 μὴ
3153 2597 3382 2653 δυνατὸν
3429 2596 3723 2668 παρελθεῖν

2132 2691 2288 2760 αὐτὸ,
2315 2691 2605 2763 γενηθήτω
2632 2689 2694 2744 τὸ
2728 2689 2945 2760 θέλημά
2974 2706 3095 2744 σου.
3123 2687 3342 2760 Ταύτην
3372 2683 3468 2742 οῦν
3493 2687 3596 2760 τὴν
3631 2686 3725 2740 εὑ-

2129 2786 2232 2859 χὴν
2263 2787 2403 2859 μετὰ
2430 2787 2522 2841 τὸν
2551 2785 2782 2841 θάνατον
2809 2785 3100 2856 δεχόμενος
3128 2785 3156 2838 ό
3179 2783 3390 2856 Πατὴρ,
3417 2783 3510 2838 τὺν
3533 2782 3724 2854 καιρὸν

2122 2878 2338 2943 δεικνὺς
2383 2879 2484 2949 τῆς
2532 2877 2890 2941 ἀναστάσεως
2934 2877 3136 2948 φησιν·
3181 2875 3286 2932 Ἐν
3317 2875 3504 2946 καιρῷ
3534 2873 3724 2942 δεκτῷ

2125 2969 2446 3038 ἐπήκουσά
2469 2984 2610 3025 σου.

427 3078 552 3119 cum
590 3069 716 3134 post
773 3068 1007 3115 mortem
1035 3057 1348 3112 admisisset
1376 3052 1570 3122 Pater,
1611 3066 1672 3110 ut
1719 3058 2148 3117 resurrectionis
2173 3069 2392 3133 tempus
2425 3062 2722 3128 indicaret,
2774 3077 2890 3116 eum
2918 3059 3083 3132 558
3117 3076 3172 3116 re
3243 3070 3538 3131 opportuno
3589 3072 3726 3118 tent-

421 3175 549 3228 νοτε
581 3157 914 3214 exaudiviste
969 3154 1326 3226 signiﬁcavit.

495 3254 755 3311 Nonnulli
782 3251 1186 3322 expositionem
1221 3250 1408 3316 istam,
1441 3257 1499 3304 ut
1551 3251 1777 3307 minime
1808 3226 2015 3322 proba-

2189 3251 2347 3315 Τινὲς
2385 3250 2442 3304 δὲ
2481 3247 2834 3321 μεμψάμενοι
2863 3247 2963 3320 τὴν
2997 3249 3282 3320 παροῦσαν
3315 3249 3616 3325 ἐξήγησιν,
3644 3253 3723 3320 ὥς

426 3347 593 3406 bilem
649 3340 1139 3412 reprehendentes,
1171 3338 1372 3394 Filium
1427 3342 1693 3411 precibus
1742 3341 2019 3398 excidisse

425 3455 525 3512 per
555 3435 922 3493 oeconomiam
952 3433 1081 3503 lingu
1107 3433 1290 3488 dicere
1315 3433 1670 3506 maluerunt;
1709 3417 1827 3502 q'ui,
1857 3442 2018 3489 ante-

427 3543 592 3600 quam
634 3527 786 3597 ipsas
840 3523 1120 3590 funderet,
1172 3537 1284 3577 non
1332 3523 1470 3578 alias
1509 3537 1567 3577 se
1614 3533 1876 3589 mortem,
1909 3524 2019 3580 nisi

425 3633 663 3682 crucem,
699 3624 754 3672 et
810 3626 1041 3671 mortem
1091 3614 1438 3679 subivisset,
1499 3613 1846 3669 sublaturum
1894 3629 2020 3670 esse

426 3711 658 3766 sciebat.
688 3706 884 3778 Arguit
937 3721 1070 3779 ergo
1120 3705 1435 3762 Iudaeorum
1511 3704 1893 3760 crudelitatem
1964 3713 2021 3760 et

423 3803 626 3860 caedem
678 3802 1033 3873 deprecatio;
1084 3816 1208 3871 quae
1237 3799 1575 3870 passionem,
1611 3807 1837 3870 propter
1895 3799 2019 3868 ejus

427 3893 810 3967 ignominiam,
831 3907 941 3947 non
975 3891 1242 3946 ultionem
1301 3889 1477 3945 fuisse
1522 3890 1786 3946 ostendit.
1830 3891 2020 3956 Quan-

423 4001 591 4059 quam
626 4001 728 4042 nee
759 3993 1064 4056 spontanea
1096 3983 1218 4038 ideo
1251 3997 1376 4038 esse
1399 3981 1628 4048 desinit,
1661 3985 1863 4054 quippe
1895 3999 2019 4056 quae

425 4077 594 4134 morti
618 4077 763 4132 vires
790 4075 1078 4140 ademerit,
1103 4081 1162 4128 ut
1185 4089 1250 4130 eo
1279 4074 1556 4145 probavit,
1587 4075 1680 4146 qui
1708 4090 1767 4132 se
1786 4075 1854 4131 de
1875 4075 2019 4132 coelo

425 4171 805 4234 descendisse,
834 4184 942 4223 non
969 4176 1030 4222 ut
1075 4183 1232 4224 suam
1263 4168 1380 4238 ipse
1411 4169 1748 4224 voluntatem
1791 4167 2018 4236 faceret,

424 4264 520 4321 sed
546 4266 664 4332 ejus
685 4303 699 4329 ,
723 4277 752 4316 a
797 4277 907 4332 quo
939 4261 1144 4316 missus
1196 4269 1362 4326 esset,
1387 4267 1697 4331 ea'teraque
1755 4276 1877 4330 qua:
1927 4275 2020 4316 se-

423 4363 692 4426 quuntur,
711 4350 1002 4406 allirmavit
1021 4349 1507 4406 ”..Percommode
1521 4351 1708 4422 igitur,
1728 4360 1790 4406 ut
1811 4351 2016 4418 decuit,

423 4458 616 4500 eorum
636 4441 844 4496 saevitia
879 4448 934 4493 ct
955 4438 1285 4495 crudelitate
1309 4439 1374 4495 ad
1403 4441 1850 4496 mundisalutem
1883 4457 2019 4498 usus

422 4541 550 4599 est;
594 4547 806 4601 suoque
858 4530 1018 4585 nobis
1065 4531 1317 4602 exemplo
1350 4531 1404 4585 in
1451 4532 1854 4588 tentationibus
1906 4549 2018 4589 non

2132 3342 2420 3407 ἀπίθανον,
2443 3341 2537 3396 τὸν
2568 3341 2696 3395 Υἱὸν
2744 3342 3040 3412 ἀποτυχεῖν
3073 3343 3172 3412 τῆς
3200 3343 3370 3414 εὐχῆς
3403 3345 3728 3400 πεπλᾶσθαι

2125 3434 2228 3504 τὴν
2259 3432 2426 3503 εὐχὴν
2449 3442 2471 3472 ε
2499 3433 2620 3486 κατ’
2641 3431 2955 3501 οἰκονομίαν
2982 3432 3170 3500 φασὶν,
3193 3433 3318 3486 ἐπεὶ
3337 3435 3436 3488 καὶ
3459 3435 3567 3505 πρὸ
3591 3436 3728 3491 ταύ-

2125 3541 2227 3594 της
2257 3523 2374 3595 ᾗδει
2410 3523 2487 3600 μὴ
2528 3523 2706 3587 ἄλλως
2734 3523 2826 3576 τὸν
2874 3524 3106 3578 θάνατον
3135 3525 3723 3598 καταργηθησόμενον,

2128 3619 2180 3670 ει
2212 3616 2290 3688 μὴ
2317 3616 2383 3670 δι’
2413 3616 2472 3670 ὃν
2501 3615 2715 3687 ὑπέστη
2747 3615 2982 3688 σταυρόν
3023 3632 3083 3669 τε
3119 3617 3214 3670 καὶ
3260 3616 3593 3673 θάνατον.Ἦ
3625 3614 3726 3672 οὖν

2127 3709 2463 3782 παραίτησις
2489 3747 2505 3773 ,
2558 3707 2664 3776 τῆς
2719 3707 2989 3762 Ἰουδαίων
3049 3708 3367 3778 μιαιφονίας
3395 3712 3720 3782 κατηγορεῖ,

2125 3800 2426 3872 ἀϐούλητον
2474 3797 2626 3868 αὐτῷ
2669 3797 2928 3851 δεικνῦσα
2957 3797 3017 3852 τὸ
3064 3797 3236 3863 πάθος
3267 3799 3480 3854 διάτοιᾶ
3507 3799 3570 3854 τὺ
3595 3801 3724 3857 δυσ-

2126 3890 2304 3956 κλεές.
2356 3889 2520 3946 Ἀλλά
2553 3889 2650 3942 καὶ
2670 3887 2814 3942 οὕτω
2839 3889 3031 3958 γέγονε
3054 3889 3280 3962 θελητὺν
3306 3891 3402 3943 έπὶ
3422 3891 3503 3964 τῷ
3525 3909 3725 3964 καταρ-

2125 3985 2295 4054 γῆσαι
2323 3982 2414 4036 τὸν
2441 3982 2692 4040 θάνατον.
2721 4003 2740 4036 ι
2765 3983 2876 4038 Kal.
2895 3983 3056 4038 τοῦτο
3071 3984 3224 4055 δηλοί
3247 3982 3327 4049 τὸ,
3347 3984 3726 4055 Καταϐέϐηκα

2126 4076 2190 4128 ὲκ
2238 4072 2334 4128 τοῦ
2377 4073 2644 4146 οὐρανοῦ,
2680 4075 2778 4146 οὐχ
2814 4075 2902 4130 ἴνα
2935 4073 3078 4128 ποιῶ
3117 4075 3182 4128 τὺ
3226 4073 3442 4145 θέλημα
3471 4075 3536 4128 τὸ
3563 4076 3720 4144 ἐμὸν,

2125 4165 2263 4220 ἀλλά
2289 4165 2352 4219 τδ
2378 4165 2594 4236 θέλημα
2609 4165 2705 4220 τοῦ
2732 4166 3053 4236 πέμψαντός
3076 4183 3167 4236 με,
3190 4182 3210 4216 ι
3238 4165 3332 4218 καὶ
3359 4163 3430 4219 τά
3447 4165 3595 4235 ἑξῆς.
3623 4164 3724 4230 Εἰς

2123 4258 2245 4312 δέον
2292 4253 2388 4312 οὖν
2433 4261 2500 4328 τῇ
2555 4259 2840 4330 μιαιφονίᾳ
2883 4261 2952 4331 τῇ
3001 4257 3226 4312 ἐκείνων
3271 4257 3548 4328 ἐχρήσατο
3582 4259 3722 4328 πρὸς

2126 4349 2402 4420 σωτηρίαν
2431 4349 2525 4404 τοῦ
2553 4351 2782 4421 κόσμου.
2812 4349 2920 4404 Καὶ
2943 4349 3116 4414 τύπος
3143 4349 3221 4414 δὲ,
3251 4349 3440 4420 φασὶν,
3468 4351 3601 4421 ἡμῖν
3625 4349 3720 4418 γέ-

2124 4457 2282 4510 γονεν
2331 4441 2408 4512 μὴ
2458 4440 2786 4494 ἀναπίπτειν
2829 4440 2890 4494 έν
2937 4441 3298 4512 πειρασμοῖς,
3325 4438 3464 4492 ἀλλά
3508 4440 3716 4493 δεῖσθαι

2125 4533 2285 4588 Θεοῦ.
2316 4535 2440 4598 Τοῖς
2489 4532 2582 4587 οῦν
2628 4530 2960 4602 προλαϐοῦσι
2994 4531 3364 4595 συνάπτοντες
3409 4531 3474 4585 τὺ
3529 4531 3715 4603 ῥητὸν,

405 4623 670 4678 animum
711 4621 1109 4690 abjiciendum,
1145 4621 1241 4678 sed
1276 4621 1538 4692 precibus
1568 4620 1737 4675 Deum
1771 4620 2011 4694 fatigan-

2123 4625 2260 4698 πρὸς
2301 4626 2432 4689 τοὺς
2475 4623 2890 4694 ἐξειλεγμένους
2923 4623 3177 4695 εἰρῆσθαί
3206 4640 3341 4693 φασι
3387 4623 3449 4676 τό
3475 4638 3493 4655 θ
3519 4621 3716 4692 Καιρῷ

409 4717 552 4772 .dum
588 4729 711 4768 esse
758 4714 970 4768 docuit.
1029 4714 1426 4784 Superioribus
1481 4714 1664 4783 itaque
1698 4713 1878 4767 locum
1917 4714 2019 4770 ad-

411 4813 732 4869 ercctcntes,
771 4805 836 4858 ad
871 4820 987 4870 eos,
1015 4805 1109 4875 qui
1160 4805 1352 4861 selecti
1397 4815 1550 4867 sunt,
1603 4805 1731 4868 ista,
1761 4820 1884 4875 qua:
1927 4821 2016 4862 se-

419 4907 688 4968 quuntur,
729 4895 797 4952 In
824 4891 1054 4966 tempore
1083 4910 1295 4967 accepto
1321 4895 1572 4950 exaudiui
1599 4905 1664 4965 te,
1681 4898 2012 4954 retulerunt.

409 4989 623 5047 Fuerat
654 4990 798 5044 enim
833 4999 962 5044 ante
998 4989 1189 5044 mundi
1221 4987 1692 5042 constructionem
1718 4989 2016 5060 praecogni-

409 5095 533 5142 tum
561 5081 766 5139 Christi
800 5083 1147 5153 mysterium,
1177 5079 1276 5135 sed
1306 5079 1375 5135 iis
1391 5081 1620 5134 emicuit
1642 5081 2008 5152 temporibus,

405 5174 622 5247 quibus
678 5172 1002 5244 praepetenti
1077 5169 1305 5240 placuit.
1355 5167 1545 5239 Itaque
1611 5169 2010 5227 incarnationis

405 5276 635 5339 tempus
675 5265 782 5320 diei
822 5264 1046 5320 nomine
1079 5261 1387 5334 signiﬁcat;
1427 5271 1490 5316 ut
1543 5263 1706 5320 divus
1751 5261 2005 5319 Paulus;

410 5377 444 5412 ιι
489 5359 802 5416 Ecccnune
860 5365 1078 5430 tempus
1129 5356 1511 5427 acceptabile:
1568 5372 1696 5412 ecce
1751 5356 1870 5412 dies
1915 5372 2010 5412 sa-

405 5447 546 5506 lutis
581 5452 649 5504 ".
692 5469 712 5503 ι
758 5451 824 5506 Et
857 5447 1066 5505 David:
1123 5466 1143 5502 ι
1179 5449 1308 5503 Ilaec
1358 5448 1478 5520 ipsa
1510 5457 1594 5504 est
1645 5449 1783 5512 dies,
1839 5465 2008 5520 quam

485 5562 535 5594 ³⁸
561 5560 724 5616 Rom.
760 5577 884 5626 van,
936 5560 1029 5619 29.
1105 5561 1149 5594 ³⁷
1178 5559 1372 5616 Matth.
1416 5578 1591 5628 xxvn,
1615 5561 1708 5618 46.
1784 5561 1829 5594 ³⁸
1858 5561 2054 5619 Matth.
2093 5582 2244 5633 τινι,
2275 5567 2366 5624 59.

2117 4717 2308 4783 δεκτῷ
2352 4715 2671 4785 ἐπήκουσὰ
2710 4730 2852 4772 σου.
2884 4717 3244 4788 Προέγνωστο
3295 4715 3396 4787 μὲν
3447 4715 3556 4786 γὰρ
3606 4715 3715 4785 πρὸ

2116 4810 2425 4882 καταϐολῆς
2457 4811 2664 4880 κόσμου
2693 4809 2756 4863 τὸ
2788 4809 3030 4882 Χριστοῦ
3066 4811 3393 4880 μυστήριον,
3425 4806 3713 4878 ἐπέλαμψε

2115 4902 2174 4956 δὲ
2223 4902 2347 4957 καθ’
2375 4900 2468 4966 οὓς
2501 4900 2774 4972 ηὑδόκησε
2808 4903 3037 4972 καιροὺς
3077 4903 3106 4956 ό
3133 4900 3427 4970 δυνάστης.
3466 4900 3570 4952 Τὸν
3613 4894 3711 4952 οὖν

2113 4996 2216 5068 τῆς
2247 4995 2717 5066 ὲνανθρωπήσεως
2751 4993 2944 5064 καιρὸν
2973 4993 3201 5064 ἡμέραν
3233 4992 3412 5058 καλεῖ,
3443 4990 3586 5046 καθά
3611 4989 3710 5044 καὶ

2105 5091 2135 5143 ὁ
2157 5089 2302 5152 θεῖος
2323 5085 2649 5149 ῒΑπόστολος
2673 5100 2688 5115 ·
2733 5103 2752 5137 ι
2775 5085 2910 5139 Ἰδοὺ
2941 5085 3038 5139 νῦν
3067 5084 3260 5156 καιρὸς
3286 5081 3708 5154 εὐπρόσδεκτος.

2121 5181 2252 5234 Ἰδοὺ
2285 5181 2469 5251 ἡμέρα
2505 5177 2803 5248 σωτηρίας.
2833 5195 2852 5228 ι
2900 5177 3044 5246 Περὶ
3079 5172 3148 5250 ἧς
3186 5192 3323 5247 φησι
3359 5173 3458 5228 καὶ
3499 5171 3667 5226 Δαϐίδ
3689 5189 3707 5205 ο

2115 5288 2134 5322 ι
2163 5268 2313 5340 Αῦτη
2346 5270 2380 5340 η
2412 5267 2615 5340 ἡμέρα,
2648 5267 2712 5339 ἢν
2761 5266 3022 5337 ἐποίησεν
3051 5268 3080 5320 ό
3109 5265 3334 5338 Κύριος.
3367 5285 3388 5317 ι
3431 5264 3556 5317 Ἐπὶ
3583 5263 3712 5316 τού-

2107 5377 2223 5424 τοις
2253 5360 2389 5432 φησι
2413 5377 2427 5390 ·
2474 5360 2584 5415 Kal
2616 5357 2810 5414 ἑδωκὰ
2841 5375 2917 5413 σε
2941 5361 3030 5426 εὶς
3057 5358 3357 5428 διαθήκην
3380 5355 3572 5412 ἐθνῶν
3596 5355 3710 5412 τοῦ

2109 5453 2487 5522 καταστῆσαι
2506 5451 2627 5522 τὴν
2657 5451 2796 5525 γῆν,
2817 5450 3274 5522 κληρονομῆσαι
3297 5449 3712 5521 κληρονομίας

2481 5567 2526 5600 ⁸⁸
2557 5565 2720 5624 Joan.
2752 5581 2830 5635 vr,
2862 5564 2953 5624 58.
3031 5564 3078 5598 “
3109 5564 3154 5620 ll
3177 5564 3306 5622 Cor.
3324 5579 3404 5636 vr,
3419 5563 3481 5648 ἓ.

1674 5649 1912 5706 νΑιιιλΕ
1955 5651 2372 5714 LECTIUNES.

481 5746 517 5789 II
546 5761 638 5816 αφ.
680 5738 840 5797 εἶναι.
921 5756 942 5785 ε
975 5743 1076 5813 ἀφ.
1109 5745 1210 5814 τὴν
1225 5743 1412 5816 εὐχήν.
1487 5744 1512 5786 δ
1539 5763 1630 5816 γρ.
1663 5745 1730 5798 δι’
1765 5741 1952 5800 αὐτοῦ.
