3954 6308
172 235 338 302 ἳ473

1293 235 1826 297 COMMENTABII
1865 237 1947 297 ΙΝ
1984 237 2270 298 ISAIAM.

3303 228 3446 291 ﬂii

174 354 474 426 ἐρήμουςο
509 353 714 424 ἢικατὰ
739 353 1034 426 Σύμμαχον
1118 349 1438 421 Ἀνεγεῗραι
1470 351 1587 419 τὴν
1623 350 1760 421 γῆν,

1883 351 2001 406 Fecit
2036 350 2300 406 Dominus
2330 349 2396 401 η.
2439 365 2457 399 ι
2502 346 2665 402 Addit
2688 352 2912 418 postea:
2957 342 3022 398 Et
3047 341 3168 398 dedi
3196 349 3245 396 te
3291 342 3343 396 in
3368 356 3448 394 te-

177 447 287 502 καὶ
348 445 798 516 κληροδοτῆσαι
861 444 1272 513 κληροδοσίας
1331 442 1771 512 ᾐςρανισμένὰς.

178 539 448 593 Τοιαῦται
473 537 530 592 δὲ
555 533 696 609 ἦσαν
721 538 779 591 αἱ
805 535 914 590 τῶν
941 535 1119 590 ἀθέων
1147 534 1319 604 ψυχαὶ
1336 573 1352 598 ,
1389 533 1586 606 ἔρημοι
1613 532 1772 599 Θεοῦ,

179 633 283 686 καὶ
332 629 548 700 ἀληθῶς
597 627 1026 697 ἠφανισμέναι.
1063 622 1244 680 ’Ἦσαν
1289 625 1346 679 δὲ
1401 625 1499 680 καὶ
1547 625 1774 693 σειραῖς

185 721 610 794 ἁμαρτημάτων
656 717 1008 789 δεσμώτιδες.
1036 717 1148 771 Καί
1175 734 1305 770 ποτε
1353 717 1563 782 σκότος,
1601 715 1694 769 νῦν
1719 717 1775 769 δὲ

181 814 306 884 φῶς
347 815 412 866 ,ὲν
443 811 657 884 Κυρίῳ.
690 810 801 880 Τὴν
851 809 961 890 οὖν⁹
985 807 1244 878 τοιαύτην
1285 809 1626 874 κατέστησε
1656 805 1776 874 γῆν

179 903 634 978 τεθορυϐημένην
663 902 1118 970 κακοῖς.Ἥγουν,
1149 901 1358 964 πάντας
1383 899 1509 962 τοὺς
1537 899 1636 953 ἐπὶ
1663 897 1775 966 γῆς

181 999 286 1052 καὶ
337 997 437 1066 τῆς
489 993 848 1063 ἐπικειμένης
890 989 1168 1064 ἀπήλλαξε
1197 991 1386 1061 ζάλης,
1419 991 1516 1044 καὶ
1545 988 1777 1057 κλῆρον

184 1090 322 1142 ῐδιον
351 1089 666 1156 ἐποιήσατο,
703 1083 866 1153 μόνον
891 1081 1032 1152 ἔχων
1059 1083 1230 1138 πάλαι
1263 1082 1354 1136 τὸν
1387 1081 1776 1152 Ἰσραήλ.Ἰόὺς

183 1180 248 1234 δὲ
275 1175 514 1248 δεσμῶν
551 1175 652 1230 καὶ
688 1175 950 1240 σκότους
977 1164 1458 1245 ἡλευθερωμένους
1487 1171 1778 1240 εὐαγγελι·⁴

189 1267 372 1332 ζεται,
403 1266 578 1334 λέγων
599 1281 612 1294 ·
633 1264 730 1317 Ἐν
751 1262 977 1330 πάσαις
1004 1262 1134 1328 ταῖς
1167 1261 1328 1328 ὁδοῖς
1349 1261 1779 1329 ,βοσκηθήσον-

189 1375 313 1412 ται.
332 1355 492 1410 Ὀδοὶ
528 1353 585 1407 δὲ
617 1352 714 1407 καὶ
745 1353 950 1422 τριϐοι,
979 1351 1046 1416 ἃς
1067 1351 1364 1406 διώδευσαν
1395 1353 1444 1406 oI
1473 1351 1640 1406 πάλαι
1660 1353 1801 1406 θεο-·

191 1447 396 1514 σεϐεϊς,
429 1447 486 1499 αἱ
515 1445 654 1498 θεῖαι
688 1444 902 1516 Γραφαί
931 1462 944 1476 ·
975 1443 1164 1513 ἦγουν,
1187 1443 1243 1496 αἱ
1271 1441 1380 1495 τῶν
1409 1442 1622 1513 ἀρετῶν
1657 1447 1781 1496 ἐπι-

185 1540 476 1611 τηδεύσεις
499 1537 691 1590 ἄϐατοι
717 1538 830 1598 τοῖς
849 1535 910 1600 ἐξ
923 1533 1096 1588 ἐθνῶν
1117 1534 1466 1606 ὑπάρχουσαι
1491 1533 1777 1606 πρότερον,

191 1634 254 1685 ὲν
287 1627 376 1690 αἷς
411 1629 729 1707 βοσκόμενοι
753 1628 950 1700 nunc;
981 1626 1211 1697 λογικῆς
1235 1627 1445 1698 τροφῆς
1472 1627 1778 1681 ἀπολαύου-

1883 452 2200 497 stamentum
2228 442 2482 510 gentium,
2507 449 2564 492 ut
2597 439 2936 493 constitueres
2955 446 3177 495 terram,
3196 444 3244 488 et
3270 434 3447 504 possi-

1877 534 2026 590 deres
2051 534 2387 589 hwreditates
2426 531 2704 596 desertas;
2735 538 2829 584 aut
2853 529 3159 585 secundum
3203 525 3452 598 Symma-

1877 626 2040 680 chum
2075 666 2090 691 ,
2124 623 2194 679 Ut
2217 626 2506 680 suscitares
2537 633 2820 684 terram,et
2840 621 3096 676 divideres
3116 619 3451 675 hwreditates

1877 727 2076 772 vastas.
2127 718 2328 784 Quales
2369 728 2526 773 erant
2564 717 2698 787 ipsae
2738 715 3022 770 atbeorum
3067 714 3284 780 animae,
3343 713 3454 767 Deo

1877 809 2102 878 privatae
2133 809 2366 872 scilicet,
2397 816 2451 864 et
2472 819 2694 864 vastata:
2723 823 2930 864 revera.
2961 807 3129 862 Erant
3154 814 3208 862 et
3259 820 3455 876 pecca-

1879 907 2059 953 torum
2079 899 2298 954 vinculis
2317 901 2648 956 constrictae.
2666 899 2836 953 Erant
2867 915 3066 954 rursus
3091 906 3146 954 et
3173 900 3415 958 tenebrae
3437 915 3453 964 ;

1879 1005 2027 1043 nunc
2058 1000 2238 1044 autem
2275 991 2368 1044 lux
2404 991 2458 1044 in
2493 989 2740 1045 Domino.
2775 989 2961 1048 Talem
2997 991 3166 1060 igitur
3202 1005 3317 1044 esse
3347 999 3456 1046 ter-

1837 1097 2022 1143 -ram,
2074 1095 2198 1134 cum
2246 1081 2403 1136 malis
2449 1081 2604 1151 prius
2650 1081 2974 1150 agitaretur,
3001 1080 3208 1136 voluit:
3263 1079 3318 1135 id
3349 1089 3455 1144 est,

1881 1184 2074 1224 omnes
2105 1171 2160 1225 in
2192 1179 2334 1224 terra
2363 1170 2624 1242 degentes
2681 1171 2998 1226 imminente
3031 1177 3355 1240 tempestate
3385 1171 3458 1224 li-

1883 1260 2116 1325 beravit,
2147 1261 2362 1330 sibique
2393 1261 2527 1332 ipsis
2557 1262 2612 1315 in
2641 1263 3070 1330 peculium,cum
3104 1262 3235 1316 olim
3274 1259 3456 1317 Istae-'-

1882 1351 1989 1408 Iem
2026 1361 2234 1407 tantum
2261 1349 2735 1428 haberet,'eﬁ‘ecit.
2763 1351 2856 1408 Eis
2871 1353 3089 1416 deinde,
3107 1353 3202 1422 qui
3232 1353 3455 1406 vincatis

1882 1453 1931 1499 et
1961 1444 2184 1499 tenebris
2217 1444 2430 1500 liberati
2459 1453 2610 1508 sunt,
2649 1445 2828 1501 fausta
2851 1446 3176 1509 annuntiat;
3213 1459 3338 1500 cum
3361 1462 3458 1500 eos

1883 1537 1938 1590 in
1965 1535 2208 1590 omnibus
2239 1537 2338 1591 uiis
2373 1535 2536 1606 559
2560 1546 2808 1605 pasturos
2838 1553 2950 1591 esse
2977 1536 3272 1605 signiﬁcat.
3316 1534 3459 1590 Sunt

1886 1635 2068 1682 autem
2093 1628 2190 1682 via:
2214 1635 2264 1680 et
2293 1628 2515 1692 remitte,
2545 1641 2682 1698 quas
2712 1627 2788 1696 pii
2817 1633 3002 1698 patres
3021 1627 3152 1682 olim
3171 1635 3455 1697 pertrans—

193 1740 317 1788 σιν,
353 1723 420 1792 ἢν
452 1721 546 1776 καὶ
573 1720 861 1791 νεμόμενοί
895 1735 1060 1789 φασι’
1105 1717 1312 1789 Κύριος
1358 1717 1635 1788 ποιμαίνει
1686 1733 1774 1788 με,

1884 1717 2083 1784 ierunt,
2133 1719 2265 1787 ipsa;
2295 1733 2468 1773 sacra:
2499 1717 2796 1788 Scriptura:
2839 1735 2854 1772 :
2893 1717 2944 1772 id
2975 1727 3080 1783 est,
3135 1717 3252 1787 ipsa
3281 1718 3459 1798 virtu-

192 1815 294 1868 καὶ
342 1813 496 1866 οὐδέν
541 1829 608 1883 με
656 1811 970 1882 ὑστερήσει,
1002 1811 1096 1864 καὶ
1136 1810 1206 1863 τὰ
1255 1809 1468 1873 τούτοις
1509 1807 1772 1878 ἑπόμενα.

195 1904 325 1968 Πῶς
367 1899 462 1976 οὖν
512 1900 659 1976 [οὐκ]
708 1902 1074 1972 ὑπομένουσιν
1117 1899 1198 1954 ἔτι
1245 1899 1426 1970 ψυχῆς
1457 1899 1690 1966 πεῖναν,
1735 1898 1774 1968 ἢ

191 1995 406 2064 δίψαν,
429 1975 496 2057 ἃς
512 1990 658 2064 εἶχον
687 1993 854 2047 πάλαι
873 1992 950 2062 μὴ
978 1991 1152 2063 νόμῳ,
1179 1990 1254 2064 μὴ
1282 1995 1594 2062 προφήταις
1619 1989 1777 2046 παιδ-

195 2086 608 2155 αγωγούμενοις
640 2081 982 2138 Μεταϐαλὼν
1013 2081 1072 2136 δέ
1117 2101 1203 2148 τις
1251 2085 1394 2136 κατὰ
1437 2083 1693 2154 Χριστὸν,
1719 2084 1777 2135 ὲν

193 2176 460 2247 autemet;
493 2175 704 2243 γίνεται
745 2176 934 2244 νοητῇ,
977 2173 1228 2241 λέγοντος
1265 2173 1521 2228 Ἡσαΐου·
1559 2191 1578 2224 ι
1606 2173 1778 2237 Αὐτὸς

195 2270 412 2338 οἰκήσει
441 2269 498 2320 ὲν
527 2264 717 2338 ὑψηλῷ
745 2264 994 2335 σπηλαίῳ
1015 2265 1222 2335 πέτρας
1279 2265 1526 2334 ἰσχυρᾶς.
1581 2264 1778 2336 Ἀρτος

197 2359 353 2430 αὐτῷ
374 2358 680 2429 δοθήσεται,
698 2356 867 2411 καὶτὸ
891 2354 1038 2428 ὕδωρ
1054 2355 1217 2409 αὑτοῦ
1242 2355 1433 2408 πιστόν
1453 2394 1466 2407 .
1483 2370 1502 2403 ο
1517 2354 1658 2408 Ἀλλ’
1683 2355 1778 2408 οὗ·

197 2449 258 2502 δὲ
306 2453 337 2503 ὁ
381 2448 621 2519 φλογμὸς
653 2448 749 2501 τοῦ
781 2447 898 2518 βίου
941 2446 1194 2510 πατάξει
1230 2445 1450 2510 αὐτοὺς,
1482 2445 1779 2518 λεγόμενος

197 2541 448 2596 καύσων
471 2541 568 2594 καὶ
596 2538 791 2608 ἥλιος.
826 2539 1024 2606 Γέγονε
1054 2539 1164 2610 γὰρ
1199 2539 1385 2602 αὐτοῖς
1413 2537 1725 2608 σκεπαστὴς
1750 2539 1780 2591 δ

196 2632 438 2702 Χριστὸς
477 2633 506 2684 δ
537 2631 627 2684 καὶ
655 2631 823 2684 πάλαι
854 2629 1051 2702 νεφέλῃ
1095 2630 1377 2694 σκεπάσας
1409 2630 1501 2684 τὸν
1538 2630 1777 2702 Ἰσραήλ.

198 2724 500 2794 Σύμφωνον
524 2720 698 2792 τούτῳ
714 2721 774 2774 τὸ
799 2720 894 2775 τοῦ
924 2719 1249 2776 Ἀποστόλου
1281 2720 1442 2792 ῥητόν
1459 2736 1475 2751 ⁸
1506 2739 1526 2773 ι
1545 2721 1778 2786 Δυνατδς

196 2815 260 2868 δὲ
295 2816 323 2868 ὁ
357 2813 507 2876 Θεὸς,
540 2811 600 2876 ὃς
640 2812 741 2866 οὐκ
788 2811 942 2866 ἐάσει
986 2812 1133 2883 ὑμᾶς
1169 2810 1534 2884 πειρασθῆναι
1578 2811 1718 2883 ὑπὲρ
1752 2811 1781 2864 δ

197 2905 454 2961 δύνασθε.
487 2923 505 2954 ι
541 2904 650 2958 Καὶ
678 2903 815 2974 αὕτη
845 2903 950 2958 τοῦ
980 2903 1300 2970 ἐλεοῦντος
1327 2903 1474 2974 ἡμᾶς
1515 2903 1554 2971 ἠ
1588 2900 1780 2972 παρά-

201 3001 447 3066 κλησις.

1887 1819 2000 1863 tum
2019 1808 2199 1864 studia
2223 1809 2478 1880 gentibus
2498 1809 2628 1864 olim
2655 1809 3018 1876 inaccessaﬁn
3036 1811 3236 1880 quibus
3267 1823 3458 1862 omnes

1885 1899 2104 1954 educati
2131 1899 2281 1955 verbi
2305 1900 2432 1955 cibo
2459 1899 2858 1970 perfruuntur;
2889 1915 3001 1970 quo
3019 1902 3112 1971 qui
3133 1908 3460 1965 vescuntur,

1885 2005 1916 2044 a
1950 1988 2180 2045 Domino
2207 2006 2266 2047 se
2306 1993 2478 2062 pasci,
2521 2007 2622 2049 nec
2654 1992 2760 2049 sibi
2787 1993 3087 2064 quidquam
3117 1991 3462 2055 defuturum,

1886 2089 2194 2153 cateraque
2221 2097 2346 2153 qua:
2383 2091 2716 2154 sequuntur,
2749 2084 3096 2154 proﬁtentur.
3135 2085 3236 2152 Qui
3291 2085 3460 2153 igitur

1885 2187 2004 2228 eam
2029 2175 2224 2230 animae
2245 2175 2493 2241 esuriem,
2524 2185 2616 2230 aut
2641 2177 2809 2242 sitim,
2833 2176 3011 2232 adhuc
3030 2191 3138 2231 non
3159 2177 3458 2246 patiantur,

1885 2280 1991 2336 qua
2013 2266 2048 2320 ii
2062 2267 2338 2336 quondam
2359 2268 2528 2338 qui'se
2545 2283 2646 2324 nec
2665 2268 2768 2340 legi
2784 2285 2882 2325 nec
2899 2269 3182 2340 prophetis
3202 2269 3462 2337 permise-

1885 2358 2462 2427 runt,torquebantur‘t
2479 2360 2550 2414 At
2569 2359 2822 2430 quisquis
2845 2360 2911 2414 ad
2938 2359 3216 2415 Christum
3241 2359 3456 2418 transit.

1889 2447 2063 2502 multo
2095 2457 2266 2513 certe,
2299 2464 2475 2520 eoque
2501 2449 2853 2520 intelligibili,
2885 2450 3008 2506 cibo
3029 2451 3288 2513 abundat,
3319 2450 3460 2504 Isaia

1886 2545 2048 2602 teste,
2099 2553 2226 2593 cum
2275 2539 2385 2594 ait:
2447 2559 2467 2592 ι
2502 2539 2623 2611 Ipse
2672 2541 2937 2596 habitabit
2973 2541 3025 2594 in
3067 2541 3280 2596 excelsa
3329 2555 3456 2610 spec

1888 2627 2050 2684 lunca
2081 2627 2317 2699 praeduri
2355 2630 2572 2700 lapidis.
2607 2629 2772 2687 Panis
2808 2631 2909 2699 ipsi
2962 2632 3200 2693 dabitur,
3229 2639 3284 2686 et
3311 2647 3456 2702 aqua

1887 2719 2005 2791 ejus
2052 2721 2231 2779 ﬁdelis
2283 2721 2346 2778 “.
2391 2743 2410 2776 ι
2467 2723 2580 2778 lmo
2625 2740 2693 2779 ne
2735 2725 2858 2780 vita:
2903 2723 3118 2793 quidem
3156 2723 3411 2780 incendio
3439 2761 3457 2787 ,

1887 2813 2030 2884 quod
2051 2823 2211 2870 astus
2233 2823 2282 2870 et
2307 2815 2436 2870 solis
2455 2815 2674 2870 nomine
2691 2814 3047 2884 signiﬁcatur,
3070 2816 3454 2880 percutientur;
3533 2862 3539 2876 ,

1887 2906 1980 2975 qui
2010 2906 2312 2974 Christum,
2345 2923 2458 2980 quo
2489 2909 2687 2964 nebula
2715 2908 2876 2963 etiam
2909 2909 3037 2962 olim
3068 2916 3348 2978 protectus
3375 2916 3455 2962 est

1889 2993 2077 3060 Israel,
2113 2997 2459 3054 defensorem
2487 2997 2747 3053 habeant.
2785 2996 2922 3052 Iluic
2951 3007 3132 3053 autem
3181 3000 3458 3053 consentit

199 3100 260 3144 et
305 3089 546 3157 Apostoli
592 3089 766 3150 locus.
797 3089 887 3144 ubi
916 3089 1020 3143 ait:
1077 3107 1096 3140 ‹
1127 3087 1327 3143 Potens
1357 3095 1442 3142 est
1485 3087 1652 3153 Deus,
1685 3087 1782 3158 qui
1826 3103 1936 3146 non
1967 3091 2111 3146 sinet
2133 3107 2229 3148 vos
2293 3091 2488 3148 tentari
2535 3106 2698 3162 supra
2747 3091 2802 3147 id
2877 3091 3022 3162 quod
3069 3092 3297 3162 potestis
3327 3093 3392 3146 ⁸³.
3430 3109 3452 3144 ι

202 3184 274 3238 Et
306 3183 424 3236 haec
456 3183 572 3250 ipsa
600 3189 684 3235 est
718 3181 888 3234 nostri
923 3180 1302 3235 miserescentis
1324 3181 1635 3236 consolatio.

281 3275 398 3361 Καὶ,
435 3273 534 3329 διὰ
586 3273 812 3343 πηγῶν,
845 3274 1030 3344 φησιν,
1081 3273 1317 3330 ὑδάτων
1359 3275 1490 3339 ἄξει
1539 3278 1781 3342 αὐτούς.

1959 3277 2220 3348 Sequitur
2248 3277 2444 3333 deinde
2468 3284 2518 3331 et
2542 3291 2636 3344 per
2665 3275 2833 3346 fontes
2867 3291 3127 3346 aquarum
3167 3276 3318 3330 ducet
3343 3292 3454 3330 eos.

201 3369 408 3422 Πολλα“ι
435 3368 493 3420 δὲ
514 3367 695 3432 πηγαὶ
724 3365 938 3437 Ἰσραὴλ
959 3409 972 3430 ,
1010 3367 1106 3419 καὶ
1163 3367 1346 3436 πηγαὶ
1404 3369 1697 3439 σωτηρίου,
1726 3370 1781 3424 αἱ

1889 3371 2030 3426 Sunt
2075 3385 2204 3424 vero
2241 3368 2480 3432 lsraelis,
2528 3376 2694 3439 atque
2723 3367 2860 3422 adeo
2913 3367 3108 3422 salutis
3137 3367 3305 3436 [antes
3335 3382 3459 3436 per-

207 3461 309 3532 μὲν
332 3461 428 3528 τῆς
462 3458 698 3520 Παλαιᾶς
727 3457 1020 3528 Διαθήκης,
1049 3457 1106 3510 αἱ
1139 3457 1197 3511 δὲ
1236 3457 1334 3528 τῆς
1360 3459 1588 3529 Καινῆς.
1616 3461 1786 3537 Οὐδὲν

200 3553 266 3607 δὲ
323 3551 583 3606 δύσϐατον
639 3552 822 3614 αὐτοῖς
879 3550 1022 3622 τὴνο
1094 3555 1361 3624 σωτήριον
1409 3554 1784 3628 ὁδοιποροῦσιν

204 3644 378 3698 ὀδόν.
411 3643 556 3711 Ἔφη
606 3641 712 3712 γάρ
737 3643 764 3694 ὁ
795 3643 1083 3714 προφήτης
1122 3645 1218 3697 καὶ
1277 3644 1546 3717 πρότερον
1567 3663 1584 3678 ο
1629 3665 1649 3699 ι
1674 3649 1786 3702 Καὶ

204 3737 356 3788 πᾶσα
385 3733 600 3804 φάραγξ
629 3733 1066 3804 πληρωθήσεται,
1083 3753 1104 3788 ι
1131 3735 1226 3788 καὶ
1245 3733 1314 3789 τά
1335 3737 1428 3790 ἐπὶ
1451 3737 1647 3806 τούτῳ.
1675 3739 1785 3792 Καὶ

207 3824 398 3883 πάλιν,
443 3839 464 3873 ι
503 3823 650 3885 Ὁδὸς
698 3821 911 3875 ἀσεϐῶν
963 3821 1155 3878 εὐθεῖα
1214 3824 1455 3894 ἐγένετο.
1495 3845 1514 3879 ι
1577 3827 1783 3895 Ἤγουν

201 3911 563 3984 ὁμαλίζεσθαι
587 3911 654 3964 τὰ
684 3911 872 3966 σκολιὰ
903 3913 997 3965 καὶ
1029 3912 1296 3984 ἁνὼμαλά
1320 3932 1456 3985 φησι
1483 3915 1591 3970 τῶν
1611 3916 1782 3988 ἠθῶν.

203 4001 344 4056 Εἶτα
371 4005 496 4066 τοὺς
529 4002 898 4072 κεκλημένους
923 4003 1260 4074 πανταχόθεν
1285 4005 1458 4072 ἥξειν
1487 4007 1586 4076 τῆς
1606 4007 1810 4061 οἱκου-,

205 4093 386 4164 μένης
409 4091 562 4159 φησὶ,
621 4090 729 4142 τῶν
762 4091 1045 4162 τεσσάρων
1071 4090 1353 4158 κλιμάτων
1394 4090 1674 4161 μνησθείς.
1711 4091 1784 4144 Τὸ

204 4182 318 4250 γὰρ
351 4179 672 4247 πόρρωθεν,
696 4179 756 4231 τὸ
781 4179 987 4232 νότειον
1046 4179 1198 4247 δηλοῖ
1229 4179 1339 4234 τῶν
1393 4172 1784 4252 μεσημϐρινῶν

203 4271 391 4324 τόπων
423 4273 552 4339 ἡμῖν
571 4269 976 4340 ἀκατάληπτον.
1007 4271 1072 4324 Ἦ
1087 4265 1144 4324 δὲ.
1181 4271 1466 4326 θάλασσα
1491 4271 1590 4340 τὴν
1619 4274 1784 4326 ἑσπέ-

209 4380 312 4434 ραν
369 4361 538 4432 δηλοῖ,
587 4361 920 4432 δυτικωτέρα
970 4362 1069 4432 τῆς
1125 4362 1380 4427 Ἰουδαίας
1441 4363 1782 4437 ὑπάρχουσα.

211 4454 423 4524 Ὥσπερ
439 4452 531 4506 οὖν
557 4453 658 4522 τὴν
683 4451 947 4523 ἀνατολὴν
978 4452 1017 4520 ἠ
1055 4451 1308 4521 Περσῶν
1354 4454 1655 4524 παρίστησι
1684 4453 1780 4524 τῆ.

217 4537 384 4607 Δηλοί
416 4537 472 4590 δὲ
503 4538 664 4608 τάχα,
697 4538 850 4607 φασὶ,
886 4541 1011 4604 τοὺς
1057 4543 1546 4614 προσκυνήσαντας
1567 4547 1798 4613 Μάγους

1889 3464 2076 3517 multi:
2106 3463 2196 3516 alii
2227 3461 2449 3532 quidem
2491 3459 2728 3529 Veteris,
2769 3459 2858 3512 alii
2898 3468 3079 3513 autem
3112 3459 3457 3513 Recenlioris

1886 3553 2244 3609 Testamenti.
2261 3553 2368 3607 Sed
2382 3552 2518 3606 nihil
2537 3551 2604 3606 iis
2622 3558 2831 3621 poterat
2847 3550 3088 3620 praebere
3100 3549 3454 3611 «lilﬁcultatis,

1885 3645 1978 3715 qui
2015 3644 2152 3698 viam
2191 3644 2385 3698 salutis
2429 3642 2822 3697 ambulassem.
2876 3641 3098 3695 Dixerat
3145 3642 3289 3694 enim
3332 3656 3458 3708 pro-

1889 3737 2049 3806 pheta
2106 3737 2268 3791 etiam
2331 3742 2490 3789 antea
2541 3750 2557 3786 :
2606 3750 2626 3783 ι
2659 3733 2721 3784 Et
2773 3733 2954 3786 omnis
2986 3731 3148 3785 vallis
3201 3731 3456 3799 implebi-

1887 3842 1976 3882 tur
2005 3827 2070 3890 ⁸⁵,
2107 3845 2126 3879 ι
2165 3828 2378 3896 aliaque
2429 3839 2550 3896 quae
2580 3833 2906 3894 sequuntur.
2959 3821 3202 3891 Itemque
3244 3840 3257 3875 :
3303 3839 3324 3872 ι
3354 3819 3457 3874 Via

1888 3918 2176 3984 impiorum
2227 3926 2376 3972 recta
2411 3915 2554 3970 facta
2601 3921 2688 3970 est
2716 3913 2784 3969 “.
2823 3931 2844 3966 ι
2900 3912 3191 3976 Nimirum,
3245 3919 3302 3965 ut
3336 3928 3458 3981 «inae

1885 4008 2106 4078 obliqua
2135 4014 2191 4062 et
2231 4006 2512 4062 salebrosa
2570 4003 2790 4060 fuerant
2815 4005 2871 4058 in
2913 4001 3181 4066 moribus,
3223 4011 3372 4056 recta
3405 4013 3459 4057 et

1889 4101 2044 4169 plana
2134 4099 2250 4153 fore
2339 4097 2698 4168 signiﬁcaret.
2785 4094 3017 4150 Vocates
3101 4093 3300 4148 deinde
3387 4094 3459 4150 ab

1885 4189 2033 4242 «mini
2103 4196 2263 4245 terra:
2330 4186 2643 4241 habitabilis
2693 4191 2865 4255 parte,
2945 4181 3106 4252 cujus
3169 4183 3455 4251 plagarum

1885 4288 2122 4348 quatuor
2164 4278 2428 4343 meminit,
2480 4285 2726 4332 venturos
2763 4290 2876 4330 esse
2907 4274 3268 4328 demonstrat.
3299 4271 3461 4348 Quod

1885 4369 2030 4422 eiiim
2085 4373 2149 4423 de
2185 4372 2336 4438 longe
2384 4367 2542 4432 dixit,
2598 4367 2868 4422 australes
2906 4363 3154 4423 meridiei
3203 4364 3457 4433 regiones

1886 4458 2049 4513 nobis
2079 4459 2388 4529 incognitas
2407 4456 2773 4528 signiﬁcavit:
2805 4465 2863 4510 ut
2891 4470 2986 4525 per
3009 4470 3154 4508 mare
3173 4453 3456 4519 occiduas;

1885 4551 2030 4619 quod
2073 4547 2256 4603 Judaea
2296 4551 2466 4620 magis
2489 4550 2556 4604 ad
2583 4564 2842 4605 occasum
2875 4550 3082 4618 vergit:
3121 4564 3218 4618 per
3262 4558 3460 4602 terram

219 4627 393 4696 αὐτῷ.
422 4627 592 4681 Τοῦτο
621 4629 730 4700 γὰρ
762 4630 978 4698 δηλοῦν,
1011 4632 1206 4698 καὶτὸ,
1249 4651 1268 4684 ι
1306 4633 1598 4705 Δοθήσεται
1644 4635 1781 4707 αὑτᾷ

1889 4648 2067 4693 autem
2089 4639 2380 4694 Persarum
2411 4638 2692 4696 Orientem
2749 4641 2950 4710 ipsum.
2982 4639 3240 4696 Forsitan
3294 4642 3460 4695 etiam

216 4722 286 4773 ὲκ
314 4719 408 4777 τοῦ
438 4722 663 4790 χρυσίου
708 4721 810 4790 τῆς
865 4721 1146 4793 Ἀραϐίας.
1191 4741 1210 4775 ι
1245 4722 1358 4776 Νῦν
1394 4725 1502 4794 γὰρ
1537 4725 1797 4796 Ἀραϐίαν

1889 4735 1944 4783 et
1961 4729 2170 4796 Magos,
2203 4730 2377 4796 aiunt,
2409 4745 2437 4782 a
2467 4732 2664 4800 quibus
2699 4739 2785 4786 est
2829 4733 2946 4800 ipse
2975 4732 3258 4786 adoratus.
3303 4731 3458 4786 Istud

211 4809 318 4880 τὴν
345 4809 592 4877 Περσῶν
611 4811 796 4882 χώραν
824 4811 1206 4882 σημαίνεσθαι.
1249 4810 1384 4868 Εἶτα
1417 4815 1554 4886 πρὸς
1601 4817 1781 4890 sopri]:

1887 4822 2035 4875 enim
2081 4825 2161 4875 vel
2211 4822 2431 4876 Davidis
2485 4822 2648 4878 verba
2696 4840 2712 4876 :
2759 4841 2778 4872 ι
2815 4821 3042 4875 Dabitur
3087 4823 3134 4875 ei
3195 4822 3262 4874 de
3322 4833 3460 4874 auro

211 4901 320 4970 τὴν
351 4901 528 4954 κτίσιν
551 4903 645 4954 ἐπὶ
672 4903 785 4967 τοῖς
813 4902 1178 4971 σεσωσμένοις
1225 4904 1414 4958 καλεῖ·
1455 4905 1526 4958 δι’
1559 4907 1781 4979 οὐρανοί

1886 4912 2100 4966 Arabiae
2128 4911 2194 4975 “,
2234 4931 2252 4963 ι
2298 4911 2713 4978 conﬁrmarint;
2747 4929 2868 4966 cum
2893 4927 2989 4982 per
3011 4909 3264 4964 Arabiam
3299 4909 3461 4963 hodie

215 4993 341 5064 μὲν,
379 4993 478 5057 τὰς
523 4993 640 5046 ἐκεῖ
676 4993 956 5064 δυνάμεις,
1004 4994 1060 5048 αϊ
1089 4997 1202 5065 1καὶ
1257 4997 1344 5064 ἐφ’
1371 4997 1456 5054 ἑνὶ
1507 4999 1781 5070 χαίρουσιη

1890 5001 2176 5056 Persarum
2227 5006 2500 5073 regionem
2571 5003 2871 5074 signiﬁcari
2923 5001 3112 5057 velint.
3163 4999 3461 5054 Creaturas

213 5084 528 5156 ἁμαρτωλῷ
576 5085 946 5155 μετανοοῦντι.
996 5087 1097 5142 Διὰ
1134 5085 1247 5158 γῆς
1276 5087 1353 5153 δὲ,
1387 5090 1513 5155 τοὺς
1573 5093 1781 5166 ὅσοιπεε

1891 5108 2090 5148 rursus
2139 5095 2204 5150 ad
2257 5096 2400 5150 diem
2467 5094 2686 5161 festum,
2734 5105 2954 5165 propter
3009 5093 3172 5162 560
3219 5093 3460 5146 salvatus

213 5179 278 5229 ὲν
304 5177 442 5246 αὐτῇ
473 5179 568 5232 καὶ
598 5178 962 5244 προσεδόκων,
999 5180 1218 5248 καὶτῆς
1247 5179 1572 5250 θεοφανείας
1597 5184 1781 5256 iﬁin

1891 5181 2114 5239 invitat:
2157 5182 2311 5239 Cutlo
2334 5187 2575 5255 quidem,
2609 5186 2870 5256 degentes
2901 5184 2952 5238 in
2994 5199 3058 5236 eo
3091 5187 3320 5235 virtutes
3350 5197 3460 5235 uno

209 5273 324 5312 ται.
351 5256 508 5312 Οὕτω
532 5259 624 5312 καὶ
654 5259 877 5330 Συμεὼν
903 5264 1374 5334 εὐφραινόμενος
1399 5269 1605 5338 ἔλεγεν·
1636 5271 1781 5324 «Νῦν

1888 5275 2246 5346 resipiscente
2297 5289 2588 5348 peccatore
2631 5278 2800 5332 lauari
2857 5277 3050 5332 solitas
3091 5275 3339 5328 indicans
3372 5271 3458 5336 ⁸⁷,

286 5367 846 5457 δλῩῗξηχίῖῗίῩῐιηὲἆο
887 5443 931 5457 η
952 5373 1340 5457 ⁸ξ183λχχηιλ
1384 5380 1470 5436 16.
1509 5391 1522 5402 ε
1575 5383 1619 5417 ts
1649 5384 1668 5439 ι
1703 5383 1781 5439 Co

1883 5405 1922 5454 κ,
1968 5391 2054 5446 15.
2159 5393 2206 5425 ⁸⁵
2234 5393 2338 5448 Isa.
2373 5411 2463 5457 χι,
2525 5398 2580 5448 4.
2680 5395 2724 5425 ⁸³
2763 5392 2865 5447 lsa.
2894 5407 3058 5457 xxxv,
3091 5389 3122 5444 8
3149 5404 3260 5445 sec.
3289 5385 3456 5442 LXX.

293 5393 330 5397 "
355 5393 496 5424 rem.
533 5393 713 5435 uxvu,
759 5393 846 5428 Ζιι.
952 5393 998 5407 ’⁵
1022 5393 1340 5439 Isa.xxxm.
1384 5393 1470 5436 ID.
1509 5393 1522 5402 “
1575 5393 1619 5417 ’⁸
1649 5393 1667 5439 Ι
1703 5393 1781 5439 (ὶο

213 5434 263 5466 u
313 5435 458 5490 P83].
513 5453 661 5490 LXXI.
722 5441 811 5490 ‘15.
887 5443 931 5476 ⁸⁷
973 5443 1107 5490 an-
1147 5464 1246 5490 1v,
1310 5449 1361 5490 9,

1883 5405 1922 5454 ι,
1968 5393 2054 5446 15.
2159 5393 2338 5448 “lsa.
2373 5411 2463 5458 η,
2525 5398 2580 5448 4.

358 5439 458 5494 sal.
513 5453 662 5506 uxr,
722 5441 811 5496 15.
887 5443 931 5476 δ”
971 5443 1107 5502 Luc.
1147 5464 1250 5511 xv,
1310 5449 1364 5504 9.

1496 5547 1727 5604 VARle
1766 5550 2166 5607 LEC'I‘lONES.

285 5633 310 5661 ⁸
383 5639 472 5690 γρ.
502 5618 588 5695 ἦν.

576 5717 844 5814 Parnm“
882 5719 994 5777 (in.
1042 5721 1397 5784 LXXXVII.
1751 5756 1758 5762 ο
3026 5740 3102 5800 ’ῖ8
