3980 6306
450 215 590 279 2475

1790 217 2146 281 PROCOPII
2184 221 2430 283 GAZEI

3575 231 3720 298 2476

451 325 619 382 Terra
673 329 878 389 autem,
910 321 1164 380 eumdem
1227 323 1304 380 ibi
1339 335 1722 397 exspectantes
1753 364 1770 390 ,
1828 325 2016 398 Deiqllt

2134 331 2394 396 ἀπολύεις
2443 333 2536 388 τὸν
2588 332 2773 390 δοῦλόν
2836 353 2954 402 σου,
2992 337 3256 404 Δέσποτα,
3283 357 3306 394 s
3338 339 3436 394 καὶ
3465 342 3536 396 τὰ
3567 341 3715 412 ἑξῆς.

451 418 689 474 adventu
752 431 860 471 non
890 415 1170 486 indignos.
1209 413 1302 472 Sic
1347 428 1403 472 et
1458 416 1684 472 Simeon
1717 418 1811 474 ille
1840 419 2035 474 laetitia

437 511 704 580 gestiens:
746 526 766 560 ι
801 507 958 563 Nunc
1016 506 1271 572 dimittis,
1302 505 1548 574 Domine,
1580 510 1782 576 aiebat,
1812 525 2032 565 servum

441 613 600 659 tuum
633 601 686 656 in
713 611 854 670 pace
880 597 962 665 “';
997 615 1016 652 ι
1065 607 1119 655 et
1149 615 1272 670 qua
1296 599 1587 672 deinceps.
1618 601 1688 655 At
1740 602 2028 671 propheta,

446 697 619 760 aiunt,
636 698 969 764 praegustata
999 686 1200 747 futura:
1227 691 1478 747 omnium
1507 692 1708 749 salutis
1727 693 2029 764 voluptate,

444 794 647 845 amicta
677 799 888 849 secum,
916 784 1030 840 sive
1061 795 1268 852 mente,
1300 785 1419 840 sive
1440 799 1608 842 sensu
1632 786 2026 858 percipiantur,

441 882 512 936 ad
544 879 793 936 (mitium
826 876 1172 932 adhortatur.
1208 876 1266 932 Si
1294 877 1441 933 enim
1472 877 1672 933 damna
1703 887 1894 934 nostra
1943 880 2030 933 iu-

444 987 570 1039 gere
616 985 704 1026 res
751 978 967 1025 creatas
1020 976 1272 1032 constat;
1333 976 1420 1025 est
1471 976 1530 1025 et
1590 967 1770 1025 salute
1836 976 2028 1024 nostra

441 1066 620 1136 icturi
665 1070 1125 1120 consentaneum.
1185 1061 1452 1133 lntelliglt
1513 1070 1696 1117 autem
1765 1061 2027 1116 montium

440 1158 610 1215 verbo
659 1155 746 1212 vel
797 1161 1019 1211 evectas
1051 1167 1272 1210 sursum
1327 1155 1563 1208 virtutes
1593 1153 1824 1209 rationis
1857 1155 2028 1224 partio

441 1252 628 1322 cipes;
658 1248 745 1305 vel
777 1249 930 1320 ipsos
960 1245 1381 1317 Evangeliorum
1419 1261 1732 1318 prccones;
1767 1247 1862 1317 qui
1900 1261 2026 1302 cum

439 1342 724 1400 Christum
753 1339 1176 1404 annuntiarunt,
1196 1349 1508 1408 terramque
1540 1339 1811 1409 spirituali
1840 1339 2027 1393 laetitia

439 1438 875 1510 compleverunt.
912 1434 1032 1502 Quo
1067 1441 1272 1500 autem,
1302 1433 1600 1502 Erumpunt
1641 1442 1842 1488 montes
1895 1435 2028 1490 lati-

441 1531 574 1584 tiam
599 1528 760 1593 dixit,
791 1525 1179 1582 Exhilaretttur
1224 1535 1428 1580 montes
1479 1525 1535 1578 in
1583 1524 1823 1579 omnibus
1870 1523 2048 1596 Symn.

441 1620 713 1688 machus;
749 1618 980 1690 Aquilas
1018 1629 1224 1682 autem,
1254 1616 1536 1682 Resonate,
1559 1603 1786 1681 montes,
1812 1615 2026 1670 laudem

2134 423 2522 495 Προεστιαθεὶς
2557 427 2635 496 δὲ,
2669 429 2836 498 φασὶν
2861 469 2877 495 ,
2911 431 2942 484 ὁ
2977 434 3263 503 προφήτης
3319 437 3387 504 τῇ
3441 434 3719 509 μελλούσῃ

2133 515 2352 570 πάντων
2379 520 2648 592 σωτηρίᾳ,
2675 524 3232 592 συνευφραίνεσθαι
3260 525 3412 598 αὐτῷ
3432 525 3602 595 νοητά
3624 531 3718 580 καὶ

2131 607 2366 680 αἰσθητὰ
2397 610 2576 664 πάντα
2601 613 2995 684 προτρέπεται.
3021 616 3082 668 Ei
3106 619 3213 686 γὰρ
3237 616 3448 670 στένειν
3471 619 3504 688 ή
3538 618 3718 682 κτίσις

2132 699 2225 752 ἐπὶ
2256 702 2365 763 τοῖς
2417 702 2711 776 ἡμετέροις
2756 703 2975 772 λέγεται
3027 709 3239 771 κακοῖς,
3273 708 3570 762 ἀκόλουθον
3624 711 3719 762 ἐπὶ

2132 791 2462 862 σωζομένοις
2515 796 2963 865 εὐφραίνεσθαι.
2999 798 3146 866 Ὀρη
3187 799 3246 852 δὲ
3297 799 3447 868 λέγει
3491 800 3719 868 λογικὰς

2129 884 2389 956 δυνάμεις
2430 887 2675 957 ὴρμένας
2727 888 2890 958 ὑψοῦ,
2946 889 2980 960 ἢ
3026 889 3134 943 τῶν
3181 891 3534 960 Εὑαγγελίων
3591 895 3718 956 τοὺς

2129 977 2402 1048 κήρυκας.
2431 979 2668 1050 Χριστὸν
2692 979 2803 1052 γὰρ
2830 980 3188 1049 ἀγγέλλοντες
3207 985 3406 1052 νοητῆς
3436 986 3712 1055 εύφροσύυ

2129 1084 2227 1140 νης
2259 1069 2532 1140 ἐπλήρουν
2564 1070 2664 1142 τὴν
2695 1074 2823 1142 γῆν.
2859 1072 3010 1126 ’Λντὶ
3038 1073 3094 1127 δὲ
3123 1073 3218 1126 τοῦ
3239 1073 3612 1142 ρηξὰωσαν
3642 1078 3719 1130 τὰ

2129 1159 2237 1228 ὄρη
2286 1162 2714 1230 εὐφροσύνην·
2771 1164 2800 1216 ὀ
2845 1163 3162 1236 Σύμμαχος·
3218 1164 3718 1234 Ἶλαρευθήσεται

2129 1250 2238 1320 ὅρη
2258 1249 2357 1304 ἐπὶ
2379 1251 2588 1309 πᾶσιν.
2609 1253 2667 1308 '0
2679 1253 2735 1307 δὶ
2757 1255 2992 1319 Ἀκύλας
3011 1272 3027 1286 ·
3044 1257 3441 1324 κελαδήσατε,
3469 1259 3578 1327 ὄρη
3590 1303 3605 1326 ,
3624 1261 3716 1313 ατ-

2127 1359 2302 1398 νεσιγ
2335 1343 2540 1410 ἔλεξαν.
2574 1346 2765 1420 uitat;
2789 1344 2832 1400 δ’
2855 1348 2922 1400 ἂν
2951 1349 3016 1402 τά
3042 1348 3149 1418 ὄρη
3161 1348 3353 1416 δηλοῦν
3379 1352 3613 1404 οίκειότε
3625 1369 3717 1421 ρον

2125 1436 2304 1508 ψυχὰς
2331 1437 2424 1490 ἐπὶ
2450 1436 2555 1508 γῆς
2587 1437 2688 1508 μὲν
2717 1437 2796 1492 ἔτι
2820 1439 3062 1509 βιούσας,
3099 1441 3302 1512 σφόδρα
3332 1441 3390 1494 δὲ
3418 1443 3552 1514 πρὸς
3581 1443 3716 1513 ὕψος

2125 1526 2368 1598 ήρμένας
2399 1525 2488 1579 διὰ
2509 1529 2610 1597 τῆς
2663 1527 2772 1580 τῶν
2798 1527 3009 1599 ἀρετῶν
3055 1527 3470 1598 κατορθώσεως.
3505 1533 3716 1583 Turesi-

2125 1619 2274 1686 γοὺς
2295 1619 2351 1673 δὲ
2371 1619 2705 1690 ἡλεημένους
2757 1621 2891 1691 φησι
2929 1621 3058 1685 τοῦς
3100 1621 3616 1692 προδεδτολωμένους
3649 1623 3714 1674 ἐκ

439 1688 866 1784 transtulerunt.
911 1710 1074 1766 Dicas
1123 1717 1180 1764 et
1217 1719 1418 1764 montes
1446 1710 1800 1779 peculiariter
1849 1709 2016 1780 magis

2126 1709 2236 1764 τῶν
2283 1688 2568 1780 τεσσάρων
2611 1688 2931 1780 κλημάτων,
2987 1710 3082 1774 οὓς
3107 1688 3172 1765 ἐκ
3197 1711 3298 1781 τῆς
3321 1688 3655 1780 sacoma;
3684 1714 3715 1765 ὁ

441 1805 658 1859 animas
696 1817 814 1868 eas,
853 1817 978 1874 quae
1009 1817 1189 1857 rerum
1215 1802 1478 1873 praeclare
1508 1809 1809 1871 gestarum,
1842 1800 2048 1854 virtu-.

440 1898 624 1967 tisque
669 1897 840 1968 gloria
873 1936 887 1960 ,
933 1895 1062 1950 dum
1096 1895 1150 1948 in
1197 1895 1360 1949 terris
1393 1901 1703 1960 versantur,
1759 1893 1812 1948 in
1846 1893 2019 1948 altum

438 1990 744 2058 eriguntur.
781 1985 1029 2042 Humiles
1055 1993 1261 2054 autem,
1293 2001 1390 2042 eos
1419 1985 1590 2056 ipsos,
1633 1987 1726 2058 qui
1763 1989 2052 2058 superius.

437 2079 714 2152 designati
755 2080 842 2134 vel
869 2076 1311 2134 misericordiam
1343 2079 1632 2132 consecuti
1683 2087 1838 2140 sunt;
1880 2094 2021 2150 quos

439 2172 506 2228 de
526 2179 766 2242 quatuor
794 2169 984 2224 mundi
1015 2169 1336 2224 cardinibus
1364 2169 1605 2240 Spiritus
1637 2171 1815 2224 sancti
1848 2173 2020 2240 partl-

439 2265 594 2336 cipes
622 2263 846 2319 eﬂectos
873 2261 1142 2317 diabolica
1167 2261 1432 2315 servitute
1453 2261 1709 2316 Christus
1740 2262 2016 2330 liberavit;

2124 1800 2362 1871 Χριστὸς
2382 1800 2700 1872 τυραννίδος
2731 1801 3022 1872 ἒῤῥύσατο,
3046 1800 3194 1856 θείου
3227 1802 3545 1873 Πνεύματος
3579 1820 3712 1872 μετ-

2124 1895 2284 1966 όχους
2309 1894 2796 1964 ἀπεργασάμενος.
2813 1893 3116 1958 Ταπεινοῦς
3138 1894 3262 1966 δὲμὴ
3282 1894 3358 1959 ὡς
3370 1911 3710 1948 recensum)-

2126 1987 2322 2058 μένους
2343 1987 2564 2060 ἀμαρτή
2575 2001 2710 2058 μασι
2733 1987 3020 2058 πρότερον,
3050 1987 3145 2040 καὶ
3173 1987 3474 2051 νεύσαντας
3498 1989 3579 2052 είς
3607 1987 3712 2056 γῆν

2121 2081 2202 2150 τῷ
2233 2081 2562 2152 φρονήματι.
2593 2080 2665 2132 Ἣ
2696 2079 2774 2144 ὡς
2816 2077 3206 2150 ῦποκύψαντας
3233 2078 3314 2150 τῷ
3343 2079 3566 2152 Χριστῷ
3616 2081 3711 2134 τὸν

2127 2173 2352 2246 αὐχένα,
2378 2172 2488 2228 τῶν
2545 2171 2962 2241 ἀνθισταμένων
3006 2169 3158 2242 αύτῷ
3205 2171 3488 2243 ύψούντων
3539 2171 3710 2242 κέρας

2126 2265 2222 2318 καὶ
2245 2262 2552 2318 λαλούντων
2581 2262 2798 2316 ἀδικίαν
2821 2262 2942 2316 κατ’
2968 2259 3157 2317 αὑτοῦ.

437 2356 524 2411 vel
591 2370 686 2411 eos
731 2351 1066 2424 etiam,qui,
1099 2352 1342 2423 peccatis
1395 2351 1667 2423 depressi,
1695 2363 1854 2408 terrae
1944 2355 2358 2420 incubuerunt;
2418 2354 2505 2410 vel
2587 2367 2684 2418 eos
2743 2352 3003 2440 denique,
3077 2353 3173 2424 qui
3225 2353 3430 2408 Christi
3487 2353 3700 2423 jugum,

439 2449 618 2505 eidem
678 2445 1099 2502 adversantibus
1150 2446 1276 2502 aliis
1323 2459 1607 2516 cornuque
1659 2447 2056 2519 exaltantibus,
2096 2458 2152 2506 et
2197 2449 2526 2520 iniustitiam
2555 2446 2962 2502 adversuseum
2991 2446 3368 2516 loquentibus,
3394 2445 3702 2500 subierunt.

510 2540 668 2612 531
709 2538 878 2596 Vnus.
928 2538 1118 2594 ιιοεο.
1156 2537 1305 2593 Dixit
1349 2548 1530 2593 autem
1584 2538 1766 2595 Sion:
1816 2539 2020 2596 Dareti-

425 2633 552 2704 ‘quit
581 2645 666 2686 me
689 2629 971 2698 Dominus,
996 2638 1047 2684 et
1080 2629 1338 2684 Dominus
1361 2627 1562 2684 oblitus
1589 2641 1666 2684 est
1699 2631 1824 2684 mei.
1857 2630 2018 2686 Nun-

439 2725 566 2797 quid
597 2724 941 2780 obliviscetur
985 2725 1175 2779 mulier
1205 2723 1309 2793 ﬁlii
1345 2723 1452 2789 sui,
1483 2733 1541 2778 ut
1569 2741 1672 2778 non
1697 2713 2018 2780 misereatur

441 2825 630 2888 partus
673 2816 812 2871 uteri
834 2815 966 2870 sui?
1016 2813 1111 2868 Sin
1145 2825 1323 2868 autem
1353 2814 1609 2870 ciborum
1651 2814 1814 2868 oblita
1855 2818 2017 2885 fuerit

439 2907 652 2974 mulier,
689 2922 782 2976 ego
804 2915 978 2960 tamen
1007 2905 1084 2958 tui
1113 2919 1218 2958 non
1247 2902 1554 2967 obliviscar,
1571 2903 1709 2957 dixit
1732 2903 2011 2960 Dominus.

441 2997 579 3054 Ecce
625 3011 783 3068 super
815 3012 1004 3051 manus
1035 3011 1179 3049 meas
1212 2993 1426 3062 ἀφίησί
1453 3008 1631 3048 muros
1660 3001 1799 3063 tuos,
1832 3009 1938 3051 erc.

511 3177 672 3250 562
705 3175 884 3245 Supra
917 3177 1029 3244 jam
1057 3173 1262 3228 dictum
1316 3183 1422 3240 est,
1481 3172 1693 3228 Sionem
1717 3187 1771 3229 et
1794 3173 2014 3229 Jerusa-

438 3271 545 3325 lem
592 3269 790 3324 decere
837 3281 941 3322 nos
966 3263 1146 3320 tribus
1192 3265 1372 3321 ntodiu
1422 3267 1748 3338 intelligere,
1800 3268 1910 3329 vel,
1956 3277 2016 3320 ut

360 3356 366 3360 ’
439 3376 608 3416 sensu
651 3357 1064 3428 percipiuntur;
1103 3355 1208 3420 vel,
1257 3363 1318 3410 ut
1365 3358 1511 3426 pium
1552 3372 1767 3422 eorum,
1810 3359 1906 3427 qui
1958 3358 2010 3411 in

439 3460 586 3506 terra
620 3456 770 3514 sunt,
801 3449 927 3503 vitae
957 3446 1266 3502 institutum
1297 3447 1616 3518 significant
1645 3465 1661 3516 ;
1694 3449 1800 3510 vel,
1827 3455 1881 3501 ut
1909 3463 2011 3502 an-

439 3543 670 3612 gelicam
707 3539 953 3594 incmlis
993 3538 1226 3610 degendi
1271 3539 1564 3603 rationem,
1614 3539 1683 3594 de
1718 3553 1826 3608 qua
1856 3537 2010 3593 Pauli

437 3634 531 3686 illa
556 3640 686 3687 sunt
720 3649 732 3686 :
763 3649 781 3682 ι
824 3629 900 3684 Ea
931 3638 1136 3696 autem,
1173 3644 1296 3700 quae
1328 3644 1550 3684 sursum
1574 3639 1659 3684 est
1681 3627 2012 3698 Jerusalem,

436 3723 607 3778 libera
636 3731 722 3777 est
749 3722 840 3776 “'.
871 3721 1008 3776 sEt:
1035 3741 1054 3774 ι
1083 3721 1206 3776 Non
1237 3723 1380 3776 cnim
1409 3723 1724 3776 accessistis
1756 3722 1824 3776 ad
1857 3737 2012 3777 mon-

439 3825 542 3871 tem
589 3813 719 3870 Sion
764 3815 810 3850 ⁸⁸
845 3831 861 3883 ;
900 3832 919 3866 ι
959 3822 1014 3868 et
1048 3828 1172 3884 quae
1223 3812 1504 3882 deinceps.
1556 3811 1714 3867 Nunc
1745 3811 1910 3882 igitur
1943 3813 2012 3868 de

435 3909 528 3979 pio
563 3907 658 3962 illo
686 3897 930 3962 civitatis
966 3905 1234 3977 regimine
1255 3904 1516 3973 loquitur.
1553 3904 1700 3974 quod
1730 3904 2010 3974 quondam

435 4000 576 4070 apud
603 3998 824 4055 Iudaeos
851 4000 1164 4055 institutum
1193 3998 1246 4052 in
1279 3996 1521 4068 gentium
1545 3996 1848 4052 Ecclesiam
1877 4011 2012 4052 con-

435 4105 654 4146 versum
683 4095 788 4146 est.
812 4087 886 4144 De
916 4087 1116 4143 insulis
1143 4087 1290 4142 enim
1319 4095 1374 4140 et
1396 4087 1651 4156 gentibus
1686 4100 1872 4142 sermo
1893 4083 2011 4142 iue-

439 4190 556 4249 rat;
589 4183 792 4251 quibus
821 4187 1231 4249 consequenter
1261 4177 1483 4248 adjicit,
1515 4195 1577 4232 ue
1611 4195 1686 4246 se,
1714 4187 2011 4249 quantum-

365 4253 378 4316 ί
436 4275 520 4328 vis
554 4273 771 4328 sublato
803 4272 892 4340 pio
917 4270 1012 4325 illo
1041 4269 1186 4338 apud
1211 4267 1431 4325 Iud-eos
1457 4263 1701 4324 civit'atis
1717 4270 2007 4338 regimine,

2195 2541 2406 2608 ιδ’-κς.
2446 2535 2595 2594 mare
2621 2539 2693 2593 δὲ
2723 2537 2879 2594 Σιών
2897 2555 2910 2570 ·
2947 2536 3336 2608 Ἐγκατέυιιπέ
3361 2553 3440 2606 με
3465 2537 3702 2604 Κύριος,

2121 2634 2220 2689 καί
2245 2635 2278 2688 ὁ
2304 2631 2520 2700 Κύριος
2540 2629 2875 2686 ἁπελάθετό
2885 2646 3027 2698 μου.
3048 2627 3144 2694 Μὴ
3161 2626 3519 2696 ἐπιλήσεται
3545 2627 3702 2694 γυνὴ

2119 2724 2228 2779 τοῦ
2255 2723 2498 2778 παιδίου
2554 2721 2765 2790 αὐτῆς,
2790 2721 2830 2790 ἢ
2864 2721 2972 2774 τοῦ
2986 2727 3074 2790 μὴ
3107 2717 3360 2788 ἐλεῆσαι
3391 2718 3464 2772 τὰ
3481 2717 3703 2788 ἔκγονα

2118 2815 2232 2884 τῆς
2269 2816 2504 2881 κοιλίας
2552 2811 2781 2881 αὐτῆς;
2803 2814 2869 2866 Ei
2895 2811 2966 2866 δὲ
2991 2811 3306 2866 καὶταῦτα
3353 2808 3700 2864 ἐπιλάθοιτο

2118 2907 2296 2978 γυνὴ,
2327 2908 2463 2963 ἀλλ’
2492 2906 2607 2978 ἐγὼ
2626 2908 2738 2961 οὐκ
2766 2903 3137 2976 ἐπιλήσομαί
3157 2919 3298 2970 σου,
3317 2899 3451 2958 εἷπε
3466 2906 3698 2975 Κύριος.

2039 3022 2084 3082 c
2130 2998 2287 3056 Ἰδοὺ
2318 2998 2564 3054 ἐπὶτῶν
2615 2995 2833 3066 χειρῶν
2876 3013 2997 3066 μου
3034 2995 3430 3066 ἐζωγφὰρησά
3478 3010 3596 3052 σου
3626 2994 3704 3048 τὰ

2115 3091 2308 3160 τείχη,
2343 3108 2400 3146 κ.
2436 3107 2488 3146 τ.
2513 3089 2566 3146 λ.
3203 3146 3207 3149 ,

2192 3183 2332 3253 Ἤδη
2356 3181 2707 3255 προείρηται,
2727 3183 2802 3246 ὡς
2824 3181 2966 3236 κατά
2989 3181 3225 3250 τρόπους
3247 3182 3398 3250 τρεῖς
3428 3181 3698 3250 προσήκει

2115 3277 2256 3328 νοεῖν
2279 3275 2378 3345 τὴν
2407 3272 2563 3329 Σιὼν
2590 3274 2684 3328 καὶ
2741 3273 2842 3344 τὴν
2883 3271 3240 3344 Ἰερουσαλήμ
3264 3289 3278 3303 ⁸
3311 3273 3344 3342 ἢ
3375 3271 3652 3342 αίσθητῶς
3680 3288 3696 3302 ο

2114 3367 2148 3439 ἢ
2179 3367 2322 3422 κατά
2341 3368 2400 3422 τὺ
2427 3363 2676 3428 θεοσεϐὲς
2700 3365 2808 3422 τῶν
2856 3367 2951 3421 ἐπὶ
3005 3365 3111 3436 γῆς
3149 3365 3321 3419 ὄντων
3360 3364 3660 3436 πολίτευμα
3679 3383 3695 3398 ·

2113 3459 2148 3532 ἢ
2170 3459 2313 3512 κατά
2358 3458 2457 3531 τὴν
2485 3461 2542 3512 ὲν
2567 3459 2820 3530 οὐρανοῖς
2885 3457 3186 3526 ἀγγελικὴν
3213 3456 3492 3510 πολιτείαν
3511 3499 3528 3524 ,
3570 3459 3699 3528 περὶ

2112 3549 2181 3627 ἦς
2211 3554 2376 3626 φησὶν
2399 3556 2429 3608 ὅ
2455 3552 2662 3617 Παῦλος
2689 3569 2701 3582 '
2755 3571 2774 3606 ι
2796 3554 2859 3608 Ἦ
2890 3553 2947 3606 δὲ
2993 3552 3106 3607 ἀνω
3139 3551 3501 3624 Ἰερουσαλὴμ
3541 3552 3695 3604 ἐλευ-

2114 3648 2248 3718 θέρα
2277 3647 2444 3703 ὲστί.»
2476 3647 2608 3712 Καὶ,
2629 3645 2736 3700 «Oti
2761 3647 2872 3716 γὰρ
2897 3645 3337 3716 προσεληλύθατε
3360 3645 3500 3698 Σιὼν
3521 3646 3689 3718 ὄρει.»

2113 3737 2298 3792 καὶτὰ
2354 3736 2502 3808 ἑξῆς.
2552 3737 2667 3791 Νῦν
2711 3733 3034 3806 οῦνδλὸγος
3091 3738 3220 3808 περὶ
3271 3735 3366 3789 τοῦ
3415 3736 3698 3807 θεοφιλοῦς

2115 3829 2530 3901 πολιτεύματος,
2552 3829 2582 3882 δ
2604 3828 2771 3884 πάλαι
2793 3830 2894 3898 μὲν
2921 3828 3051 3898 παρ’
3084 3827 3361 3890 Ἰουδαίοις
3385 3829 3692 3888 συνίστατο.

2113 3920 2438 3991 καθαιρεθὲν
2457 3919 2516 3973 δὲ
2536 3917 2940 3991 μεταϐέϐληται
2956 3920 3038 3982 είς
3059 3917 3159 3988 τὴν
3179 3917 3239 3983 ἐξ
3260 3917 3431 3971 ὲθνῶν
3458 3917 3696 3988 Ἐκκλη-

2115 4012 2258 4066 σίαν.
2291 4011 2428 4080 Περὶ
2459 4012 2642 4082 νήσων
2674 4008 2786 4080 γάρ
2819 4005 2915 4064 καὶ
2941 4008 3051 4062 τῶν
3079 4007 3254 4062 ἐθνῶν
3283 4007 3574 4078 διελέγετο,
3609 4005 3695 4072 οἷς

2111 4101 2421 4167 ἀκολούθως
2480 4101 2677 4172 φησίν·
2735 4101 2783 4154 εί
2835 4101 2929 4154 καὶ
2971 4098 3282 4171 καθῄρηται
3332 4100 3394 4153 τδ
3445 4099 3696 4164 θεοσεϐὲς

2113 4193 2241 4263 παρ’
2267 4193 2546 4256 Ἰουδαίοις
2575 4173 2898 4260 πολίτευμα,
2925 4192 3012 4262 μὴ
3033 4190 3262 4260 λεγέτω,
3299 4191 3694 4260 Ἐτκατέλιπε

2112 4285 2346 4352 Κύριος.
2365 4285 2474 4338 Καὶ
2491 4283 2568 4355 τῷ
2583 4283 2697 4353 τῆς
2728 4285 2955 4354 μητρὸς
2973 4283 3380 4355 παραδείγματι
3395 4284 3453 4338 τὸ
3471 4283 3696 4352 τῆς-τιή·
3778 4301 3786 4309 ·

446 4385 460 4415 τ
501 4363 725 4418 Domino
742 4362 1035 4429 deretinqui
1052 4369 1466 4430 conquerantur
1485 4403 1501 4428 ,
1519 4360 1807 4431 matrisque
1828 4375 2010 4415 exeun-

2122 4380 2225 4443 9ης
2249 4375 2512 4428 ἀδύνατον
2535 4374 2724 4440 ἔδειξε.
2751 4373 2888 4428 Θεοῦ
2918 4375 3027 4446 γὰρ
3047 4375 3200 4437 ὄντες
3220 4370 3332 4428 οἷον
3352 4377 3689 4445 γεννήματα,

436 4456 527 4528 pio
555 4470 744 4511 eorum
781 4469 842 4510 se
875 4469 1151 4523 nunquam
1175 4453 1414 4508 oblivisci
1440 4468 1604 4528 posse
1645 4451 2010 4507 demonstrat.

436 4545 532 4605 Dei
574 4546 720 4602 enim
757 4546 926 4601 veluti
959 4546 1206 4617 germina
1251 4545 1500 4616 quxdatn
1544 4557 1669 4597 cum
1712 4542 1909 4607 simus,
1963 4543 2008 4599 si

436 4653 591 4697 suam
643 4639 764 4710 ipse
803 4654 836 4692 a
879 4638 1041 4694 nobis
1075 4637 1473 4709 providentiam
1519 4642 1778 4698 revocet,
1818 4645 1872 4688 et
1912 4649 2014 4689 nos

437 4730 668 4787 interire
707 4743 996 4786 necessum
1021 4738 1124 4785 est.
1152 4728 1321 4782 Suam
1368 4725 1567 4780 deinde
1595 4733 1832 4779 mentem
1855 4739 2013 4799 aper;-

2110 4468 2160 4520 εί
2187 4465 2459 4520 παύσαιτο
2487 4465 2588 4536 τῆς
2614 4466 2744 4537 περὶ
2773 4464 2933 4538 ἡμῶν
2956 4466 3244 4536 προνοίας,
3279 4467 3374 4519 καὶ
3425 4465 3519 4518 τοῦ
3552 4461 3690 4517 εἶναι

2111 4556 2453 4628 παυσόμεθα.
2481 4557 2592 4610 Καὶ
2617 4555 2716 4627 τὴν
2745 4557 2953 4611 ἔννοιαν
3009 4557 3170 4624 ὲπεξε
3181 4557 3437 4628 ργάζεται
3474 4558 3644 4624 λέγων
3671 4571 3688 4584 ·

2123 4645 2270 4702 Ἰδοὺ
2296 4646 2397 4700 ἐπὶ
2439 4645 2561 4700 τῶν
2596 4644 2811 4716 χειρῶν
2851 4665 2973 4717 μου
3019 4645 3410 4717 ἐζωγράφησά
3469 4663 3588 4702 σου
3616 4647 3694 4700 τὰ

2111 4738 2302 4808 τείχη.
2321 4737 2380 4792 '0
2399 4737 2455 4791 δὲ
2484 4737 2782 4808 Σύμμαχος
2800 4738 2922 4792 ἀντὶ
2948 4737 3042 4791 τοῦ
3072 4737 3484 4807 ἐζωγρὰφησίι,
3506 4738 3692 4804 ἐστή-

435 4825 548 4879 tius
576 4822 940 4892 exprimens:
975 4819 1129 4884 Ecce,
1173 4818 1388 4886 adjicit,
1433 4831 1590 4884 super
1633 4833 1824 4870 manus
1868 4833 2011 4872 meas

2122 4829 2245 4895 οιξὰ
2275 4843 2351 4884 σε
2381 4829 2546 4900 φησίν
2569 4847 2584 4862 ι
2612 4833 2642 4884 ὀ
2684 4830 2744 4884 δὲ
2769 4829 3038 4894 Ἀκύλας·
3077 4830 3226 4886 Ἰδοὺ
3253 4830 3354 4884 ἐπι
3407 4831 3526 4888 τῶν
3549 4849 3692 4902 ταρ-

413 4905 650 4988 ἰίερὶιιπὶ
681 4931 863 4978 muros
890 4921 1050 4978 tuos;
1083 4911 1176 4966 ubi
1215 4925 1314 4980 pro
1342 4908 1576 4978 depinxi,
1605 4909 1816 4978 ﬁrmari
1851 4906 2010 4981 Sym-

433 5009 706 5072 machus;
751 5006 982 5078 Aquilae
1019 5018 1171 5069 vero,
1200 5011 1250 5056 te
1282 5002 1338 5055 in
1367 5000 1560 5070 palmis
1628 5010 1876 5055 accurate
1919 4999 2012 5056 de-

433 5097 984 5170 scripsi;'l‘heodotio
1021 5094 1256 5164 denique
1283 5091 1578 5163 eﬁ'ormari,
1621 5089 1999 5147 reddiderunt.

433 5191 642 5248 Revera
667 5190 812 5246 enim
843 5202 1100 5243 manuum
1128 5185 1223 5240 Dei
1261 5186 1502 5248 nomine,
1522 5185 1668 5238 vires
1697 5183 1820 5254 ejus
1851 5185 2008 5239 intel-

433 5281 714 5352 liguntur;
746 5294 982 5352 quarum
1011 5292 1180 5350 opera
1210 5286 1358 5330 tanta
1391 5283 1477 5330 est
1500 5281 1779 5329 exstructa
1805 5275 2002 5330 civitas

431 5373 680 5446 ejusque,
709 5385 833 5442 qua
869 5367 1172 5428 secundum
1211 5367 1382 5424 Deum
1424 5373 1531 5432 est,
1585 5364 1759 5418 forma
1803 5371 2009 5419 morta-

429 5464 564 5521 lium
604 5463 805 5520 animis
846 5463 1116 5536 impressa
1144 5468 1199 5516 et
1238 5459 1536 5529 insculpta.
1570 5455 1726 5524 Quod
1758 5465 1908 5512 certe
1933 5456 2008 5511 ci-

503 5641 548 5677 “
577 5643 713 5700 Luc.
743 5659 806 5714 tt,
828 5641 921 5698 29.
998 5640 1064 5672 ⁸⁸⁸
1093 5639 1270 5695 Galat.
1303 5653 1377 5703 Iv,
1400 5639 1492 5693 26.
1543 5636 1587 5668 δ’
1611 5635 1776 5692 Hebr.
1799 5649 1896 5703 xit,
1915 5633 1999 5690 i8.

2109 4922 2239 4978 σῶν
2261 4923 2568 4993 ἠκριϐωσά
2591 4939 2686 4980 σε.
2732 4923 2792 4977 Ὅ
2806 4923 2861 4978 δὲ
2891 4923 3205 4978 Θεοδοτίωνο
3233 4925 3569 4995 Διεχάραξά
3591 4942 3688 4980 σε.

2108 5017 2312 5087 Χεῖρες
2339 5017 2449 5088 γὰρ
2466 5015 2543 5080 ὡς
2567 5015 2804 5087 ἀληθῶς,
2833 5015 2977 5070 τοῦτ’
3027 5015 3175 5070 ἐστιν
3208 5006 3484 5088 ἐνέργειαι
3527 5017 3690 5085 Θεοῦ,

2107 5109 2206 5182 τὴν
2252 5107 2509 5178 τοιαύτην
2564 5107 2913 5177 οἰκοδομοῦσι
2971 5107 3146 5174 πόλιν,
3183 5110 3310 5174 τοὺς
3361 5109 3564 5175 τύπους
3591 5112 3695 5183 τῆς

2113 5199 2257 5255 κατὰ
2283 5199 2416 5254 Θεὸν
2439 5196 2711 5262 πολιτείας
2732 5199 3166 5270 ὲγχαράττουσαι
3196 5203 3317 5267 ταῖς
3345 5202 3456 5257 τῶν
3484 5204 3697 5276 ἀνθρώ-

2111 5309 2231 5347 πων
2277 5291 2496 5363 ψυχαῖς.
2529 5292 2595 5343 Ὃ
2611 5288 2675 5362 δὴ
2698 5290 2792 5342 καὶ
2841 5291 3002 5356 αὐτὸς
3029 5294 3058 5345 ὁ
3095 5296 3196 5364 τῆς
3239 5293 3437 5350 ἑαυτοῦ
3485 5298 3696 5365 πόλεως

2112 5385 2394 5458 οἰκοδόμος
2413 5387 2442 5439 ὁ
2467 5383 2560 5438 τοῦ
2587 5381 2724 5437 Θεοῦ
2740 5383 2913 5452 Λόγος
2941 5384 3146 5451 ἐδίδαξε
3163 5386 3337 5456 λέγων
3359 5405 3372 5420 ·
3404 5408 3424 5442 ι
3447 5391 3570 5444 Ἐπὶ
3591 5391 3696 5460 τὴν

2117 5478 2324 5550 πέτραν
2356 5475 2696 5546 οἰκοδομήσω
2733 5491 2834 5544 μου
2853 5476 2954 5545 τὴν
2984 5477 3332 5550 Ἐκκλησίαν.
3353 5501 3372 5536 s
3416 5483 3482 5536 ἸΙ
3505 5484 3561 5536 δὲ
3591 5484 3695 5538 πέε-
