3980 6306
204 389 356 454 24Π

1203 415 1210 424 ·
1295 395 1832 459 COMMENTARII
1867 397 1952 458 IN
1993 396 2284 458 ISAIA‘M.

3332 395 3477 458 2m
3563 375 3580 386 ’

207 523 322 577 τρα
347 503 416 578 ἦν
445 504 607 560 πάλιν
636 505 819 572 αὐτὸς,
843 507 928 578 ἐφ’
956 509 1023 582 ἢν
1055 509 1104 562 ot
1131 508 1340 581 πρῶτοι
1367 508 1608 581 θεμέλιοι
1663 526 1800 564 κατ-

1922 510 2092 565 ritatis
2124 525 2240 566 suae
2266 515 2622 565 constructor
2653 507 2745 565 Dei
2786 507 2961 563 Filius
2989 510 3210 565 edocuit
3243 525 3368 566 cum
3399 529 3490 566 su-

208 598 548 668 εϐλήθησαν,
598 599 726 671 περὶ
749 587 824 654 ὧν
876 601 1131 672 εἴρηται·
1194 619 1214 654 ι
1250 599 1808 672 Ἐποικοδομηθέντες

206 689 308 742 ἐπὶ
329 689 410 761 τῷ
441 689 678 760 θεμελίῳ
701 689 810 744 τῶν
841 689 1157 746 ἀποστόλων
1181 693 1276 746 καὶ⁵
1305 691 1628 764 προφητῶν,
1655 691 1811 754 ὄντος

208 782 616 852 ἀκρογωνιαίου
646 780 889 854 Χριστοῦ
926 782 1129 854 Ἰησοῦ.
1156 801 1177 836 ›
1215 785 1338 838 Ὀτι
1366 783 1424 838 δὲ
1453 785 1512 837 αἱ
1543 782 1638 838 τοῦ
1671 781 1808 837 Θεοῦ

210 877 489 947 ἐνέργειαι
517 877 713 944 χεῖρες
767 876 1020 951 εἴρηνται
1050 881 1116 951 τῇ
1141 879 1358 950 Γραφῇ,
1410 878 1563 949 δηλοῖ
1592 877 1676 942 τὺ,
1709 877 1812 932 (At

209 968 402 1040 χεῖρές
438 984 534 1022 σου
561 968 827 1038 ἐποίησάν
859 949 1373 1040 μείκαὶηέπλασάν
1411 988 1500 1043 με.
1535 989 1555 1024 ι
1594 984 1615 1024 ι
1643 970 1665 1010 ί
1687 971 1811 1044 Ὅτι

211 1059 387 1113 αὐτοῦ
417 1064 564 1114 ἐστιν
586 1062 620 1132 ἡ
650 1060 918 1125 θάλασσα,
965 1055 1187 1134 καὶτὴν
1211 1063 1388 1136 ξηρὰν
1409 1065 1469 1118 αἱ
1498 1067 1683 1136 χεῖρες
1713 1065 1812 1117 αὐ-

210 1150 316 1204 τοῦ
367 1150 632 1207 ἔπλασαν.
662 1171 682 1206 ι
711 1151 824 1207 Καὶ
873 1153 1038 1209 πάλιν
1058 1169 1074 1186 ο
1105 1173 1123 1206 ι
1149 1157 1263 1209 Καὶ
1299 1155 1438 1227 ἔργα
1472 1155 1585 1210 τῶν
1611 1155 1812 1227 χειρῶν

219 1242 319 1296 πού
349 1243 488 1296 εἰσιν
518 1243 568 1297 οἱ
596 1242 840 1315 οὐρανοί.
867 1263 886 1296 ι
917 1243 1076 1308 Τινὲς
1095 1245 1152 1299 δὲ
1179 1245 1268 1300 διὰ
1297 1245 1396 1318 τὴν
1413 1245 1508 1300 ἐπὶ
1531 1245 1626 1300 τοῦ
1653 1262 1814 1299 σταυ-

215 1333 320 1405 ροῦ
349 1334 633 1405 διὰτρησιν
654 1335 764 1388 τῶν
780 1335 982 1406 χειρῶν
1009 1335 1281 1406 λέγουσιν.
1315 1335 1487 1406 Ὑπὲρ
1520 1336 1678 1408 ἡμῶν
1704 1337 1814 1408 γὰρ

214 1422 436 1485 παθῶν,
473 1424 588 1488 πῶς
609 1423 674 1478 ἂν
697 1424 856 1495 ἡμῶν
879 1426 1224 1494 ὲπιλάθοιτο;
1265 1426 1338 1482 Τὸ
1359 1426 1470 1498 γὰρ
1499 1427 1618 1481 ὅλον
1644 1427 1816 1490 πάθος

212 1518 288 1568 ἐκ
323 1515 518 1588 μέρους
547 1515 879 1583 ἐδήλωσεν.
902 1518 1092 1582 Εἴποις
1112 1519 1157 1572 δ’
1189 1519 1256 1575 ἂν
1287 1522 1381 1574 καὶ
1417 1521 1616 1583 ἄλλως.
1648 1521 1818 1572 Φασὶν

212 1609 300 1672 ὡς
330 1610 386 1660 ἐν
413 1611 535 1672 ταῖς
580 1607 673 1662 τοῦ
704 1609 950 1680 Πατέρος
991 1611 1207 1678 χερσὶν
1238 1613 1442 1676 πάντες
1481 1611 1622 1665 εἰσὶν
1652 1612 1703 1665 οἱ
1726 1629 1818 1665 πι-

216 1701 572 1764 στεύσαντες.
612 1695 810 1768 Ἔλεγε
863 1702 974 1772 γὰρ
1007 1705 1035 1756 ὁ
1060 1704 1297 1775 Χριστὸς
1348 1704 1479 1776 περὶ
1529 1704 1639 1758 τῶν
1673 1704 1818 1756 ίδὲων

217 1792 536 1864 προϐάτων,
560 1792 635 1856 ὡς
659 1811 679 1844 ιι
701 1791 893 1857 Οὐδεὶς
923 1795 1168 1866 ἁρπάσει
1193 1797 1334 1848 αὐτὰ
1363 1799 1428 1850 ὲκ
1455 1795 1574 1850 τῶν
1606 1781 1840 1865 χειρῶνχ

213 1883 316 1937 τοῦ
357 1884 594 1954 Πατὲρος
627 1901 730 1954 μου
753 1925 767 1946 ,
799 1902 816 1937 ι
857 1885 956 1957 τὴν
987 1886 1196 1942 ἐκεῖθεν
1225 1888 1436 1959 σκέπην
1455 1887 1651 1958 δηλῶν.

1916 618 2011 672 per
2037 612 2244 672 petram
2286 616 2442 656 suam
2487 615 2547 656 se
2575 600 2972 655 aedilicaturum
3005 600 3307 657 Ecclesium
3340 602 3483 658 affir-

1915 695 2082 750 mavit
2110 693 2203 746 δ”.
2239 691 2605 747 Eratrursum
2629 701 2683 746 et
2715 691 2876 764 563
2897 693 3013 762 ipse
3034 700 3210 762 petra,
3237 694 3293 748 in
3322 710 3486 766 quam

1913 786 2089 856 prima
2120 785 2210 838 illa
2251 784 2400 853 jacta
2428 793 2557 840 sunt
2587 783 2966 850 fundamenta,
3007 785 3076 841 de
3119 787 3320 856 quibus
3350 788 3492 842 dici-

1915 884 2004 932 tur
2033 895 2047 932 :
2085 894 2106 928 ι
2142 875 2421 938 ίΕιΙίιιοιιιί
2463 892 2628 947 super
2667 875 3084 932 fundamentum
3117 880 3491 948 apostolorum

1913 978 1968 1025 et
1999 969 2413 1040 prophetarum,
2443 969 2566 1036 ipso
2601 984 2823 1026 summo
2854 970 3036 1040 lapide
3065 971 3318 1041 angulari
3357 969 3488 1026 Jesu

1915 1058 2140 1114 Christo
2189 1059 2258 1112 “.
2305 1075 2325 1110 ι
2370 1059 2530 1126 Quod
2583 1065 2766 1114 autem
2816 1076 3075 1114 manuum
3135 1063 3360 1117 nomine
3401 1061 3494 1116 Dei

1875 1205 1886 1210 _
1914 1149 2172 1204 virtutem
2221 1149 2495 1220 signiticet
2526 1148 2834 1220 Scriptura,
2867 1151 2952 1206 vel
2985 1151 3112 1206 inde
3156 1153 3496 1211 constiterit.

1916 1236 2062 1306 quod
2093 1255 2110 1287 ι
2151 1235 2346 1293 Manus
2413 1245 2521 1291 tuac
2566 1237 2817 1294 fecerunt
2860 1254 2950 1294 me
2986 1249 3043 1296 et
3087 1241 3500 1311 plasmaverunt

1917 1345 2024 1392 me,
2065 1347 2083 1378 ι
2124 1329 2202 1381 ait
2254 1330 2322 1384 ⁸³.
2373 1328 2440 1381 Ει
2483 1344 2496 1382 :
2536 1347 2560 1382 ‹
2601 1329 2871 1397 Quoniam
2913 1331 3088 1401 ipsius
3116 1343 3398 1400 est—mare,
3444 1341 3501 1388 et

1918 1421 2127 1474 aridam
2162 1419 2535 1476 fundaveruut
2558 1437 2754 1477 manus
2777 1425 2898 1494 cjus
2928 1427 2997 1480 ".
3028 1443 3046 1476 ι
3079 1426 3320 1481 ltursum
3346 1444 3360 1481 :
3388 1445 3408 1478 ι
3435 1425 3505 1480 Ει

1917 1528 2081 1582 cpt-ra
2127 1529 2389 1568 manuum
2423 1513 2543 1584 ejus
2575 1523 2707 1571 sunt
2731 1516 2854 1571 coeli
2887 1517 2956 1571 ⁸³.
2999 1535 3020 1568 ι
3063 1515 3206 1571 Sunt
3245 1531 3376 1572 vero
3405 1516 3502 1586 qui

1921 1605 2110 1660 isthzec
2135 1607 2199 1660 ad
2229 1622 2491 1662 manuum
2527 1607 2736 1664 Christi
2764 1609 3214 1678 perforationcm,
3245 1625 3410 1680 quam
3446 1609 3503 1664 in

1921 1715 2086 1754 cruce
2118 1715 2316 1770 passus
2344 1708 2450 1768 est,
2481 1700 2672 1756 referri
2697 1702 3042 1758 existiment.
3071 1703 3173 1769 Qui
3199 1705 3347 1759 enim
3403 1717 3507 1758 no-

1923 1793 2292 1863 stri,quornm
2319 1793 2542 1848 nomine
2567 1803 2880 1863 passusest,
2907 1796 3291 1852 obliviscatur?
3310 1793 3503 1849 Totam

1854 1872 1894 1924 Β
1925 1885 2198 1954 siquidem
2236 1885 2548 1954 passionem
2585 1885 2654 1940 ab
2685 1901 2796 1940 una
2823 1886 3069 1954 ejusdem
3113 1896 3268 1958 parte
3295 1884 3509 1956 signiti-

217 1978 374 2036 cavit
431 1975 591 2029 D.cas
617 1991 744 2030 vero
771 1985 825 2030 et
857 1979 1036 2032 aliter.
1065 1980 1232 2032 Aiunt
1257 1983 1404 2034 enim
1431 1997 1526 2038 eos
1561 1983 1615 2035 in
1644 1979 1813 2034 unius
1853 1975 2036 2033 Patris
2067 1977 2311 2031 manibus
2343 1991 2468 2033 esse
2497 1993 2689 2032 omnes
2715 1979 2807 2048 qui
2833 1980 2992 2034 fidem
3051 1979 3292 2049 amplexi
3332 1986 3499 2034 sunt:

217 2063 530 2133 quandnde
548 2065 664 2120 suis
688 2065 883 2122 ovibus
907 2067 1135 2139 loquens
1163 2068 1442 2138 Christus,
1468 2072 1682 2126 nullum
1721 2084 1816 2125 cas
1859 2067 1927 2124 de
1993 2065 2176 2124 Patris
2197 2067 2298 2153 'sui
2343 2066 2590 2123 manibus
2623 2077 2943 2140 erepturum
2981 2111 2996 2136 ,
3063 2079 3124 2125 ut
3193 2078 3508 2142 protectore

219 2158 454 2212 minime
487 2173 676 2214 carere
699 2160 944 2229 doceret,
975 2163 1268 2220 aﬂirmavit
1288 2165 1355 2222 ⁸⁸.

303 2251 476 2320 Tia-ign
512 2251 568 2306 δὲ
593 2252 692 2322 τῆς
713 2253 1044 2328 Ἐκκλησὶας
1076 2259 1124 2312 οί
1153 2258 1250 2314 τοῦ
1282 2261 1522 2332 Χριστοῦ
1573 2261 1816 2335 μαθηταὶ

221 2343 324 2396 καὶ
371 2339 680 2410 ἀπόστολοι,
711 2336 788 2396 ὧν
819 2345 880 2399 οὐ
916 2347 1184 2418 λαμϐάνει
1211 2350 1433 2421 λήθην.
1473 2354 1817 2426 Ἐγέγραπτο

223 2433 338 2506 γὰρ
365 2435 542 2488 αὐτῶν
585 2437 643 2490 ὲν
667 2439 922 2508 οὐρανοῖς
939 2440 1006 2494 τὰ
1040 2441 1283 2514 ὀνόματα
1309 2448 1376 2516 τῇ
1403 2439 1580 2518 βίϐλιᾷ
1600 2445 1816 2512 ζώντων

224 2525 548 2595 ἐγκείμενα.
581 2527 1022 2600 Προηγουμένως
1081 2535 1179 2603 μὲν
1220 2536 1329 2607 γὰρ
1357 2537 1457 2605 τῆς
1487 2528 1818 2611 Ἐκκλησίας

223 2618 426 2685 τεῖχός
453 2621 600 2674 ἐστιν
625 2622 654 2674 ὁ
681 2623 938 2692 Χριστὸς,
977 2623 1168 2697 ῶσπερ
1199 2627 1295 2680 καὶ
1334 2627 1450 2700 φῶς
1469 2645 1482 2660 ·
1515 2631 1575 2684 ὲν
1597 2630 1818 2702 μεθέξει

221 2711 286 2766 δὲ
315 2713 482 2767 αὑτοῦ
512 2715 794 2782 γεγονότες
823 2719 872 2770 ot
911 2718 1155 2790 μαθηταὶ
1183 2720 1390 2776 τούτων
1437 2723 1700 2794 ἑκάτερον
1731 2725 1823 2779 λέ-

223 2820 438 2872 γονται.
463 2805 616 2871 Τινὲς
635 2807 692 2862 δὲ
715 2810 783 2862 τά
800 2811 1046 2880 παρόντα
1071 2812 1366 2884 νοήσαντες
1386 2805 1660 2884 αἰσθητῶς
1681 2856 1698 2881 ,
1737 2815 1826 2879 Ὦς

228 2895 496 2966 παρόντα,
531 2899 687 2966 φασὶ,
719 2900 870 2969 λέγει
899 2901 971 2956 τὰ
1000 2901 1288 2972 μέλλοντα.
1326 2905 1516 2960 Πάντα
1542 2905 1648 2978 γὰρ
1672 2905 1828 2977 αὑτῷ

227 2989 487 3057 πάρεστι,
550 2991 645 3043 καὶ
694 2992 1102 3063 προδιαγράφει
1152 2995 1252 3066 τὴν
1309 2997 1642 3067 μέλλουσαν,
1680 2997 1821 3068 μετὰ

224 3079 329 3150 τὴν
348 3080 415 3132 ὲκ
445 3079 765 3146 Βαϐυλῶνος
795 3082 1020 3150 ἅλωσιν,
1051 3083 1173 3140 τῶν
1201 3084 1421 3156 τειχῶν
1446 3087 1820 3157 οἰκοδόμησιν,

239 3171 326 3232 είς
375 3169 444 3242 ην
483 3171 756 3242 ἀπήχθης,
794 3173 948 3246 φησὶ,
981 3175 1402 3246 παιδευόμενος,
1436 3177 1498 3230 οὐ
1537 3179 1636 3247 τῆς
1681 3177 1822 3248 ἐμῆς

1997 2255 2139 2310 Sunt
2167 2265 2335 2324 porro
2365 2249 2630 2308 Ecclesia:
2659 2251 2820 2318 muri,
2853 2249 3115 2322 discipuli
3150 2262 3206 2308 et
3236 2254 3468 2322 apostoii
3487 2291 3506 2318 ,

1923 2362 2162 2419 quorum
2196 2345 2337 2416 ipse,
2373 2344 2521 2414 quod
2545 2344 2767 2398 nomina
2809 2345 2863 2399 in
2895 2345 3072 2411 caelis,
3103 2345 3157 2400 in
3203 2346 3505 2402 viventium

1926 2441 2070 2496 libro
2117 2437 2397 2506 descripta
2445 2437 2684 2512 habeant
2721 2437 2811 2505 ⁵⁸,
2857 2437 3093 2492 oblivisci
3145 2453 3256 2492 non
3302 2449 3507 2508 potest.

1923 2531 2206 2600 Praecipue
2243 2537 2428 2584 autem
2476 2528 2735 2584 Ecclesiae
2785 2539 3002 2593 murus,
3049 2529 3507 2600 quemadmodum

1923 2627 1975 2675 et
2007 2619 2214 2685 lum-en,
2243 2617 2450 2672 dicitur
2477 2613 2775 2683 Christus;
2819 2616 2916 2672 sed
2955 2617 3246 2687 utriusque
3283 2619 3512 2688 partici-

1923 2711 2143 2782 patione
2166 2710 2262 2780 qui
2310 2709 2432 2777 ejus
2472 2706 2626 2762 fuere
2653 2705 2938 2777 discipuli.
2989 2704 3249 2762 Nonnulli
3294 2709 3400 2764 ista
3441 2707 3534 2762 ad'

1925 2816 2192 2858 sensuum
2216 2799 2434 2872 objecta
2464 2798 2792 2865 referentes,
2829 2799 3037 2864 futura,
3068 2808 3326 2870 tanquam
3371 2817 3511 2870 pra:-

1927 2891 2125 2956 sentia,
2149 2887 2519 2945 demonstrari
2547 2889 2914 2944 arbitrantur.
2939 2888 3135 2946 Omnia
3158 2891 3306 2946 enim
3335 2891 3508 2948 Deum

1927 2982 1981 3036 in
2015 2989 2272 3052 promptu
2307 2981 2532 3044 habere,
2579 2981 2936 3054 futuramque
2986 3001 3261 3040 murorum
3291 2985 3509 3042 instau-

1930 3075 2200 3129 rationem
2224 3081 2349 3144 post
2373 3073 2722 3146 Babylonica!
2753 3077 2995 3133 civitatis
3021 3079 3506 3150 expugnationem,

1933 3162 1986 3215 in
2015 3175 2202 3230 quam,
2227 3162 2610 3232 castigationis
2641 3177 2795 3234 ergo,
2831 3177 3032 3236 magna
3061 3165 3183 3234 ejus
3215 3167 3510 3238 providen—

245 3222 256 3223 ί
306 3222 324 3232 -
395 3222 431 3242 Γ
488 3222 501 3224 -
551 3222 756 3242 πον-ιη
801 3222 948 3246 τ-ι-νν
987 3222 1402 3246 ν-ν-η--νι--ννντ
1440 3222 1495 3230 ’-
1549 3222 1634 3247 "t"
1681 3222 1817 3248 ἰ’-ἰι

227 3264 488 3333 προνοίας
531 3265 929 3328 ὲκπεπτωκώς.
977 3263 1283 3338 Τοιγαροῦν
1324 3269 1379 3322 οι
1411 3269 1817 3336 καθελοῦντες

1932 3253 2006 3308 tia
2033 3222 2316 3308 deductus
2351 3222 2436 3318 es,
2472 3253 2676 3326 inquit,
2705 3222 2874 3328 ionge
2919 3222 3051 3312 ante
3081 3222 3423 3321 describere.

227 3355 732 3426 οικοδομήσουσι,
780 3357 889 3412 τῶν
923 3357 1036 3412 σῶν
1081 3357 1495 3433 ἐξανιστάμενοι
1523 3363 1706 3417 τόπων
1727 3380 1740 3394 ο
1772 3365 1820 3417 εἰ

226 3447 291 3501 δὲ
317 3447 412 3500 καὶ
445 3448 628 3502 πίστιν
655 3448 820 3520 ἔχεις,
857 3449 967 3518 ὅρα
987 3451 1240 3514 καὶτοὺς
1271 3453 1352 3515 εἰς
1383 3453 1444 3506 σὲ
1494 3455 1815 3524 συναχθή-

228 3539 452 3591 σεσθιιι
485 3538 799 3608 μέλλοντας.
837 3541 1000 3611 Ὀψις
1033 3543 1166 3615 γὰρ,
1191 3543 1266 3608 ὡς
1291 3546 1491 3610 εἰπεῖν,
1523 3548 1556 3618 ἠ
1590 3547 1700 3602 τῶν
1725 3565 1819 3602 πι-

231 3627 378 3681 στῶν
403 3628 560 3696 ἀκοὴ,
589 3631 732 3686 καθὰ
760 3634 854 3686 καὶ
877 3635 910 3703 ἡ
939 3633 1047 3688 τῶν
1079 3636 1401 3706 προφητῶν.
1437 3639 1548 3692 Καὶ
1575 3639 1821 3711 Μιχαίας

230 3720 346 3788 γάρ
372 3737 534 3792 φησιν
560 3737 574 3750 ⁸
604 3721 768 3776 «Ἰδοὺ
797 3723 991 3793 θεωρῶ
1013 3726 1106 3780 τὸν
1157 3725 1286 3781 λαὸν
1329 3727 1819 3802 διεσκορπισμένον

229 3813 296 3864 ὲν
311 3816 422 3876 τοῖς
471 3808 684 3883 ὄρεσιν,
731 3815 808 3878 ὼς
848 3816 1102 3886 πρόϐατα
1159 3820 1395 3890 ποιμένα
1441 3821 1518 3892 μὴ
1547 3823 1763 3893 ἔχοντα.
1794 3841 1814 3875 ι

227 3901 402 3972 sli-quita
427 3899 518 3958 οὖν
547 3905 623 3968 ῶς
650 3905 792 3970 ἔξεις
819 3908 947 3972 τοὺς
979 3909 1292 3980 οἰκήτορας,
1323 3910 1400 3974 ὡς
1419 3911 1657 3982 κόσμον
1697 3913 1820 3968 τινὰ

230 3989 558 4058 νυμφικόν.
583 3991 698 4044 Οὐκ
760 3993 890 4064 ἄρα,
931 3995 1087 4065 φασὶ,
1111 3996 1171 4050 τὸ
1205 3999 1558 4068 κοσμεῖσθαι
1580 4003 1822 4074 νύμφας

230 4078 541 4148 ἀπόϐλητον
599 4078 734 4152 προς
783 4085 998 4153 κίνησιν
1031 4085 1200 4140 πόθου
1232 4087 1554 4160 συνέχοντος
1583 4092 1682 4160 τὴν
1711 4093 1812 4165 τῆς

235 4171 500 4240 συζυγίας
527 4173 775 4246 ἑνότητα,
809 4173 878 4246 ἢν
901 4175 1164 4232 ἀδύνατον
1219 4179 1444 4250 ἀγάπης
1500 4187 1819 4240 συνεστάναι

233 4265 424 4334 χωρίς.

305 4355 468 4410 Ἀλλὰ
483 4357 582 4428 τὴν
607 4359 849 4430 ἱστορίαν
865 4361 1117 4430 ἀφέντες,
1135 4364 1227 4417 ἐπὶ
1245 4365 1345 4435 τὴν
1366 4365 1592 4438 πρώτην
1619 4367 1819 4440 ἐξήγη-

233 4463 321 4500 σιν
373 4449 801 4531 ἁναδρὰμωμεν.
837 4452 990 4506 Ἐπεὶ
1023 4455 1130 4525 γὰρ
1157 4456 1214 4507 ὲν
1250 4455 1444 4528 βραχεί
1491 4459 1723 4531 χρόνῳὴ
1758 4460 1817 4527 ἐξ

1921 3343 2116 3414 quibus
2151 3343 2338 3414 itaque
2361 3343 2639 3400 destructa
2664 3361 2741 3411 es,
2770 3345 2972 3416 inquit,
3023 3347 3094 3404 ab
3123 3346 3322 3405 iisdem
3341 3351 3509 3406 etiam

1921 3435 1990 3490 de
2019 3435 2132 3492 tuis
2162 3435 2363 3492 ﬁnibus
2385 3436 2626 3507 egressis
2648 3437 3060 3495 instauraberis.
3083 3438 3239 3506 Quod
3271 3441 3318 3498 si
3349 3441 3508 3497 ﬁdem

1921 3526 2118 3593 habes,
2153 3527 2273 3582 uide
2307 3527 2474 3584 etiam
2517 3529 2645 3584 illos
2665 3529 2760 3600 qui
2797 3531 2865 3585 ad
2887 3539 2941 3586 te
2965 3532 3164 3588 coituri
3185 3541 3329 3589 sunt.
3355 3533 3509 3591 Visio

1921 3617 2094 3684 enim,
2131 3625 2202 3677 ut.
2222 3619 2294 3672 ita
2319 3617 2526 3684 dicam,
2569 3621 2688 3690 ipsa
2719 3629 2806 3675 est
2843 3619 3084 3678 fidelium
3111 3624 3324 3680 auditio
3353 3627 3510 3681 Sicut

1922 3716 1977 3764 et
2012 3710 2425 3780 prophetarum.
2455 3709 2591 3764 Nam
2621 3721 2676 3766 et
2704 3709 2972 3769 Mielmas
3007 3714 3084 3768 ait
3113 3732 3128 3770 :
3167 3731 3188 3768 ι
3225 3715 3366 3772 Ecce
3409 3733 3508 3788 po-

1923 3801 2110 3871 pulum
2143 3801 2200 3856 in
2227 3801 2510 3858 montibus
2539 3802 2873 3872 dissipatum
2906 3804 3094 3874 video,
3121 3814 3384 3878 tanquam
3412 3809 3506 3880 qui

1925 3899 2157 3964 pastore
2185 3892 2510 3948 destituitur
2547 3893 2616 3948 “.
2650 3910 2668 3944 ι
2695 3891 2912 3952 incolas
2949 3895 3210 3967 deinceps
3245 3903 3506 3968 tanquam

1924 3983 2160 4040 monilia
2185 4001 2460 4057 sponsam,
2491 3969 2804 4041 habituram
2837 3987 3269 4060 significat.Non
3299 3998 3384 4047 est
3410 3993 3509 4063 lgi-

1925 4074 2036 4141 tur,
2065 4077 2243 4144 aiunt,
2273 4091 2498 4146 sponsas
2521 4079 2804 4134 omariad
2833 4080 3041 4134 amoris
3067 4079 3220 4136 illius
3235 4094 3472 4151 provoca
3495 4115 3508 4126 -

1925 4163 2152 4233 tionem,
2193 4154 2287 4239 qui
2329 4167 2573 4241 eonjugii
2602 4169 2867 4226 unitatem
2901 4182 3216 4240 conservat,
3241 4185 3364 4243 quae
3383 4174 3505 4230 sine
3571 4232 3580 4252 ε

1923 4261 2221 4317 dilectione
2265 4270 2416 4316 stare
2460 4277 2570 4316 non
2621 4269 2818 4332 potest,
2847 4261 3014 4335 535
3056 4262 3501 4334 improbandum.

1995 4349 2196 4405 Verum
2217 4393 2232 4416 ,
2249 4353 2456 4407 omissa
2477 4352 2729 4418 historia,
2751 4355 2816 4406 ad
2836 4355 3065 4424 primam
3081 4357 3504 4426 eapiicationem
3575 4388 3584 4398 -

1923 4451 2286 4497 revertamur.
2335 4441 2606 4507 Quoniam
2655 4443 2800 4498 enim
2846 4443 2996 4497 brevi
3048 4451 3313 4516 tempore,
3356 4459 3508 4531 pu\st-
3574 4447 3578 4453 ’

231 4538 404 4592 ὲθνῶν
475 4541 776 4613 Ἐκκλησία
818 4545 1073 4615 συνέστη,
1128 4548 1478 4612 πεπτωκότος
1545 4549 1640 4604 τοῦ
1686 4552 1815 4620 παρ’

1923 4547 2086 4602 quam
2125 4534 2212 4604 pia
2242 4531 2557 4588 .ludaeorum
2611 4535 2858 4590 instituta
2882 4537 3162 4592 observari
3200 4527 3504 4604 desierunt,

244 4629 518 4692 Ἰουδαίοις
563 4630 847 4695 θεοσεϐοῦς
896 4633 1338 4704 πολιτεύματος,
1397 4638 1622 4707 ὲπάγει’
1656 4639 1815 4710 Ταχὺ

231 4719 704 4790 οὶκοὸομηθιξσῃ,
735 4714 836 4793 ὑφ’
877 4721 958 4780 ὧν
1001 4728 1366 4796 καθῄρεθης.
1411 4729 1499 4793 Ὦς
1542 4727 1650 4804 γὰρ
1683 4731 1818 4786 Ἰου-

229 4813 395 4865 δαίων
449 4813 708 4885 άρχοντες
767 4819 865 4888 τῆς
908 4819 1287 4892 καθαιρέσεως
1335 4823 1504 4894 αὐτῆς
1530 4825 1818 4896 γεγόνασιν

227 4905 418 4973 αἴτιοι,
440 4905 710 4976 λέγοντεςο
743 4929 763 4963 ι
798 4911 991 4982 Ἡμεῖς
1019 4915 1242 4984 οἴδαμεν
1267 4915 1348 4968 ὃτι
1376 4917 1570 4970 Μωσεῖ
1587 4917 1824 4989 λελάλη-

225 5014 326 5051 κεν
350 4999 379 5050 ό
407 4998 560 5064 Θεὸς,
583 5002 771 5056 τοῦτον
799 5003 856 5056 δὲ
880 5005 981 5058 οὐκ
1007 5005 1232 5077 οἴδαμεν
1265 5006 1428 5061 πόθεν
1457 5009 1593 5062 ἐστίν
1623 5029 1642 5064 ι
1673 5009 1820 5064 οὕτω

229 5086 399 5140 πάλιν
430 5089 490 5156 ἐξ
518 5092 687 5164 αὐτῆς
741 5089 882 5164 ἦσαν
916 5098 964 5150 οί
991 5097 1303 5163 ἀπόστολοι,
1349 5101 1450 5171 τῆς
1497 5101 1820 5172 οἰκοδομῆς

225 5181 330 5250 τῆς
363 5183 489 5245 νέας
523 5183 673 5248 ὄντες
727 5188 958 5258 ἐργάται
979 5201 993 5218 °
1041 5189 1194 5244 αὐτοὶ
1222 5192 1280 5245 δὲ
1310 5193 1362 5245 οἱ
1382 5193 1482 5262 τὴν
1521 5194 1818 5267 Ἰουδαῖκὴν

224 5271 682 5344 ἑθελοθρησκείαν
735 5279 1134 5351 καθῃρηκότες,
1177 5279 1287 5346 οἷος
1315 5285 1342 5337 ὁ
1370 5284 1578 5347 Παῦλος
1602 5285 1776 5354 λέγων
1801 5301 1813 5316 ο

231 5379 254 5414 ι
283 5363 345 5416 Et
371 5365 480 5434 γάρ
503 5365 540 5420 ἂ
561 5367 853 5435 κατέλυσα,
913 5372 1088 5425 ταῦτα
1132 5373 1296 5428 πάλιν
1319 5410 1324 5414 -
1352 5375 1640 5446 οἰκοδομῶ.
1665 5395 1684 5428 ›
1711 5379 1812 5448 τὴν

221 5451 356 5507 νέαν
380 5453 536 5508 Σιὼν
561 5457 702 5511 κατὰ
743 5459 841 5532 τὴν
875 5462 1242 5534 εὐαγγελικὴν
1278 5469 1678 5537 συνεστήσαντο
1707 5485 1810 5522 πο-

299 5563 578 5644 διοιιυιιιι.
603 5585 713 5633 xw,
734 5569 822 5644 lii.
899 5571 946 5644 ἐξ
974 5571 1185 5644 Epiros.
1221 5590 1280 5638 ιι,
1309 5575 1404 5630 ‘20.
1479 5575 1520 5608 '“
1543 5575 1896 5644 Psal.cxvtn,
1923 5579 2008 5632 75.
2085 5579 2131 5610 "
2163 5576 2308 5632 Psal.
2331 5589 2456 5641 va,
2489 5575 2542 5632 6.

215 5632 312 5688 ιο.
389 5635 438 5668 ιε
466 5635 606 5694 Luc.
647 5632 817 5705 καθ.
895 5641 942 5676 ιο
971 5632 1044 5697 ιιι
1074 5642 1206 5716 ucg.
1254 5632 1386 5713 im,
1422 5645 1526 5712 t7;
1571 5645 1612 5700 ιι
1646 5647 1817 5702 Parui.

1922 5664 2020 5712 nu,
2071 5648 2158 5703 i6.
2233 5645 2277 5678 ⁸⁷
2309 5632 2486 5702 Galat.
2521 5663 2578 5712 tt,
2616 5647 2704 5706 18.

1923 4624 2162 4680 excitata
2209 4633 2296 4680 est
2340 4624 2581 4680 Ecclesia
2615 4641 2628 4678 :
2665 4623 2784 4680 Cito
2827 4627 3214 4698 wdi/icaberis,
3253 4647 3284 4684 α
3319 4632 3506 4702 quibus

1923 4717 2193 4772 destructa
2233 4717 2442 4788 fueras,
2489 4717 2696 4772 irttttlit.
2738 4715 2809 4772 Ut
2853 4721 3002 4774 enim
3051 4723 3152 4790 ipsi
3189 4721 3504 4778 Jmhcorum

1924 4811 2227 4882 principes,
2275 4809 2360 4865 sui
2407 4809 2510 4863 sibi
2547 4807 2700 4864 fuere
2750 4811 2947 4866 excidii
2991 4825 3266 4880 auctores,
3305 4817 3396 4886 qui
3445 4833 3507 4874 se

1924 4900 2095 4956 Deum
2143 4917 2267 4956 cum
2321 4899 2470 4956 Ilose
2509 4900 2844 4955 collocutmn
2887 4917 3014 4959 esse
3059 4906 3204 4961 scire
3241 4907 3461 4976 quidem
3490 4949 3504 4972 ,

1893 5017 1898 5023 ·
1923 4992 2204 5049 Christum
2237 5001 2420 5046 autem
2449 4991 2594 5046 unde
2620 5000 2769 5048 esset
2803 4993 3063 5064 ignorare
3092 4995 3392 5060 dixerunt;
3421 4999 3503 5052 sic

1917 5099 1984 5138 ex
2031 5084 2167 5153 ipsis
2227 5098 2450 5136 rursum
2511 5085 2789 5152 apostoli,
2845 5087 3084 5142 recentis
3127 5087 3503 5157 wdi/icationis

1919 5173 2148 5244 upitices
2177 5171 2532 5228 exstiterunt.
2581 5174 2698 5227 luto
2720 5185 2775 5228 et
2804 5174 2930 5244 ipsi,
2969 5175 3150 5231 deleta
3183 5173 3502 5231 Judaaorum

1917 5255 2324 5336 superstitionc'
2351 5265 2436 5333 (ut
2484 5262 2554 5319 de
2592 5279 2654 5319 se
2707 5265 2794 5319 his
2825 5265 3010 5320 verbis
3046 5285 3058 5319 :
3099 5285 3118 5318 ι
3169 5268 3222 5322 Si
3253 5281 3374 5334 quae
3399 5281 3504 5334 eeo

1917 5357 2188 5420 destruxi,
2217 5356 2414 5411 iterum
2443 5355 2656 5412 aditico
2683 5355 2752 5421 ",
2799 5374 2818 5408 ι
2862 5365 2994 5418 etc..
3018 5367 3254 5414 testatur
3276 5356 3502 5428 Paulus)

1921 5446 2139 5503 Sionem
2171 5453 2446 5502 recentem
2471 5462 2536 5501 ex
2559 5447 2836 5519 Evangelii
2861 5447 3138 5515 instituto,
3169 5447 3374 5504 Davide
3423 5457 3506 5505 te-

2650 5578 2698 5652 ξ’
2730 5568 2872 5634 Psal.
2906 5579 3092 5644 «31,26.
3165 5581 3214 5617 “
3244 5581 3404 5640 Joan.
3447 5601 3505 5652 κ,

1517 5734 1750 5794 VARUS
1771 5737 2176 5796 LECTIONBS.

317 5816 341 5860 ί
367 5818 458 5875 Ia’.
484 5821 547 5874 λ.
577 5819 692 5876 καί.
