3954 6308
443 293 582 358 2179

1769 287 2122 349 PROCOPII
2160 289 2404 349 GAZ/EI

3561 283 3720 348 2480

441 409 544 466 ste,
578 403 1026 462 construxerunt,
1052 397 1146 470 qui
1171 397 1456 469 principes.
1471 411 1566 454 eos
1595 411 1762 467 super
1795 412 2014 452 omnem

2143 395 2346 452 .ιτείαν.
2370 393 2505 466 Περὶ
2529 387 2604 448 ὧν
2634 410 2766 464 φησι
2803 392 2900 448 καὶ
2923 391 3114 446 Δαϐίδ·
3152 411 3172 444 ε
3195 393 3592 464 Καταστήσεις
3610 395 3714 446 αὖ-

439 505 642 547 terram
685 491 854 545 Deum
875 505 998 546 esse
1031 491 1466 545 constitutorum
1491 489 1822 543 vaticinatus
1848 496 1932 542 est
1952 487 2016 540 ⁸³.

447 583 642 637 Verum
673 591 872 651 praeter
923 581 1080 646 istos,
1115 588 1172 633 et
1206 581 1299 635 alii
1335 581 1502 637 etiam
1533 582 1894 652 sequentibus
1929 581 2016 635 in-

443 676 719 736 dicantur,
757 673 850 740 qui
889 671 1101 728 Sionem
1149 673 1372 744 quidem
1411 680 1719 736 vastarunt,
1765 674 1858 728 sed
1909 689 2020 728 non

447 768 828 822 instaurarunt
858 783 872 818 :
915 763 984 819 de
1017 765 1237 834 quibus,
1269 774 1318 818 et
1342 766 1432 834 qui
1460 773 1506 819 te
1533 765 1902 820 desolaverunt
1931 781 2020 819 ue-

446 861 584 914 nient
620 871 685 911 ex
721 864 788 918 te,
846 856 1070 925 adjecit.
1125 856 1280 922 Quod
1312 857 1476 912 etiam
1517 857 1821 912 seettndum
1851 857 2022 912 histo-

447 949 605 1011 riam,
653 957 777 1018 post
825 946 1118 1002 conﬂatam
1143 964 1174 1002 e
1207 949 1462 1019 gentibus
1500 947 1798 1004 Ecclesiam
1833 949 2024 1005 obsera

447 1046 630 1092 vatum
659 1045 774 1100 est;
807 1051 931 1091 cum
966 1037 1540 1092 sensibiIiJerusalem
1577 1036 1782 1092 Iudaeis
1832 1037 2022 1092 adem-

449 1142 561 1199 pla,
591 1130 678 1199 pia
708 1132 932 1199 quoque
965 1128 1118 1182 urbis
1147 1127 1436 1198 disciplina
1459 1128 1673 1184 sublata
1694 1137 1797 1183 est.
1823 1127 2026 1184 Deinde

448 1232 704 1290 tanquam
730 1233 937 1288 sponsa:
956 1217 1192 1286 alicujus
1218 1217 1322 1272 sibi
1355 1215 1652 1272 liberorum
1673 1215 2026 1270 multitudine

447 1312 716 1382 placentis
749 1323 1041 1382 personam
1080 1308 1314 1371 inducit,
1355 1306 1424 1362 ad
1463 1321 1695 1376 eamque
1733 1307 1808 1361 ait
1841 1325 1854 1360 :
1892 1305 2028 1361 Leva

450 1408 503 1464 in
533 1405 764 1458 circuitu
805 1401 985 1456 oculos
1013 1409 1130 1455 tuos
1165 1409 1214 1454 et
1249 1399 1365 1453 vide
1397 1415 1599 1453 omnes.
1641 1399 1729 1463 Et,
1763 1399 1890 1468 quia
1915 1414 2028 1452 om-

451 1498 606 1550 nibus
643 1494 779 1558 i’lis,
823 1502 1079 1563 tanquam
1125 1499 1434 1546 ornamento
1486 1489 1750 1545 vestieris.
1791 1489 2026 1554 Quinam

453 1595 632 1637 autem
663 1582 753 1635 isti
782 1597 959 1634 omnes
997 1587 1205 1644 essent.
1249 1587 1304 1635 et
1341 1579 1505 1641 unde.
1540 1577 2028 1648 superiusindiea-

2123 487 2246 550 τοὺς
2265 486 2534 557 ἄρχοντας
2565 485 2660 538 ἐπὶ
2686 485 2869 537 πᾶσαν
2901 485 2997 552 τὴν
3021 483 3145 553 γῆν.
3169 501 3188 534 ι
3214 483 3436 554 Ἕτεροι
3465 483 3526 536 δὲ
3555 483 3714 553 παρὰ

2123 577 2344 642 τούτους
2363 575 2650 646 δηλοῦνται
2678 574 2766 628 διὰ
2789 573 2900 628 τῶν
2932 573 3080 644 ἑξῆς,
3111 574 3163 626 οἰ
3186 572 3588 644 ἐρημώσαντες
3613 575 3712 644 μὲν

2123 669 2219 742 τὴν
2277 668 2448 734 Σιὼν,
2479 666 2539 720 οὐ
2597 666 2704 737 μὴν
2767 667 2862 719 καὶ
2909 664 3388 735 οἰκοδομήσαντες.
3438 668 3577 736 Περὶ
3637 660 3712 719 ὧν

2123 779 2276 834 φησι,
2310 761 2404 816 καὶ
2436 762 2491 814 οἱ
2511 757 2928 829 ἐρημώσαντες
2955 757 3024 811 ἐκ
3052 758 3170 812 σοῦ
3231 757 3676 822 ἐξελεύσονται
3695 773 3708 786 ·

2121 855 2151 909 ὃ
2183 855 2276 909 καὶ
2309 853 2432 908 καθ’
2483 853 2724 922 ἱστορίαν
2775 849 3031 914 ἐσώζετο,
3087 849 3228 918 μετὰ
3287 847 3387 920 τὴν
3437 847 3502 912 ἐξ
3543 847 3710 898 ἐθνῶν

2138 945 2462 1016 Ἐκκλησίαν
2483 943 2578 996 τοῦ
2607 942 2716 995 τῶν
2749 940 3020 995 Ἰουδαίων
3043 939 3233 1003 ἔθνους
3279 939 3712 1001 ὲκπεπτωκὸτος

2123 1037 2220 1104 τῆς
2245 1035 2508 1105 αἰσθητῆς
2545 1032 2923 1104 Ἰερουσαλὴμ,
2961 1031 3096 1102 πρὸς
3135 1029 3214 1100 τῷ
3259 1029 3357 1084 καὶ
3386 1028 3482 1082 τοῦ
3528 1029 3710 1082 θεοσε-

2127 1127 2253 1190 ϐοῦς
2275 1126 2666 1196 πολιτεύματος
2692 1126 2970 1178 ἐκπεσεῖν.
3002 1123 3159 1178 Μετὰ
3185 1121 3362 1176 ταῦτα
3415 1137 3708 1192 ιιιιροισιιηιτο⁹

2131 1221 2274 1272 ποιεῖ
2327 1217 2579 1288 καθάπερ
2622 1215 2748 1269 τινὰ
2798 1215 3045 1284 νύμφην
3094 1215 3189 1266 ἐπὶ
3246 1211 3445 1282 πλήθει
3503 1213 3711 1265 tum

2127 1307 2386 1377 κομῶσαν
2432 1307 2569 1377 πρὸς
2609 1308 2676 1378 ἣν
2717 1323 2916 1376 φησιν⁹
2953 1301 3139 1372 Ἀρον
3158 1305 3364 1367 κύκλῳ
3424 1303 3572 1370 τοὺς
3601 1305 3709 1372 65;-

2127 1399 2395 1468 θαλμούς
2423 1414 2560 1461 σου,
2603 1398 2702 1451 καὶ
2734 1397 2824 1450 we
2857 1397 3109 1461 πάντας.
3150 1395 3285 1460 Καὶ,
3320 1395 3446 1448 Ὅτι
3476 1394 3713 1462 πάντας

2127 1489 2368 1556 αὐτοὺς,
2410 1489 2490 1554 ὡς
2540 1488 2773 1556 κόσμον
2801 1529 2814 1554 ,
2873 1487 3124 1554 ἐνδύσῃ.
3161 1486 3325 1548 Τίνας
3365 1485 3424 1538 δὲ
3477 1485 3714 1552 πάντας

2129 1581 2224 1634 καὶ
2257 1578 2420 1632 πόθεν
2459 1577 2664 1643 ἐδίδαξε
2694 1577 2992 1650 προειπὼν·
3019 1596 3037 1628 ι
3066 1575 3200 1631 Ἰδοὺ
3240 1571 3390 1631 οὗτοι
3429 1577 3718 1648 πόρρωθεν

453 1672 565 1737 vit;
604 1687 728 1726 cum
766 1669 1013 1740 undique
1039 1687 1068 1724 a
1093 1679 1334 1740 quatuor
1365 1667 1548 1725 mundi
1571 1668 1746 1740 plagis
1776 1669 1844 1724 de
1871 1669 2031 1739 longe

2143 1673 2320 1744 ἡξουσι
2345 1671 2474 1739 περὶ
2510 1671 2619 1724 τῶν
2655 1670 2937 1740 τεσσάρων
2988 1669 3270 1739 κλιμάτων
3294 1709 3310 1734 ,
3367 1668 3543 1722 εἰπὼν
3567 1672 3592 1710 ε
3625 1671 3714 1733 οὓς

458 1774 716 1820 venturos
757 1765 913 1830 dixit,
947 1778 1086 1834 quos
1124 1778 1218 1832 per
1249 1761 1470 1830 Sponsa:
1516 1761 1722 1816 Christi
1755 1777 2032 1816 ornamen-

2143 1764 2230 1818 καὶ
2262 1767 2496 1833 κόσμον
2525 1763 2624 1834 τῆς
2669 1763 2762 1816 τοῦ
2811 1760 3048 1834 Χριστοῦ
3093 1762 3341 1832 νύμφης
3381 1762 3714 1832 Ἐκκλησίας

460 1865 568 1908 tum
605 1853 956 1924 signiﬁcavit.
993 1853 1316 1906 Animorum
1360 1851 1504 1905 enim
1545 1851 1662 1921 ipsa
1705 1852 2032 1906 ornamentis

460 1944 900 2006 commendatur,
929 1943 1247 1996 earumdem
1280 1941 1596 2004 virtutibus,
1625 1940 1897 2010 donisque
1921 1941 2032 2011 spi-

461 2035 778 2098 ritualibus,
837 2044 1094 2102 tanquam
1154 2031 1414 2102 pretiosis
1467 2031 1766 2102 lapidibus,
1793 2033 2034 2087 circum-

461 2129 685 2182 amicta.
713 2125 851 2180 llinc
879 2135 961 2180 est
990 2125 1156 2194 igitur
1182 2123 1332 2192 quod
1365 2138 1484 2178 eam
1513 2123 1716 2180 vestitu
1748 2124 2034 2188 deaurato,

458 2227 518 2274 et
549 2217 702 2272 vario
736 2216 816 2272 sic
867 2215 1053 2268 ornari
1089 2212 1373 2284 Scriptura
1419 2221 1653 2269 testatur
1681 2215 1747 2281 ⁸ο,
1797 2224 1857 2269 ut
1907 2214 2038 2268 illud

461 2325 528 2362 ex
593 2320 655 2359 ea
699 2305 929 2376 quilibet
987 2303 1194 2374 gratias
1255 2311 1480 2358 acturus
1525 2301 1685 2358 facile
1730 2311 2005 2372 usurpet:

465 2418 490 2452 ι
531 2397 772 2453 Lwtalur
815 2395 998 2449 anima
1017 2408 1136 2450 mea
1175 2395 1228 2448 in
1275 2391 1526 2448 Domino.
1561 2392 1743 2448 Induit
1771 2392 1917 2448 enim
1953 2408 2041 2447 me

461 2489 794 2544 vestimento
833 2485 1052 2550 salutis,
1103 2491 1158 2540 et
1195 2483 1383 2540 tunica
1421 2483 1645 2538 laetitiae.
1675 2481 1886 2538 Ornatu
1928 2498 2037 2548 me,

463 2590 723 2650 tanquam
753 2592 1041 2648 sponsum,
1067 2584 1121 2633 et
1151 2590 1310 2644 zona,
1334 2583 1594 2644 tanquam
1620 2588 1904 2643 sponsam,
1931 2575 2042 2629 cir-

463 2670 745 2728 cumdedit
770 2669 838 2724 ‘°.
881 2687 900 2721 ι
929 2667 1188 2745 Nonnulli
1221 2668 1387 2724 verba
1411 2667 1518 2724 ista
1543 2666 1609 2722 ad
1637 2667 1890 2732 salutem,
1923 2681 2044 2738 qua:

468 2765 660 2819 ultimo
679 2761 893 2818 tandem
913 2759 1192 2817 lsraelitas
1225 2758 1386 2831 565
1407 2765 1617 2824 manet,
1641 2773 1768 2814 cum
1799 2759 2042 2830 gentium

467 2854 752 2926 plenitudo
788 2853 1035 2923 ingressa
1069 2850 1236 2908 fuerit
1273 2851 1341 2915 σί,
1375 2849 1725 2907 referendum
1763 2850 2041 2906 arbitran-

467 2954 580 3002 tur.
817 2953 852 2996 δ

541 3039 769 3104 Deinde,
801 3038 868 3092 Et
891 3040 1099 3094 deserta
1133 3047 1227 3093 tua
1272 3040 1583 3108 angustiora
1621 3039 1800 3110 faciet,
1838 3038 2039 3110 inquit.

2135 1855 2309 1910 καλεῖ.
2353 1855 2567 1926 Ψυχαῖς
2625 1855 2734 1926 γὰρ
2753 1848 2891 1924 αὐτὴ
2930 1855 3212 1923 κοσμίαις
3239 1853 3593 1923 σεμνύνεται,
3621 1857 3716 1916 τὰς

2135 1947 2313 2002 αὐτῶν
2369 1947 2608 2020 ἀρετάς,
2668 1947 2760 2002 καὶ
2815 1947 2884 2000 τά
2951 1946 3304 2016 πνευματικὰ
3345 1945 3561 2000 τούτων
3622 1965 3715 2016 χα-

2137 2041 2377 2110 ρίσματα
2404 2082 2419 2104 ,
2463 2040 2583 2094 ἀντὶ
2613 2039 2776 2093 λίθων
2822 2039 3022 2109 τιμίων
3071 2037 3458 2110 περικειμένη.
3516 2039 3715 2110 Διόπερ

2136 2131 2305 2203 αὐτὴν
2373 2131 2652 2202 ἱματισμῷ
2721 2129 3042 2202 περιχρύσῳ
3119 2129 3216 2183 καὶ
3300 2129 3713 2199 πεποικιλμένῳ

2137 2223 2512 2294 κεκοσμῆσθαι
2561 2223 2724 2292 φησιν
2751 2224 2783 2292 ἡ
2807 2221 3002 2292 Γραφὴ
3071 2220 3146 2284 ὼς
3175 2220 3409 2274 ἕκαστον
3439 2221 3500 2286 ἐξ
3548 2222 3714 2291 αὐτῆς

2139 2314 2560 2386 εὐχαριστοῦντα
2617 2313 2796 2382 λέγειν
2843 2329 2856 2343 ·
2900 2311 3318 2380 (Ἀγαλλιάσθω
3349 2315 3382 2382 ἡ
3437 2314 3586 2384 ψυχή
3617 2332 3711 2382 μου

2138 2409 2230 2480 ἐπὶ
2273 2407 2352 2479 τῷ
2403 2407 2590 2478 Κυρίῳ
2631 2423 2644 2436 ο
2702 2405 2918 2459 ἐνέδυσε
2980 2405 3088 2476 γάρ
3145 2423 3211 2475 με
3266 2406 3484 2476 ἱμάτιον
3542 2423 3716 2475 σωτηο

2143 2499 2258 2571 ρίου
2329 2501 2425 2552 καὶ
2480 2497 2684 2568 χιτῶνα
2730 2497 3072 2567 εὐφροσύνης
3102 2512 3116 2526 ·
3175 2496 3252 2560 ὡς
3311 2498 3536 2567 νυμφίῳ
3567 2515 3714 2568 περι-

2140 2589 2304 2660 έθηκέ
2361 2606 2450 2659 μοι
2490 2587 2714 2658 κόσμον,
2755 2587 2851 2640 καὶ
2906 2587 2980 2650 ὡς
3032 2585 3217 2656 νύμφῃ
3273 2586 3574 2656 περιέθηκὲ
3631 2605 3716 2659 μοι

2145 2681 2364 2752 μίτραν.
2405 2700 2424 2734 3
2460 2680 2617 2742 Τινὲς
2647 2679 2704 2732 δὲ
2747 2679 2808 2732 τὸ
2840 2679 3013 2748 παρὸν
3063 2676 3225 2748 ῥητὸν
3263 2677 3465 2747 δηλοῦν
3514 2678 3717 2748 ἔφασαν

2141 2770 2239 2841 τὴν
2264 2771 2350 2824 ἐπ’
2384 2771 2615 2842 ἐσχάτου
2669 2770 2778 2824 τῶν
2823 2768 2882 2834 ἐξ
2929 2768 3141 2838 Ἰσραὴλ
3194 2771 3495 2840 σωτηρίαν,
3539 2769 3618 2824 ὅτ’
3654 2771 3714 2823 ἂν

2141 2861 2202 2916 τὸ
2227 2860 2498 2932 πλήρωμα
2526 2860 2634 2914 τῶν
2659 2858 2828 2914 ἐθνῶν
2846 2859 3084 2930 εἰσέλθῃ.

2216 3036 2349 3098 Εἷτά
2371 3059 2522 3113 φησι,
2571 3043 2684 3096 Καὶ
2717 3042 2790 3098 τὰ
2849 3040 3037 3111 ἔρημά
3083 3053 3199 3096 σου
3242 3040 3713 3110 στενοχωρήσει.

470 3125 567 3184 Est
593 3129 736 3184 enim
781 3129 836 3182 in
877 3129 1335 3184 circumcisorum
1379 3129 1558 3184 locum
1619 3128 1740 3199 ipsa
1792 3129 2038 3200 gentium

2156 3132 2302 3186 Ἀντὶ
2475 3132 2582 3185 τῶν
2615 3134 2680 3186 ὲκ
2717 3110 3051 3203 περιτομῆς,
3085 3131 3145 3184 τὸ
3169 3131 3278 3184 τῶν
3312 3129 3485 3184 ἐθνῶν
3513 3133 3719 3186 ἀντεισ-

470 3220 620 3276 intro
653 3219 896 3275 admissa
942 3219 1276 3275 multitudo:
1311 3233 1412 3288 pro
1460 3219 1684 3289 quibus,
1735 3218 1823 3288 qui
1863 3227 1915 3272 te
1947 3217 2044 3270 ab-

473 3311 772 3374 sorbebant,
802 3312 952 3381 longe
987 3310 1348 3380 fugabuntur;
1377 3310 1500 3365 falsi
1525 3310 1784 3364 nimirum
1811 3309 2046 3380 prophe-

471 3412 562 3466 tae,
624 3411 676 3454 et
741 3401 912 3459 duces
976 3399 1184 3470 populi,
1231 3416 1372 3471 quos
1429 3400 1590 3471 pleno
1635 3414 1733 3455 ore
1784 3401 2044 3471 populum

476 3509 638 3549 suum
687 3491 989 3548 absorbere
1025 3493 1468 3561 conquerebatur
1518 3491 1804 3547 Dominus.
1847 3491 2047 3546 Locum

475 3582 676 3638 deinde
707 3581 968 3638 Ecclesia;
1015 3583 1360 3652 ampliorem,
1410 3590 1634 3654 propter
1679 3581 2045 3654 frequentiam

475 3683 530 3730 et
559 3673 795 3744 copiam,
833 3672 1176 3744 postulantes
1225 3674 1386 3742 ﬁlios,
1425 3675 1520 3744 qui
1567 3682 1696 3732 ante
1745 3675 2044 3746 perierant,

479 3764 653 3818 facit:
689 3763 944 3832 indeque,
990 3780 1122 3835 quos
1173 3765 1473 3833 perdidisti;
1529 3766 1752 3836 adjecit,
1809 3780 2046 3836 quorum

477 3872 696 3914 rursum
727 3857 1094 3928 frequentiam
1138 3859 1428 3926 demirata,
1483 3859 1796 3916 Judreorum
1844 3861 2050 3916 orbita-

477 3959 586 4004 tem
627 3949 898 4020 agnoscit,
953 3965 1106 4020 seque
1143 3950 1255 4004 sine
1315 3951 1516 4016 liberis,
1566 3960 1617 4005 et
1674 3950 1887 4005 uiduam
1937 3967 2050 4006 esse

479 4040 790 4096 conﬁtetur.
830 4039 988 4107 Quod
1019 4041 1066 4096 si
1097 4041 1166 4098 de
1213 4043 1468 4112 gentibus
1525 4041 1873 4114 intelligitur,
1936 4049 2050 4098 sta-

479 4140 618 4197 tum,
654 4133 710 4188 in
743 4148 853 4204 quo
907 4139 1120 4196 essent,
1169 4133 1492 4202 priusquam
1552 4141 1899 4196 vocarentur,
1959 4130 2053 4186 de-

479 4231 754 4277 monstret
777 4236 1006 4277 necesse
1048 4231 1165 4276 est..
1199 4219 1294 4276 Est
1325 4235 1459 4274 vero
1488 4219 1603 4283 isti,
1637 4218 1784 4289 quod
1821 4219 1932 4284 hic,
1965 4217 2052 4287 fac

405 4349 422 4380 ,μ
480 4313 610 4366 mihi
640 4314 834 4375 locum,
889 4311 1174 4375 habemus,
1212 4311 1360 4365 aliud
1394 4327 1503 4365 non
1537 4311 1925 4381 incongruum,
1958 4309 2051 4366 ubi

408 4390 411 4393 ’
481 4404 723 4474 legitur:
759 4421 776 4454 ι
817 4402 992 4457 Dilata
1035 4403 1216 4457 locum
1262 4401 1601 4456 tabernaculi
1639 4403 1739 4468 tui,
1771 4402 2052 4472 pellesque

485 4495 840 4549 tentoriorum
888 4500 1108 4546 tuorum
1170 4491 1286 4562 ﬁge.
1337 4491 1414 4547 Ne
1455 4506 1688 4562 parcas;
1748 4493 1929 4547 adhuc
1983 4492 2051 4548 ad

483 4585 731 4640 dextram
763 4593 817 4638 et
847 4583 1036 4639 laevam
1087 4583 1318 4640 extende
1363 4583 1435 4638 ⁸¹.
1486 4601 1507 4636 ι
1543 4583 1691 4639 istud
1745 4591 1926 4638 autem
1971 4584 2055 4639 vel

485 4677 604 4742 ipsa
630 4674 851 4729 Mosaici
882 4674 1222 4730 tabernaculi
1277 4675 1599 4748 magnitudo
1641 4674 2058 4746 amplitudoque

487 4767 810 4823 iudicarint.
836 4767 1040 4824 Verum
1076 4769 1356 4826 enimvero
1376 4771 1493 4841 quis
1535 4770 1635 4825 sibi
1669 4771 1798 4825 istos
1821 4770 2054 4842 genuerit

483 4861 772 4932 quaerenti,
817 4861 950 4917 ﬁdes
982 4861 1038 4915 in
1068 4860 1310 4928 Christo,
1359 4861 1610 4932 Deusque
1658 4863 1776 4932 ipse
1819 4875 2054 4932 respon-

483 4952 722 5007 dendum
753 4961 858 5018 est,
891 4952 981 5022 qui
1026 4953 1188 5008 etiam
1228 4953 1528 5024 postulanti
1558 4954 1851 5024 respondet
1880 4969 1894 5008 :
1927 4951 2062 5006 Ecce

483 5045 621 5100 efevo
647 5059 805 5113 super
839 5053 1018 5116 gentes
1045 5061 1262 5099 manum
1289 5056 1481 5110 meam,
1511 5051 1566 5099 et
1603 5058 1726 5113 qua:
1755 5043 2017 5114 deinceps
2043 5059 2059 5112 ;

487 5135 561 5188 ita
593 5135 866 5203 videlicet,
899 5134 1045 5190 unde
1077 5136 1126 5190 ei
1147 5135 1390 5204 ﬁliorum
1420 5143 1469 5188 et
1501 5133 1740 5202 ﬁliarum
1765 5133 2062 5188 multitudo

487 5233 714 5280 ventura
744 5226 836 5290 sit,
869 5225 1290 5290 demonstrans;
1323 5239 1612 5294 manusque
1642 5222 1906 5280 vocabulo
1948 5223 2058 5278 vir-

493 5324 664 5372 tutem
695 5324 940 5392 suamet
970 5315 1297 5388 potentiam,
1331 5315 1610 5370 Christum
1651 5314 1932 5378 nimirum,
1976 5313 2050 5368 si-

583 5471 606 5502 '
631 5470 778 5525 Psal.
820 5485 966 5535 xuv,
998 5469 1087 5524 17.
1161 5469 1207 5502 ⁸⁹
1237 5469 1367 5524 ibid.
1407 5469 1491 5525 10.
1569 5469 1614 5502 ⁶⁰
1657 5469 1756 5526 Isa.
1794 5484 1905 5534 ut,
1941 5468 2026 5523 10.

2143 5472 2146 5499 ‘»
2179 5467 2337 5523 Rom.
2384 5485 2456 5532 χι,
2495 5470 2586 5526 25.

2085 4445 2128 4501 D

2145 3223 2430 3294 ενήνεκται
2463 3221 2686 3293 πλῆθος.
2730 3221 2870 3275 Ἀνθ’
2899 3215 2974 3275 ὧν
3002 3237 3166 3292 φησιν
3186 3237 3200 3251 °
3241 3224 3306 3276 υἱ
3357 3223 3717 3275 καταπίνω·-

2145 3314 2244 3378 τές
2259 3329 2353 3378 σε,
2368 3311 2902 3384 μακρυγθήσονται
2926 3329 2942 3344 ·
2962 3312 3412 3384 ψευδοπροφῆται
3437 3313 3714 3382 δηλονότι,

2147 3407 2241 3460 καὶ
2270 3389 2576 3476 καθηγηταί
2602 3405 2696 3457 τοῦ
2728 3403 2882 3470 λαοῦ,
2909 3421 2974 3458 πε
2985 3405 3038 3474 pi.
3061 3397 3134 3459 ὧν
3156 3404 3361 3473 ἐλεγενο
3399 3405 3462 3458 Oi
3490 3405 3720 3459 καταπί-

2147 3513 2330 3560 νοντες
2355 3495 2448 3548 τὸν
2475 3494 2604 3550 λαόν
2629 3512 2730 3566 μου
2753 3495 2858 3567 ὅλῳ
2875 3496 2952 3566 τῷ
2975 3497 3222 3567 στόματι.
3249 3491 3385 3550 Εἶτα
3410 3497 3537 3562 τοὺς
3561 3499 3721 3564 υἱοὺς

2145 3590 2245 3658 τῆς
2285 3586 2611 3658 Ἐκκλησίας
2640 3587 2850 3655 εἰσάγει
2873 3591 3050 3642 τόκον
3075 3587 3360 3650 αἰτοῦντας
3391 3587 3481 3641 διὰ
3504 3589 3565 3642 τὺ
3588 3589 3720 3657 πλῆ-

2149 3680 2238 3743 θος
2265 3677 2621 3748 πλατύτερον,
2651 3679 2848 3742 οἵτινες
2888 3674 3026 3750 ἦσαν
3053 3679 3110 3732 ὲν
3143 3677 3391 3749 ἀπωλείᾳ
3428 3679 3493 3732 τὸ
3535 3680 3724 3749 πρότε-

2153 3785 2264 3840 ρον.
2292 3768 2454 3823 Ὅθεν
2479 3771 2644 3840 φησὶν
2673 3769 2780 3835 οὓς
2806 3769 3149 3835 ἀπώλεσας,
3173 3764 3249 3823 ὧν
3276 3769 3337 3822 τὸ
3359 3768 3570 3840 πλῆθος
3597 3771 3725 3824 θαυο

2152 3858 2420 3929 μάζουσα,
2469 3857 2566 3928 τὴν
2599 3859 2666 3912 ὲκ
2715 3858 2826 3912 τῶν
2893 3859 3161 3913 Ἰουδαίων
3191 3858 3446 3913 ἀτεκνίαν
3477 3859 3727 3928 ὁμολογεί

2149 3949 2416 4018 λέγουσα·
2464 3949 2612 4020 Ἐγὼ
2648 3949 2718 4004 δὲ
2744 3951 2996 4018 ἄτεκνος
3030 3954 3127 4006 καὶ
3177 3952 3354 4022 χήρα.
3400 3952 3464 4004 Εἰ
3509 3951 3569 4004 δὲ
3603 3952 3728 4021 περὶ

2149 4042 2258 4096 τῶν
2280 4041 2450 4096 ἐθνῶν
2476 4045 2668 4110 νοοῖτο,
2716 4041 2870 4112 δηλοῖ
2901 4042 2998 4114 τὴν
3051 4044 3328 4114 προτέραν
3379 4043 3562 4096 αὐτῶν
3600 4042 3726 4112 πρίν

2152 4133 2418 4204 κληθῆναι
2451 4133 2808 4188 κατάστασιν.
2854 4135 3154 4204 Σύμφωνον
3208 4134 3266 4187 δὲ
3319 4133 3419 4203 τῷ,
3471 4135 3730 4200 ποίησόν

2147 4241 2249 4294 μοι
2265 4225 2456 4279 τόπον
2472 4262 2488 4289 ,
2509 4223 2570 4278 τδ
2603 4243 2622 4276 ι
2639 4223 2916 4278 Πλάτυνον
2946 4227 3038 4278 τὸν
3057 4225 3222 4278 τόπον
3247 4227 3347 4295 τῆς
3378 4225 3588 4293 σκηνῆς
3613 4241 3724 4276 σου.

2153 4315 2264 4368 Καὶ
2292 4313 2414 4387 [τὰς
2439 4313 2640 4386 δέρεις]
2673 4315 2782 4368 τῶν
2815 4302 3054 4370 αὐλαίων
3078 4333 3174 4369 σου
3206 4314 3399 4384 πῆξον.
3429 4314 3524 4385 Μὴ
3548 4317 3725 4384 φεισῇ,

2155 4404 2236 4458 ἔτι
2263 4406 2350 4468 εἰς
2385 4404 2456 4458 τὰ
2482 4405 2652 4472 δεξιὰ,
2707 4406 2800 4459 καὶ
2831 4407 2911 4470 εἰς
2941 4405 3012 4460 τὰ
3049 4405 3318 4478 ἀριστερά
3351 4405 3674 4459 ὲκπέτασον.
3702 4423 3722 4455 s

2155 4494 2328 4548 Τοῦτο
2351 4495 2408 4548 δὲ
2437 4495 2532 4548 καὶ
2559 4495 2659 4565 τῆς
2690 4494 2841 4566 παρὰ
2873 4497 3066 4550 Μωσεῖ
3103 4497 3308 4566 σκηνῆς
3351 4493 3422 4548 τά
3459 4497 3610 4564 μήκη
3637 4493 3726 4545 καὶ

2155 4589 2332 4661 πλάτη
2355 4589 2524 4659 δηλοῖ,
2545 4589 2792 4661 Λεγούσῃ
2808 4589 2888 4656 δὲ,
2907 4591 3002 4656 Τις
3023 4588 3318 4660 ἐγέννησέ
3326 4605 3430 4659 μοι
3447 4589 3726 4651 τούτους-ς

2154 4681 2374 4736 λεκτέον
2396 4698 2410 4712 ·
2459 4681 2524 4735 Ἡ
2554 4681 2743 4746 πίστις
2776 4683 2809 4753 ἡ
2835 4683 2892 4735 ὲν
2920 4681 3166 4753 Χριστῷ,
3193 4681 3357 4744 αὐτός
3378 4698 3436 4734 τε
3455 4679 3609 4742 Θεός.
3639 4682 3728 4741 Ὃς

2155 4775 2250 4828 καὶ
2299 4772 2680 4846 πυνθανομένῇ
2729 4772 2928 4843 φησίνο
2982 4764 3139 4828 ἰδοὺ
3189 4771 3334 4841 αἴρω
3364 4775 3449 4839 εἰς
3490 4770 3563 4826 τὰ
3590 4772 3728 4836 ἔθνη

2156 4863 2272 4932 τὴν
2303 4863 2469 4933 χεῷἁ
2483 4881 2624 4934 μου,
2658 4865 2752 4918 καὶ
2779 4862 2848 4917 τὰ
2881 4863 3008 4933 ἑξῆς
3027 4879 3040 4893 ·
3083 4862 3258 4932 δηλῶν
3286 4864 3452 4916 πόθεν
3482 4859 3732 4934 ἤξειτῶν

2158 4953 2304 5008 υἱῶν
2321 4953 2479 5024 αὐτῇ
2508 4956 2606 5008 καὶ
2637 4953 2980 5025 θυγατέρων
2997 4953 3059 5008 τὸ
3090 4953 3315 5024 πλῆθος,
3353 4951 3523 5021 χεῖρα
3552 4950 3731 5005 καλῶν

2158 5043 2257 5114 τὴν
2298 5043 2436 5098 ἰδίαν
2467 5043 2620 5114 ἰσχύν
2649 5059 2710 5096 τε
2746 5043 2844 5096 καὶ
2871 5041 3124 5110 δύναμιν,
3155 5041 3245 5095 τὸν
3275 5041 3534 5112 Χριστὸν,
3557 5040 3617 5103 ὃς
3647 5038 3732 5093 διὰ

2158 5133 2266 5186 τῶν
2299 5131 2594 5200 θαυμάτων
2642 5131 2835 5200 γέγονε
2879 5132 2988 5194 τοῖς
3023 5129 3234 5186 ἔθνεσιν
3267 5129 3494 5201 ὑψηλὸς,
3529 5129 3620 5182 καὶ
3645 5129 3730 5181 διὰ

2159 5223 2257 5291 τῆς
2299 5221 2676 5286 ἀναστάσεως.
2710 5221 2958 5291 Νήσους
2984 5220 3042 5276 δὲ
3071 5221 3174 5285 τὰς
3221 5220 3364 5275 κατὰ
3403 5219 3569 5292 μέρος
3611 5220 3729 5272 Ἐκ-

2165 5311 2418 5384 κλησίας,
2441 5311 2500 5378 ἐξ
2519 5306 2592 5367 ὧν
2629 5314 2663 5384 ἡ
2708 5311 2802 5384 μία
2826 5313 2920 5367 καὶ
2955 5311 3214 5384 καθολικὴ
3236 5308 3532 5378 πανταχοῦ.
3580 5309 3728 5364 Σύσ-

2665 5470 2708 5501 ⁸³
2734 5469 2836 5524 lsa.
2877 5485 2986 5538 Liv,
3010 5471 3062 5525 ἓ.

1791 5585 2021 5652 VARle
2051 5585 2452 5641 LECTIONIGS.

561 5682 592 5726 ⁸
621 5682 726 5750 ἀφ.
757 5681 817 5733 τὸ
841 5679 1032 5732 εἰπών.
