3954 6308
1453 189 1483 200 -,

215 321 366 386 2481

1327 322 1852 384 COMMENTARI]
1898 323 1978 384 IN
2021 323 2304 384 ISAIAM.

3336 307 3476 372 2482

215 447 432 502 σημον
462 431 541 492 δὲ,
571 429 626 482 τὸ
652 428 782 500 περὶ¹
808 426 901 480 τοῦ
931 427 1161 500 σταυροῦ
1198 429 1293 482 καὶ
1326 431 1424 499 τῆς
1465 431 1809 496 ἀναστάσεως

1928 432 2200 504 ςιιὶίίειιηε,
2237 431 2331 501 qui
2380 445 2408 484 a
2444 430 2697 500 gentibus
2731 427 2886 498 ipsis,
2926 431 3144 496 propter
3179 421 3478 476 adniirahi~

220 525 517 594 κήρυγμα.
568 519 716 574 Ἀντὶ
753 519 810 573 δὲ
856 519 950 574 τοῦ
1007 519 1076 574 ἐν
1123 521 1349 586 κόλπῳ,
1407 521 1478 576 ἐν
1514 523 1807 592 ἀγκάλαις

219 617 500 682 ἐξέδωκαν
519 613 570 668 oi
599 611 800 666 λοιποί.
832 611 990 674 Τίνες
1028 610 1086 665 δὲ
1129 611 1287 666 τοῦτο
1331 613 1678 685 ποιήσουσιν;
1713 615 1810 684 δῆ-

219 708 322 764 λον
345 707 420 772 ὡς
445 703 742 760 ἀπόστολοί
763 719 843 769 τε,
871 703 967 757 καὶ
994 703 1046 756 οἱ
1073 704 1170 774 τῆς
1205 704 1529 776 Ἐκκλησίας
1559 705 1813 760 διδάσκα-

218 801 332 866 λοι,
359 793 450 852 οἷα
479 795 709 868 νηπίους
738 792 1212 865 χειραγωγοῦντες
1247 795 1371 856 τοὺς
1396 795 1720 866 προσιόντας
1743 797 1810 867 τῇ

221 890 436 954 πίστει,
465 880 548 950 οἷς
576 884 732 964 ἔλεγε
747 883 840 938 καὶ
863 881 1077 949 Παῦλος
1100 901 1114 914 ο
1149 903 1167 936 ι
1189 883 1335 938 Γάλα
1358 885 1502 954 ὑμᾶς
1530 885 1773 940 ἐπότισα.
1788 905 1806 937 ι

222 981 341 1033 Καὶ
394 977 588 1032 πάλινο
631 994 652 1028 ι
695 973 896 1028 Τεκνία
952 991 1076 1046 μου,
1109 973 1204 1038 οὓς
1227 975 1392 1030 πάλιν
1425 975 1620 1030 ὠδίνω.
1659 995 1678 1030 ι
1705 977 1816 1029 Καὶ

226 1072 432 1125 πάλιν·
471 1088 491 1121 ι
535 1069 624 1133 Ὧς
661 1068 727 1122 ἂν
769 1066 966 1139 τροφὸς
997 1065 1178 1136 θάλπη
1225 1066 1294 1120 τὰ
1329 1067 1529 1136 ἑαυτῆς
1571 1067 1758 1132 τέκνα,
1791 1086 1810 1118 ι

223 1159 405 1222 οὕτως
425 1157 762 1229 ίμειρόμενοι
793 1155 946 1226 ὑμῶν
970 1155 1302 1228 εὐδοκοῦμεν
1330 1155 1652 1226 μεταδοῦναι
1683 1156 1813 1227 ὑμῖν

221 1251 293 1304 οὐ
324 1249 486 1321 μόνον
511 1248 571 1302 τὸ
594 1247 926 1316 Εὑαγγέλιον
962 1245 1323 1318 τοῦίΧριστοῦ
1345 1285 1360 1312 ,
1405 1245 1543 1301 ἀλλὰ
1597 1247 1692 1300 καὶ
1720 1248 1818 1311 τὰς

228 1341 445 1396 ὲαυτῶν
468 1341 644 1412 ψυχάς
671 1358 685 1372 ·
717 1341 806 1395 ὅτε
835 1340 931 1395 καὶ
955 1340 1065 1395 τῶν
1088 1340 1423 1412 προσιόντων
1447 1339 1576 1394 ἐϐόα
1599 1340 1660 1394 τὸ
1689 1339 1818 1410 πλῆ-

231 1431 328 1495 θος
351 1449 366 1464 ·
427 1449 446 1482 ι
482 1428 647 1482 Δεῦτε
671 1469 687 1494 ,
743 1428 1034 1500 ἀναδῶμεν
1059 1429 1140 1492 είς
1193 1429 1253 1482 τὸ
1277 1424 1412 1502 βρος
1451 1427 1546 1482 τοῦ
1575 1429 1782 1499 Κυρίου
1801 1470 1816 1494 ,

232 1521 333 1574 καὶ
361 1521 441 1584 είς
464 1520 552 1573 τὸν
587 1517 734 1572 οἷκον
763 1518 857 1573 τοῦ
882 1517 1018 1572 Θεοῦ
1069 1519 1288 1586 Ἰακὼϐ,
1321 1537 1340 1571 ι
1375 1520 1472 1572 καὶ
1499 1518 1569 1572 τὰ
1596 1519 1815 1590 ἐφεξῆς.

1915 523 1986 578 lia
2009 538 2196 592 opera,
2223 532 2276 578 et
2308 520 2800 580 resurrectionem.
2842 518 3091 573 excelsus
3121 515 3342 570 habitus
3375 523 3484 569 est.

1915 614 2226 669 [nautarum
2252 627 2414 684 porro
2431 611 2669 677 nomine,
2691 610 2966 666 Ecclesias
2993 609 3304 679 singulares
3325 607 3483 662 intel-

1915 705 2055 775 ligit,
2105 720 2170 760 ex
2223 703 2428 774 quibus
2491 717 2598 757 una
2654 709 2739 758 est
2798 700 3023 769 ubique,
3079 705 3134 754 et
3193 696 3482 752 catholica.

1917 795 2141 868 Signum
2181 795 2379 851 deinde
2403 795 2519 862 ipsa
2547 791 2713 848 fuerit
2742 789 2927 845 crucis
2967 798 3022 844 et
3061 785 3486 844 resurrectionis

1915 885 2304 957 promulgatio.
2340 883 2445 940 Sed
2475 883 2563 939 ubi
2617 883 2674 936 in
2702 882 2844 945 sinu,
2903 879 3200 943 habemus,
3243 877 3299 930 in
3345 876 3486 929 ulnis

1916 979 2006 1034 alii
2053 977 2480 1033 transtulerunt.
2532 959 2762 1040 Verum,
2810 972 3032 1044 quinam
3091 971 3164 1033 ii,
3217 969 3310 1038 qui
3356 969 3486 1022 illud

1917 1068 2215 1140 praestituri
2255 1068 2422 1124 sunt?
2457 1065 2704 1137 Apostoli
2759 1063 2947 1135 procul
2976 1061 3184 1140 dubio,
3215 1067 3268 1114 et
3303 1058 3489 1114 Eccle-

1919 1135 2014 1216 size
2049 1159 2316 1230 magistri,
2377 1157 2470 1228 qui
2507 1135 2596 1212 ad
2649 1155 2809 1210 fidem
2851 1135 3176 1208 accedentes
3210 1148 3486 1220 parvulos,

1920 1261 2176 1320 tanquam
2209 1264 2393 1314 manu,
2423 1247 2724 1303 ductabant
2757 1265 2769 1300 :
2799 1245 2988 1316 quales
3028 1243 3103 1298 illi
3135 1241 3486 1299 exstiterunt,

1919 1345 1984 1400 ad
2021 1359 2156 1412 quos
2185 1351 2238 1396 et
2270 1340 2421 1396 Pauli
2450 1340 2540 1396 illa
2569 1345 2696 1394 sunt
2729 1356 2743 1392 :
2786 1355 2805 1389 ι
2849 1337 2956 1391 Lac
2985 1333 3142 1390 vobis
3170 1340 3358 1401 potum
3390 1330 3486 1384 dc-

1918 1432 1972 1486 di
2006 1432 2069 1485 ⁶³.
2109 1449 2126 1482 ι
2164 1431 2222 1483 Et
2261 1444 2480 1484 rursum
2510 1445 2523 1480 :
2560 1445 2578 1477 ι
2629 1425 2750 1480 Filii
2783 1425 2912 1489 mei,
2945 1439 3086 1492 quos
3115 1436 3333 1478 rursum
3369 1434 3491 1489 pars

1922 1524 2065 1579 turio
2094 1523 2158 1578 ⁸⁸.
2200 1540 2219 1574 ι
2251 1521 2422 1577 Item:
2455 1537 2474 1571 ι
2511 1517 2795 1590 Tanquam
2824 1517 2986 1588 566
3011 1517 3056 1571 si
3090 1513 3278 1570 nutrix
3314 1512 3492 1566 ἴονθοι

232 1611 401 1680 Δηλοῖ
434 1611 490 1665 δὲ
511 1609 592 1672 τὺ,
637 1609 707 1663 ἐν
753 1609 1028 1675 κόλποις,
1061 1610 1157 1664 κα)⁴
1184 1606 1280 1662 ἐπ’
1329 1608 1522 1678 ὤμων,
1559 1609 1618 1662 τὸ
1650 1609 1819 1681 χωρὶς

1928 1614 2065 1670 lilios
2103 1605 2233 1670 suos
2271 1631 2284 1664 :
2321 1612 2402 1667 sic
2433 1609 2631 1667 aﬂ‘ectu
2671 1611 2726 1664 in
2764 1625 2860 1664 vos
2893 1607 3145 1678 propensi
3177 1602 3492 1659 volebamus
3563 1658 3569 1670 η

237 1701 484 1781 ἱδρῶτος,
520 1700 614 1754 τοῦ
639 1696 774 1752 Θεοῦ
801 1699 900 1768 τὴν
925 1699 1044 1752 ὁδὸν
1071 1699 1518 1763 κατευθύνοντος,
1553 1699 1692 1752 κατὰ
1721 1699 1782 1752 τὸ
1800 1741 1814 1765 ,

1928 1703 2078 1757 vobis
2142 1700 2362 1756 tradere
2437 1716 2547 1755 non
2607 1699 2782 1755 solum
2845 1697 3194 1766 Evangelium
3251 1682 3490 1756 Christi,

243 1811 261 1844 ι
309 1789 456 1855 Ὁδὸς
510 1789 750 1843 εὐσεϐῶν
795 1790 978 1844 εὐθεῖα
1011 1791 1250 1858 ἐγένετο.
1301 1810 1320 1842 ι
1371 1791 1482 1844 Καὶ
1523 1791 1596 1852 ὡς
1634 1792 1697 1844 ὲκ
1722 1788 1816 1844 τοῦ

1928 1793 2020 1850 sed
2052 1793 2268 1848 animas
2301 1792 2464 1848 etiun
2496 1799 2717 1848 nostras
2770 1790 2852 1856 ης
2887 1765 3020 1857 quo;
3044 1797 3286 1856 tempore
3329 1779 3494 1835 nimi-

237 1881 555 1936 Βαπτιστοῦ
611 1882 669 1934 δὲ
703 1882 921 1950 ὲλέγετο
969 1882 1049 1950 τὸ,
1095 1902 1112 1933 ι
1165 1881 1520 1954 Ἑτοιμάσατε
1573 1881 1671 1952 τὴν
1699 1883 1816 1936 όδὸν

1928 1899 2043 1939 rum
2075 1893 2128 1939 et
2183 1883 2300 1953 ipsa
2345 1899 2468 1952 qua:
2515 1881 2810 1938 accedebat
2842 1876 3176 1933 multitudo:
3225 1893 3243 1926 ι
3278 1871 3490 1934 Venite.

238 1972 470 2044 Κυρίου,
505 1991 523 2024 ι
562 1972 748 2026 καὶτὰ
780 1973 1042 2042 ἑπόμενα.

1928 1973 2289 2030 ascendamus
2342 1973 2409 2028 ad
2469 1981 2708 2026 montem
2783 1968 2991 2026 Domini
3043 1977 3097 2022 et
3149 1965 3216 2020 ad
3273 1963 3492 2018 domum

237 2061 336 2116 Dei
369 2061 538 2118 Jacob
594 2063 672 2125 ",
733 2081 750 2114 ι
791 2072 1094 2130 ραιιρνιιιιυο
1132 2059 1413 2131 deinceps,
1447 2061 1800 2117 inclamabat.
1845 2061 2130 2134 Signiﬁcat
2178 2077 2310 2118 vero
2361 2062 2536 2134 quod_
2561 2063 2618 2114 in
2662 2061 2782 2115 sinu
2817 2071 2862 2114 et
2899 2059 2953 2114 iu
3018 2057 3246 2112 humeris
3329 2052 3496 2108 hahe-

237 2162 334 2210 tur
360 2155 410 2210 id
443 2157 560 2212 sine
597 2156 819 2218 sudore,
855 2155 963 2210 Deo
1002 2155 1142 2209 viam
1177 2155 1470 2225 dirigenle,
1525 2156 1768 2210 futurum
1800 2175 1814 2210 :
1851 2125 2008 2227 juvxta
2045 2155 2180 2210 illud
2245 2125 2568 2226 prophetae“:
2651 2173 2673 2206 ι
2721 2153 2924 2208 Semita
2969 2149 3186 2222 piorum
3239 2154 3384 2201 recta
3418 2143 3498 2198 ia-

239 2259 330 2306 cta
357 2257 440 2304 est
471 2251 534 2302 °".
577 2268 596 2302 ι
631 2248 700 2302 Et
728 2247 1040 2318 Baptistm,¢
1081 2246 1276 2301 Parnte
1305 2247 1446 2302 viam
1473 2247 1726 2314 Domino,
1781 2256 1964 2305 rectas
1998 2247 2160 2304 facite
2187 2248 2412 2304 semitas
2443 2246 2564 2318 ejus
2595 2247 2661 2300 ⁸⁸.
2706 2264 2726 2299 ι

315 2339 428 2411 Τὴν
457 2340 514 2392 δὲ
533 2337 700 2409 τιμὴν
729 2338 834 2392 τῶν
869 2337 1077 2392 πιστῶν
1114 2337 1214 2408 τὴν
1243 2339 1324 2402 είς
1361 2337 1530 2409 ἄκρον
1563 2338 1715 2409 δηλοῖ
1739 2340 1822 2406 τὸ,

251 2431 534 2499 Τιθηνοὺς
556 2430 736 2498 λέγειν
759 2429 1068 2496 βασιλεῖς,
1095 2429 1194 2482 καὶ
1223 2430 1333 2494 τὰς
1366 2429 1674 2498 ἀρχούσας
1700 2446 1828 2498 τρο-

242 2521 540 2592 φοὺς,τὴν
571 2521 830 2574 ἀνωτάτω
878 2519 1072 2590 δηλοῦν
1119 2520 1170 2587 ll,
1222 2519 1314 2572 καὶ
1349 2518 1448 2582 τὰς
1497 2519 1615 2573 κατ’
1651 2518 1826 2584 ἔθνος.

255 2609 458 2684 Ἀρχὰς
513 2610 748 2680 τροφῶν
787 2607 942 2682 δίκην
973 2609 1499 2680 ὲξυπηρετουμένων
1537 2611 1554 2650 ί
1591 2612 1704 2674 τοῖς
1739 2611 1828 2663 ὲν-

242 2703 390 2759 asta
415 2705 516 2774 τῆς
553 2701 876 2772 Ἐκκλησίας
905 2701 992 2756 διὰ
1012 2700 1442 2772 τῶνλδιδομένων
1480 2701 1825 2774 σιτηρεσίων.

243 2797 360 2854 Καὶ
396 2796 571 2861 ἄλλως
597 2795 674 2861 δὲ,
717 2795 951 2870 ήπολλὴ
1009 2795 1311 2869 κηδεμονία.
1360 2793 1516 2862 δόξαν
1569 2796 1835 2867 τροφέων

246 2889 606 2960 παρίστησιν,
635 2888 684 2941 οἳ
719 2888 812 2942 καὶ
837 2888 1112 2952 κλίνοντες
1141 2889 1200 2942 ὲν
1244 2883 1541 2958 Ἐκκλησία
1574 2887 1726 2956 γόνυ,
1757 2886 1832 2957 τῇ

245 2979 416 3051 γῆςτὸ
469 2979 719 3048 μέτωπον
772 2979 1205 3050 προσερείδουσι,
1256 2978 1350 3033 καὶ
1400 2979 1507 3034 τὸν
1539 2979 1716 3048 χοῦν,
1760 2978 1836 3044 ὡς

247 3072 449 3136 εἰπεῖν,
497 3070 748 3141 ἐκλαχεῖν
805 3067 820 3120 i
863 3069 950 3124 διὰ
985 3070 1170 3124 πίστιν
1207 3069 1522 3134 ποθοῦντες.
1557 3069 1744 3124 Ταῦτα
1777 3071 1834 3125 δὲ

249 3161 391 3231 πρὸς
418 3161 518 3232 τὴν
546 3161 868 3231 βασίλισσαν
897 3161 996 3232 τὴν
1017 3163 1081 3215 ὲκ
1106 3161 1297 3226 δεξιῶν
1313 3161 1536 3233 Χριστῷ
1562 3179 1832 3233 παριστα-

1999 2341 2076 2396 Εο
2100 2340 2219 2411 ipso
2247 2340 2446 2396 deinde
2479 2353 2752 2395 summum
2799 2336 2916 2392 fore
2948 2332 3202 2390 ﬁdelibus
3236 2331 3501 2386 honorem

1928 2433 2288 2498 demonstrat,
2331 2431 2478 2502 quod
2505 2445 2696 2488 eorum
2723 2429 2972 2484 nutritum
3015 2443 3180 2501 reges,
3213 2435 3263 2481 et
3296 2425 3499 2496 reginas

1930 2525 2160 2578 nutrices
2188 2521 2308 2578 fore
2337 2520 2633 2592 significat.
2667 2520 2780 2577 lmo
2807 2530 2862 2576 et
2891 2521 3009 2592 ipsa
3046 2517 3293 2588 gentium
3331 2515 3502 2583 impe-

1930 2615 2033 2680 ria,
2094 2613 2371 2670 demensis
2422 2615 2478 2668 in
2535 2625 2822 2684 pauperes,
2929 2609 3272 2664 nutritiorum
3324 2617 3508 2668 more,

1932 2705 2268 2773 distributis,
2304 2704 2565 2761 Ecclesia:
2595 2703 2994 2760 subservitura.
3044 2699 3192 2754 Alias
3237 2703 3416 2751 autem
3449 2704 3505 2748 ct

1928 2799 2048 2870 ipsa
2073 2797 2370 2855 vehemens
2413 2793 2752 2860 sollicitudo,
2781 2787 3278 2870 nutritiisgloriam
3313 2785 3504 2840 conci-
3557 2851 3564 2858 ι

1928 2862 2060 2954 liat;
2095 2887 2188 2958 qui
2219 2903 2358 2958 genu
2395 2885 2536 2943 ﬂexo
2568 2885 2624 2941 in
2650 2883 2896 2941 Ecclesia
2927 2862 3083 2939 terra:
3114 2881 3349 2936 frontem
3383 2878 3502 2932 alli-

1929 2981 2086 3046 dunt,
2110 2979 2373 3050 pulverem
2407 2978 2610 3050 ipsum,
2649 2985 2710 3033 ut
2746 2978 2822 3032 ita
2859 2977 3062 3038 dicam,
3087 2983 3307 3046 propter
3336 2970 3496 3026 ﬁdem

1929 3075 2210 3146 delingere
2241 3074 2562 3144 gestientes.
2597 3072 2772 3142 Atque
2809 3071 2921 3126 haec
2952 3069 3176 3140 quidem
3205 3067 3320 3137 ipsa
3349 3073 3499 3126 sunt,

1930 3180 2050 3235 quae
2078 3165 2280 3251 reginae
2329 3163 2546 3220 Christo
2573 3165 2638 3219 ad
2679 3162 2962 3218 dexteram
3039 3159 3241 3219 astanti
3291 3158 3504 3251 psalmp

250 3253 424 3324 μένην
452 3253 480 3304 ό
512 3251 946 3320 τεσσαρακοστὸς
975 3251 1237 3322 τέταρτος
1281 3250 1430 3320 λέγει
1481 3251 1716 3322 ψαλμὸς,
1765 3253 1825 3324 ἥν

1937 3247 2356 3330 quadragesimo
2389 3264 2587 3326 quarto
2643 3255 2983 3320 tribuuntur,
3026 3267 3188 3324 quam
3239 3251 3403 3306 etiam
3439 3247 3506 3302 de

247 3343 348 3398 καὶ
386 3341 447 3408 ἐξ
475 3341 788 3411 ἀλλοφύλων
845 3337 1012 3396 οὖσαν
1057 3343 1226 3414 δηλοῖ.
1271 3345 1472 3416 Ὅμοια
1519 3345 1577 3399 δὲ
1630 3345 1724 3398 καὶ
1748 3347 1828 3410 εἰς

249 3433 419 3489 αὑτὸν
440 3432 530 3487 τόν
548 3433 819 3498 βασιλέα
849 3435 878 3487 ό
903 3433 1305 3504 ἐδδομηκοστδς
1337 3436 1572 3507 πρῶτος.
1622 3436 1830 3491 Οὐκοῦν

251 3523 384 3594 περὶ
416 3523 514 3594 τῆς
558 3519 890 3593 Ἐκκλησίας
923 3523 1022 3594 τῆς
1059 3525 1115 3576 ὲν
1148 3523 1394 3596 Χριστῷ,
1449 3525 1516 3579 τὰ
1563 3526 1833 3598 λεγόμενα

251 3613 394 3684 πρὸς
410 3614 512 3682 τὴν
538 3611 918 3684 Ἰερουσαλὴμ,
942 3613 976 3684 ἥ
1001 3613 1100 3683 τὴν
1129 3613 1289 3678 δόξαν
1316 3614 1429 3686 ἔχει
1450 3615 1544 3669 τοῦ
1571 3615 1828 3688 Χριστοῦ.

252 3703 476 3758 Τούτων
498 3702 576 3766 δὲ,
599 3705 753 3773 φησὶ,
772 3703 1134 3774 γιγνομὲνων,
1158 3705 1362 3777 γνώσῃ
1377 3705 1465 3760 ὅτι
1483 3707 1599 3776 ἐγὼ
1618 3709 1856 3779 Κύριος,

253 3795 358 3851 καὶ
379 3797 492 3848 οὐκ
507 3793 1028 3861 αὶσχυνθήσονται
1045 3797 1099 3848 οὶ
1119 3793 1526 3864 ὑπομένοντάς
1537 3815 1632 3866 με.
1656 3797 1834 3851 Καλὸν

251 3888 365 3956 γὰρ
397 3885 472 3957 μὴ
502 3885 904 3952 ἀπογινώσκειν
930 3885 1029 3956 τὴν
1064 3885 1257 3939 ἐλπίδα
1285 3885 1388 3956 πρὸ
1414 3887 1511 3958 τῆς
1529 3887 1635 3940 τῶν
1659 3887 1836 3960 ἔργων

254 3977 558 4040 ἐκϐάσεως.
591 3971 725 4030 Εἶτα
755 3975 1021 4042 διδάσκει,
1049 3977 1171 4032 τίνα
1207 3976 1408 4049 τρόπον
1441 3977 1509 4032 τὰ
1547 3979 1652 4032 ὑπὸ
1677 3981 1838 4052 χεῖρα

253 4067 354 4122 τοῦ
381 4067 630 4132 διαϐόλου
668 4069 934 4140 πρότερον
959 4068 1086 4140 ἔθνη
1118 4069 1469 4141 ἠλευθερώθη
1501 4071 1588 4126 διὰ
1615 4073 1714 4142 τῆς
1741 4071 1836 4127 τοῦ

1932 3351 2361 3423 alienigenarum
2395 3363 2624 3405 numero
2667 3363 2792 3404 esse
2831 3345 3124 3418 signiﬁcat.
3163 3341 3348 3414 Neque
3377 3356 3507 3395 vero

1931 3440 2225 3498 dissimilia
2255 3439 2480 3504 fuerint,
2514 3453 2634 3511 qua:
2677 3439 2732 3492 in
2777 3451 2946 3508 regem
2981 3435 3161 3506 ipsum
3215 3441 3508 3499 septuage-

1933 3531 2072 3587 simo
2093 3531 2268 3602 primo
2299 3530 2569 3602 leguntur.
2603 3528 2744 3585 Sunt
2783 3528 2950 3600 igitur
2991 3541 3112 3597 qua:
3151 3523 3220 3579 de
3252 3521 3510 3576 llieroso~

1933 3623 2096 3696 lymis
2135 3623 2414 3690 dicuntur,
2461 3623 2527 3679 de
2553 3621 2759 3678 Christi
2795 3620 3065 3682 Ecclesia,
3103 3617 3353 3686 ejusdem
3388 3615 3508 3684 glo-
3563 3643 3568 3648 -

1936 3715 2072 3770 riam
2105 3715 2358 3782 habente,
2410 3712 2790 3784 intelligenda.
2830 3711 2963 3776 Quae
3015 3724 3137 3764 cum
3183 3706 3506 3766 acciderint,

1933 3807 2136 3878 inquit,
2184 3807 2468 3878 intelliges,
2497 3806 2624 3876 quia
2679 3819 2769 3874 ego
2817 3801 3103 3864 Dominus;
3149 3808 3194 3866 et
3237 3814 3340 3851 non
3387 3813 3508 3850 con-

1935 3895 2226 3968 fundantur
2257 3898 2348 3968 qui
2379 3903 2682 3964 exspectant
2737 3908 2836 3948 me.
2913 3891 3018 3947 Est‘
3065 3888 3212 3944 enim
3265 3887 3506 3950 virtutis,

1936 4002 2086 4058 spem
2135 4001 2244 4042 non
2299 3987 2452 4056 prius
2486 3985 2746 4056 abjicere,
2803 3997 2965 4053 quam
3010 3980 3218 4037 exitum
3262 3993 3354 4032 res
3383 3977 3511 4044 ipsa:

1937 4080 2259 4136 sortiantur.
2327 4077 2492 4132 Docet
2544 4083 2729 4147 postea
2785 4069 3247 4144 quemadmodum
3299 4075 3510 4139 gentes,

256 4161 514 4232 Σωτῆρος
540 4161 840 4232 δυνάμεως.
883 4163 948 4215 ’Ὁ
970 4161 1060 4216 διὰ
1087 4162 1184 4233 τῆς
1213 4163 1527 4234 παραϐολῆς
1573 4163 1825 4234 ἐδήλωσει

1939 4185 2062 4240 qua:
2091 4169 2195 4223 sub
2241 4168 2442 4224 diaboli
2487 4173 2758 4238 potestate
2797 4165 2959 4236 prius.
2983 4161 3272 4232 degebant,
3320 4159 3511 4214 Salva-

255 4253 285 4306 ὁ
316 4252 554 4322 Χριστός
575 4269 590 4284 ο
627 4271 646 4304 ι
684 4253 830 4317 Πῶς,
871 4252 1070 4322 λέγων,
1097 4253 1320 4307 δύναταί
1342 4271 1427 4318 τις
1457 4253 1718 4309 εἰσελθεῖν
1759 4257 1825 4320 εἰς

1940 4257 2075 4312 toris
2110 4256 2314 4323 virtute
2363 4257 2415 4311 in
2481 4256 2784 4311 libertatein
2845 4258 3071 4308 assertae
3139 4251 3250 4304 sint
3311 4247 3512 4316 :quod

255 4343 358 4414 τὴν
399 4343 577 4396 οἰκίαν
601 4343 694 4396 τοῦ
727 4343 973 4418 ἰσχυροῦ,
1008 4346 1102 4398 καὶ
1129 4345 1198 4398 τὰ
1229 4344 1398 4416 σκεύη
1423 4344 1590 4398 αὐτοῦ
1619 4343 1825 4416 διαρπάι

1940 4339 2104 4404 etiam
2145 4349 2200 4403 in
2257 4347 2518 4420 parabola
2571 4345 2824 4401 Christus
2881 4343 3000 4412 ipse
3048 4339 3329 4400 iudicavit,
3382 4351 3510 4391 cum

261 4449 377 4495 σαι,
419 4433 514 4486 ἐὰν
540 4435 613 4505 μὴ
644 4435 859 4504 πρῶτον
888 4435 1024 4507 δήσῃ
1051 4435 1143 4490 τὸν
1184 4437 1436 4507 ίσχυρόν;
1475 4455 1492 4488 ι
1526 4437 1638 4490 Καὶ
1667 4435 1761 4489 νῦν
1783 4436 1825 4490 δι

1942 4443 2062 4497 ait:
2114 4461 2133 4494 ι
2169 4440 2272 4508 Qui
2302 4447 2480 4512 potest
2513 4438 2638 4510 quis
2682 4437 2907 4492 domum
2963 4433 3124 4489 fortis
3182 4429 3414 4503 ingredi,
3460 4435 3514 4483 et

259 4537 418 4590 φησι,
451 4521 544 4592 Μή
577 4537 632 4574 τι
664 4521 744 4593 τῷ
769 4523 984 4593 τυχόντι
1019 4523 1242 4578 δυνατὸν
1293 4523 1445 4596 παρὰ
1468 4525 1560 4578 τοῦ
1593 4523 1825 4578 διαδόλοι

1944 4533 2336 4606 supellectilem
2371 4532 2490 4603 eius
2537 4531 2796 4600 diripere,
2849 4527 2954 4584 nisi
3010 4525 3205 4580 fortem
3253 4523 3408 4594 prius
3461 4523 3512 4574 in

257 4611 465 4666 σκῦλα
501 4611 738 4679 λαϐεἷν;
775 4612 834 4668 δν
872 4613 1098 4668 ἐκάλεσε
1135 4615 1385 4686 γίγαντα
1406 4631 1420 4645 ο
1447 4615 1552 4670 κᾶν
1585 4617 1825 4687 ἐπιχειρῖ

1943 4599 2177 4678 vinculis
2206 4599 2460 4676 habuerit
2489 4617 2572 4672 '9?
2594 4634 2624 4668 ι.
2652 4599 2769 4672 iam
2810 4631 2962 4683 vero,
2995 4617 3235 4670 etiamne
3267 4611 3510 4675 cuilibet,

257 4703 318 4758 δέ
343 4719 429 4766 τις
459 4703 616 4757 τοῦτο
646 4703 891 4772 δικαίως
945 4705 1135 4772 ποιῶν,
1189 4707 1296 4778 ἄρα
1329 4706 1506 4771 ἀθῶος
1529 4709 1825 4778 γενήσεται

1940 4713 2039 4780 ait,
2095 4721 2406 4783 promptum
2443 4718 2550 4774 est,
2608 4708 2848 4776 diabolo,
2883 4721 3045 4778 quem
3101 4721 3199 4776 per
3249 4705 3516 4776 giqantem

261 4795 360 4850 καὶ
386 4797 449 4849 οὐ
477 4797 774 4868 κρατηθεὶς
797 4799 1138 4852 κινδυνεύσει
1157 4817 1174 4866 ;
1195 4799 1317 4854 ἀντὶ
1337 4799 1446 4871 γὰρ
1475 4799 1567 4853 τοῦ
1597 4799 1838 4866 ἀδίκως,

260 4887 321 4940 τὸ
367 4885 656 4957 Ἐσραῖκδν
681 4887 922 4956 δικαίως
953 4889 1090 4962 ἔχει.
1123 4891 1342 4944 Δίκαιον
1393 4891 1492 4961 μὲν
1518 4891 1626 4965 γάρ
1682 4890 1825 4945 τοῦτι

1928 4895 2074 4965 juste
2109 4902 2378 4960 conetur,
2417 4893 2682 4950 evadetne
2735 4892 2960 4956 illaesus,
3012 4905 3190 4960 neque
3245 4888 3423 4944 victus
3465 4889 3517 4942 in

269 4979 459 5032 ποιεῖν.
503 4978 666 5034 Ἀλλὰ
688 4980 773 5044 τίς
801 4981 1058 5036 τοσοῦτόν
1086 4983 1202 5036 ἐστι
1241 4983 1500 5048 δυνατός;
1552 4982 1825 5054 ἄνθρωπος

1935 4985 2178 5056 periculo
2235 4985 2582 5042 versabitur?
2627 4983 2784 5040 Iuste
2834 4984 3000 5044 enim,
3031 4997 3134 5052 pro
3174 4979 3392 5050 injuste,
3420 4981 3520 5034 ha-

262 5068 366 5140 μὲν
394 5061 588 5135 οὐδείς.
622 5073 810 5136 Ὅπως
836 5073 894 5126 δὲ
919 5075 980 5128 τὸ
1009 5075 1162 5148 παρὰ
1203 5073 1512 5145 ἀνθρώποις
1558 5074 1825 5143 ἀδύνατον1

1947 5079 2036 5135 bet
2069 5077 2332 5133 Hebraica
2361 5077 2564 5144 lectio;
2588 5077 2718 5148 quia
2751 5076 2967 5147 justum
2997 5073 3158 5146 567
3184 5073 3256 5127 sit
3285 5070 3338 5126 id
3375 5071 3514 5126 ﬁeri.

257 5161 342 5232 τῷ
363 5162 483 5232 Θεῷ
511 5163 735 5219 δυνατὸν
753 5167 1026 5239 ἐπιφέρει.
1068 5169 1130 5221 Ei
1174 5168 1230 5221 δὲ
1257 5167 1476 5234 ἀδίκως
1513 5166 1666 5238 ςέχει,
1697 5167 1825 5222 κατᾶ

1948 5169 2050 5224 Sed
2079 5169 2206 5239 quis
2243 5175 2438 5239 potens
2469 5167 2606 5224 adeo
2636 5167 2894 5224 futurus?
2922 5167 3086 5220 homo
3116 5171 3266 5219 certe
3310 5161 3516 5217 nullus.

257 5255 386 5317 τοὺς
444 5255 847 5327 Ἐὄδομήκοντα
875 5299 890 5326 ,
931 5261 994 5314 τὸ
1039 5259 1224 5330 ῥητὸν,
1264 5259 1398 5331 περὶ
1441 5257 1534 5312 τοῦ
1591 5259 1825 5314 διαϐάλοι

1945 5260 2034 5326 Αι,
2063 5258 2159 5330 qui
2193 5260 2338 5330 quod
2375 5259 2690 5317 hominibus
2721 5257 2894 5322 nefas,
2934 5255 3042 5312 Deo
3074 5253 3177 5326 ipsi
3210 5262 3518 5324 promptum

259 5347 418 5416 φησὶ,
452 5347 630 5419 δηλῶν
664 5351 740 5413 ὡς
767 5349 968 5415 ἀδίκως
1006 5351 1350 5423 ἐπιπηδήσας
1393 5354 1509 5417 τοῖς
1552 5351 1825 5423 ἠδικηκόσι

1947 5351 2038 5416 sit,
2075 5351 2339 5422 suggerit.
2368 5350 2464 5408 Sin
2495 5360 2700 5418 autem,
2763 5359 2822 5406 ut
2871 5350 3076 5406 habent
3135 5345 3516 5418 Septuaginta,

336 5456 382 5490 ⁸³
413 5457 432 5511 Ι
477 5457 602 5513 Cor.
637 5475 721 5524 ιιι,
749 5463 807 5517 2.
883 5461 928 5494 ⁸⁸
951 5461 1130 5516 Galat.
1167 5477 1240 5528 ιν,
1277 5460 1367 5519 l9.
1445 5463 1490 5494 ⁸⁵
1519 5462 1535 5516 1
1569 5461 1764 5516 Thess.
1787 5475 1824 5515 ιι

261 5528 309 5561 ⁸⁸
339 5527 508 5582 Math.
537 5543 612 5583 xu
642 5569 658 5597 ,
698 5530 788 5585 ‘29.

1928 5499 1938 5515 .
2049 5463 2092 5495 “
2117 5463 2220 5518 lsa.
2258 5478 2320 5529 ιι,
2354 5464 2406 5520 5.
2484 5464 2529 5498 ⁸⁷
2561 5464 2663 5521 lsa.
2704 5480 2856 5534 xxvi,
2889 5464 2945 5534 ’4.
3019 5463 3065 5496 ⁸⁸
3095 5459 3287 5519 Matth.
3338 5476 3420 5525 tu,
3453 5461 3515 5517 3.

523 5665 528 5669 .
1538 5620 1773 5676 νΑιιιίΕ
1815 5617 2220 5678 LECTIONES.

334 5704 486 5778 διὶφ.
521 5709 619 5780 τὴν
651 5709 910 5766 ἀνωτάτω
937 5709 1150 5781 δηλοῦν.
1256 5713 1272 5752 ί
1308 5727 1399 5780 γρ.
1428 5711 1956 5782 ἐξυπηρετουμένσς.
2036 5721 2049 5762 ι
2085 5727 2177 5781 γρ.
2209 5711 2490 5784 ὲκλείχειιι

1937 4803 2286 4874 signiﬁcavit,
2323 4803 2492 4872 spolia
2513 4800 2918 4872 eripere?Quod
2959 4799 3003 4856 si
3029 4799 3156 4869 quis
3202 4797 3306 4852 hoc
3338 4799 3516 4868 ipsum
3603 4839 3612 4847 .
