  <div class='ocr_page' id='page_1' title='image "/cluster/home/n/w/nwhite01/storage/ocr_20150623/87 pars.2/pst.000005712908/482.png"; bbox 0 0 3980 6306; ppageno 0'>
   <div class='ocr_carea' id='block_1_1' title="bbox 1387 209 1671 223">
    <p class='ocr_par' dir='ltr' id='par_1_1' title="bbox 1387 209 1671 223">
     <span class='ocr_line' id='line_1_1' title="bbox 1387 209 1671 223; baseline -0.011 0"><span class='ocrx_word' id='word_1_1' title='bbox 1387 211 1419 223; x_wconf 68' lang='grc' dir='ltr'><strong><em>ο</em></strong></span> <span class='ocrx_word' id='word_1_2' title='bbox 1606 209 1651 221; x_wconf 59' lang='grc' dir='ltr'><strong><em>Ἀ</em></strong></span> <span class='ocrx_word' id='word_1_3' title='bbox 1668 216 1671 217; x_wconf 49' lang='grc' dir='ltr'><em>ν</em></span> 
     </span>
    </p>
   </div>
   <div class='ocr_carea' id='block_1_2' title="bbox 201 330 329 394">
    <p class='ocr_par' dir='ltr' id='par_1_2' title="bbox 201 330 329 394">
     <span class='ocr_line' id='line_1_2' title="bbox 201 330 329 394; baseline 0 -1"><span class='ocrx_word' id='word_1_4' title='bbox 201 330 329 394; x_wconf 72' lang='grc'><strong>2485</strong></span> 
     </span>
    </p>
   </div>
   <div class='ocr_carea' id='block_1_3' title="bbox 1267 334 2244 402">
    <p class='ocr_par' dir='ltr' id='par_1_3' title="bbox 1267 334 2244 402">
     <span class='ocr_line' id='line_1_3' title="bbox 1267 334 2244 402; baseline 0.006 -7"><span class='ocrx_word' id='word_1_5' title='bbox 1267 334 1794 397; x_wconf 77' lang='lat' dir='ltr'><strong>COMMENTARII</strong></span> <span class='ocrx_word' id='word_1_6' title='bbox 1840 336 1923 398; x_wconf 79' lang='grc' dir='ltr'><strong>ΙΝ</strong></span> <span class='ocrx_word' id='word_1_7' title='bbox 1957 337 2244 402; x_wconf 75' lang='grc' dir='ltr'><strong>ΙΞΑΙΑΜ.</strong></span> 
     </span>
    </p>
   </div>
   <div class='ocr_carea' id='block_1_4' title="bbox 3300 343 3444 406">
    <p class='ocr_par' dir='ltr' id='par_1_4' title="bbox 3300 343 3444 406">
     <span class='ocr_line' id='line_1_4' title="bbox 3300 343 3444 406; baseline 0.007 -1"><span class='ocrx_word' id='word_1_8' title='bbox 3300 343 3444 406; x_wconf 60' lang='grc'><strong>2486</strong></span> 
     </span>
    </p>
   </div>
   <div class='ocr_carea' id='block_1_5' title="bbox 190 438 1765 525">
    <p class='ocr_par' dir='ltr' id='par_1_5' title="bbox 190 438 1755 515">
     <span class='ocr_line' id='line_1_5' title="bbox 190 438 1755 515; baseline 0.001 -18"><span class='ocrx_word' id='word_1_9' title='bbox 190 459 290 497; x_wconf 82' lang='grc' dir='ltr'><strong>κον</strong></span> <span class='ocrx_word' id='word_1_10' title='bbox 316 438 603 510; x_wconf 75' lang='grc' dir='ltr'>ὑπομένων</span> <span class='ocrx_word' id='word_1_11' title='bbox 627 441 1067 510; x_wconf 74' lang='grc' dir='ltr'>αἰχμαλωσίαν,</span> <span class='ocrx_word' id='word_1_12' title='bbox 1107 443 1321 513; x_wconf 83' lang='grc' dir='ltr'>ἀναιρεῖ</span> <span class='ocrx_word' id='word_1_13' title='bbox 1357 444 1414 497; x_wconf 79' lang='grc' dir='ltr'>δὲ</span> <span class='ocrx_word' id='word_1_14' title='bbox 1455 446 1547 499; x_wconf 74' lang='grc' dir='ltr'><strong>τὸν</strong></span> <span class='ocrx_word' id='word_1_15' title='bbox 1577 447 1755 515; x_wconf 73' lang='grc' dir='ltr'>ἐγχει-</span> 
     </span>
    </p>
   </div>
   <div class='ocr_carea' id='block_1_6' title="bbox 1870 438 3442 525">
    <p class='ocr_par' dir='ltr' id='par_1_6' title="bbox 1870 447 3442 525">
     <span class='ocr_line' id='line_1_6' title="bbox 1870 447 3442 525; baseline 0.006 -24"><span class='ocrx_word' id='word_1_16' title='bbox 1870 450 2094 517; x_wconf 76' lang='lat' dir='ltr'><strong>captivos</strong></span> <span class='ocrx_word' id='word_1_17' title='bbox 2114 466 2224 505; x_wconf 82' lang='lat' dir='ltr'><strong>esse</strong></span> <span class='ocrx_word' id='word_1_18' title='bbox 2244 449 2605 505; x_wconf 89' lang='lat' dir='ltr'><strong>demonstrat.</strong></span> <span class='ocrx_word' id='word_1_19' title='bbox 2634 447 3119 525; x_wconf 67' lang='lat' dir='ltr'><strong>Quemadmodum,</strong></span> <span class='ocrx_word' id='word_1_20' title='bbox 3141 452 3315 511; x_wconf 74' lang='lat' dir='ltr'><strong>euim-</strong></span> <span class='ocrx_word' id='word_1_21' title='bbox 3349 473 3442 511; x_wconf 83' lang='lat' dir='ltr'><strong>eo-</strong></span> 
     </span>
    </p>
   </div>
   <div class='ocr_carea' id='block_1_7' title="bbox 194 532 1754 605">
    <p class='ocr_par' dir='ltr' id='par_1_7' title="bbox 194 532 1754 605">
     <span class='ocr_line' id='line_1_7' title="bbox 194 532 1754 605; baseline 0.003 -19"><span class='ocrx_word' id='word_1_22' title='bbox 194 537 416 605; x_wconf 75' lang='grc' dir='ltr'>ρήσαντα</span> <span class='ocrx_word' id='word_1_23' title='bbox 436 548 449 562; x_wconf 86' lang='lat'><strong>&#39;</strong></span> <span class='ocrx_word' id='word_1_24' title='bbox 480 532 657 596; x_wconf 83' lang='grc' dir='ltr'>οὕτως</span> <span class='ocrx_word' id='word_1_25' title='bbox 678 532 789 586; x_wconf 70' lang='grc' dir='ltr'><strong>ὀὑκ</strong></span> <span class='ocrx_word' id='word_1_26' title='bbox 840 533 970 602; x_wconf 77' lang='grc' dir='ltr'>ἐνῆν</span> <span class='ocrx_word' id='word_1_27' title='bbox 998 532 1130 603; x_wconf 76' lang='grc' dir='ltr'>ἐμοῦ</span> <span class='ocrx_word' id='word_1_28' title='bbox 1162 536 1236 605; x_wconf 80' lang='grc' dir='ltr'><strong>μὴ</strong></span> <span class='ocrx_word' id='word_1_29' title='bbox 1260 534 1608 605; x_wconf 80' lang='grc' dir='ltr'><strong>θελήσαντος,</strong></span> <span class='ocrx_word' id='word_1_30' title='bbox 1628 537 1754 601; x_wconf 85' lang='grc' dir='ltr'>τοὺς</span> 
     </span>
    </p>
   </div>
   <div class='ocr_carea' id='block_1_8' title="bbox 190 624 1752 698">
    <p class='ocr_par' dir='ltr' id='par_1_8' title="bbox 190 624 1752 698">
     <span class='ocr_line' id='line_1_8' title="bbox 190 624 1752 698; baseline 0.001 -19"><span class='ocrx_word' id='word_1_31' title='bbox 190 625 430 688; x_wconf 84' lang='grc' dir='ltr'>λαϐόντας</span> <span class='ocrx_word' id='word_1_32' title='bbox 453 624 594 695; x_wconf 64' lang='grc' dir='ltr'><strong>ὑμόἱ,Ι</strong></span> <span class='ocrx_word' id='word_1_33' title='bbox 620 624 1004 695; x_wconf 78' lang='grc' dir='ltr'><strong>αἰχμαλώτους</strong></span> <span class='ocrx_word' id='word_1_34' title='bbox 1027 624 1187 687; x_wconf 75' lang='grc' dir='ltr'>ἑλεῖν,</span> <span class='ocrx_word' id='word_1_35' title='bbox 1226 628 1275 681; x_wconf 86' lang='grc' dir='ltr'><strong>εί</strong></span> <span class='ocrx_word' id='word_1_36' title='bbox 1303 626 1378 698; x_wconf 85' lang='grc' dir='ltr'>μὴ</span> <span class='ocrx_word' id='word_1_37' title='bbox 1401 629 1523 680; x_wconf 87' lang='grc' dir='ltr'>καθ’</span> <span class='ocrx_word' id='word_1_38' title='bbox 1540 627 1752 683; x_wconf 80' lang='grc' dir='ltr'><strong>ἑαυτῶν</strong></span> 
     </span>
    </p>
   </div>
   <div class='ocr_carea' id='block_1_9' title="bbox 191 715 1750 790">
    <p class='ocr_par' dir='ltr' id='par_1_9' title="bbox 191 715 1750 790">
     <span class='ocr_line' id='line_1_9' title="bbox 191 715 1750 790; baseline 0.002 -21"><span class='ocrx_word' id='word_1_39' title='bbox 191 716 557 787; x_wconf 66' lang='grc' dir='ltr'>ἡμαρτηκότες</span> <span class='ocrx_word' id='word_1_40' title='bbox 603 715 702 785; x_wconf 84' lang='grc' dir='ltr'><strong>τὴν</strong></span> <span class='ocrx_word' id='word_1_41' title='bbox 748 715 931 769; x_wconf 75' lang='grc' dir='ltr'>αἰτίαν</span> <span class='ocrx_word' id='word_1_42' title='bbox 986 716 1274 787; x_wconf 76' lang='grc' dir='ltr'><strong>παρέχετε.</strong></span> <span class='ocrx_word' id='word_1_43' title='bbox 1328 719 1476 787; x_wconf 83' lang='grc' dir='ltr'>Πλὴν</span> <span class='ocrx_word' id='word_1_44' title='bbox 1512 718 1750 790; x_wconf 78' lang='grc' dir='ltr'>ἐλεήσας</span> 
     </span>
    </p>
   </div>
   <div class='ocr_carea' id='block_1_10' title="bbox 193 806 1750 880">
    <p class='ocr_par' dir='ltr' id='par_1_10' title="bbox 193 806 1750 880">
     <span class='ocr_line' id='line_1_10' title="bbox 193 806 1750 880; baseline 0.001 -19"><span class='ocrx_word' id='word_1_45' title='bbox 193 810 321 880; x_wconf 80' lang='grc' dir='ltr'>ὑμᾶς</span> <span class='ocrx_word' id='word_1_46' title='bbox 347 809 443 877; x_wconf 84' lang='grc' dir='ltr'><strong>μὲν</strong></span> <span class='ocrx_word' id='word_1_47' title='bbox 476 806 820 872; x_wconf 81' lang='grc' dir='ltr'>ἁνακαλέσω,</span> <span class='ocrx_word' id='word_1_48' title='bbox 853 806 1094 870; x_wconf 77' lang='grc' dir='ltr'>ἐκείνους</span> <span class='ocrx_word' id='word_1_49' title='bbox 1139 806 1196 859; x_wconf 82' lang='grc' dir='ltr'>δὲ</span> <span class='ocrx_word' id='word_1_50' title='bbox 1237 810 1625 879; x_wconf 83' lang='grc' dir='ltr'>τιμωρήσομαι</span> <span class='ocrx_word' id='word_1_51' title='bbox 1650 808 1750 880; x_wconf 80' lang='grc' dir='ltr'>τὴν</span> 
     </span>
    </p>
   </div>
   <div class='ocr_carea' id='block_1_11' title="bbox 192 900 1751 972">
    <p class='ocr_par' dir='ltr' id='par_1_11' title="bbox 192 900 1751 972">
     <span class='ocr_line' id='line_1_11' title="bbox 192 900 1751 972; baseline -0.001 -15"><span class='ocrx_word' id='word_1_52' title='bbox 192 904 303 957; x_wconf 74' lang='grc' dir='ltr'>καθ’</span> <span class='ocrx_word' id='word_1_53' title='bbox 348 902 501 972; x_wconf 84' lang='grc' dir='ltr'>ὑμῶν</span> <span class='ocrx_word' id='word_1_54' title='bbox 538 901 912 964; x_wconf 73' lang='grc' dir='ltr'>ὲπιτείναντας</span> <span class='ocrx_word' id='word_1_55' title='bbox 969 900 1218 954; x_wconf 71' lang='grc' dir='ltr'>κόλασιψ</span> <span class='ocrx_word' id='word_1_56' title='bbox 1247 901 1340 954; x_wconf 76' lang='grc' dir='ltr'><strong>καὶ</strong></span> <span class='ocrx_word' id='word_1_57' title='bbox 1372 900 1617 969; x_wconf 81' lang='grc' dir='ltr'><strong>σαρκῶν</strong></span> <span class='ocrx_word' id='word_1_58' title='bbox 1642 902 1751 955; x_wconf 84' lang='grc' dir='ltr'>τῶν</span> 
     </span>
    </p>
   </div>
   <div class='ocr_carea' id='block_1_12' title="bbox 140 991 1749 1062">
    <p class='ocr_par' dir='ltr' id='par_1_12' title="bbox 140 991 1749 1062">
     <span class='ocr_line' id='line_1_12' title="bbox 140 991 1749 1062; baseline -0.002 -13"><span class='ocrx_word' id='word_1_59' title='bbox 140 1009 143 1014; x_wconf 88' lang='grc'>·</span> <span class='ocrx_word' id='word_1_60' title='bbox 195 995 326 1049; x_wconf 79' lang='grc' dir='ltr'>ἰδίων</span> <span class='ocrx_word' id='word_1_61' title='bbox 376 993 708 1061; x_wconf 79' lang='grc' dir='ltr'>γευσάμενοι</span> <span class='ocrx_word' id='word_1_62' title='bbox 762 991 1063 1060; x_wconf 81' lang='grc' dir='ltr'>γνώσονται</span> <span class='ocrx_word' id='word_1_63' title='bbox 1106 992 1199 1044; x_wconf 65' lang='grc' dir='ltr'>τὸν</span> <span class='ocrx_word' id='word_1_64' title='bbox 1236 992 1563 1062; x_wconf 81' lang='grc' dir='ltr'>ποιήσαντα,</span> <span class='ocrx_word' id='word_1_65' title='bbox 1606 992 1749 1046; x_wconf 84' lang='grc' dir='ltr'>καθὰ</span> 
     </span>
    </p>
   </div>
   <div class='ocr_carea' id='block_1_13' title="bbox 192 1081 1751 1152">
    <p class='ocr_par' dir='ltr' id='par_1_13' title="bbox 192 1081 1751 1152">
     <span class='ocr_line' id='line_1_13' title="bbox 192 1081 1751 1152; baseline -0.002 -13"><span class='ocrx_word' id='word_1_66' title='bbox 192 1087 276 1139; x_wconf 78' lang='grc' dir='ltr'>καὶ</span> <span class='ocrx_word' id='word_1_67' title='bbox 299 1083 760 1152; x_wconf 79' lang='grc' dir='ltr'>Ναϐουχοδονόσορ</span> <span class='ocrx_word' id='word_1_68' title='bbox 805 1081 894 1134; x_wconf 75' lang='grc' dir='ltr'><strong>διὰ</strong></span> <span class='ocrx_word' id='word_1_69' title='bbox 929 1082 1173 1152; x_wconf 82' lang='grc' dir='ltr'><strong>σημείων</strong></span> <span class='ocrx_word' id='word_1_70' title='bbox 1219 1081 1530 1145; x_wconf 74' lang='grc' dir='ltr'>παιδευθεὶς</span> <span class='ocrx_word' id='word_1_71' title='bbox 1578 1083 1751 1151; x_wconf 88' lang='grc' dir='ltr'>μέγαν</span> 
     </span>
    </p>
   </div>
   <div class='ocr_carea' id='block_1_14' title="bbox 193 1172 1751 1245">
    <p class='ocr_par' dir='ltr' id='par_1_14' title="bbox 193 1172 1751 1245">
     <span class='ocr_line' id='line_1_14' title="bbox 193 1172 1751 1245; baseline -0.001 -17"><span class='ocrx_word' id='word_1_72' title='bbox 193 1174 447 1244; x_wconf 76' lang='grc' dir='ltr'><strong>ὡμολόγει</strong></span> <span class='ocrx_word' id='word_1_73' title='bbox 494 1175 583 1227; x_wconf 84' lang='grc' dir='ltr'><strong>τὸν</strong></span> <span class='ocrx_word' id='word_1_74' title='bbox 629 1173 761 1227; x_wconf 75' lang='grc' dir='ltr'>Θεὸν</span> <span class='ocrx_word' id='word_1_75' title='bbox 789 1172 1013 1243; x_wconf 76' lang='grc' dir='ltr'>Δανιήλ.</span> <span class='ocrx_word' id='word_1_76' title='bbox 1083 1174 1125 1225; x_wconf 86' lang='grc' dir='ltr'><strong>Τ</strong></span> <span class='ocrx_word' id='word_1_77' title='bbox 1130 1172 1242 1236; x_wconf 78' lang='grc' dir='ltr'>ινὲς</span> <span class='ocrx_word' id='word_1_78' title='bbox 1284 1173 1341 1226; x_wconf 83' lang='grc' dir='ltr'>δὲ</span> <span class='ocrx_word' id='word_1_79' title='bbox 1374 1175 1443 1227; x_wconf 83' lang='grc' dir='ltr'>τὰ</span> <span class='ocrx_word' id='word_1_80' title='bbox 1478 1175 1606 1245; x_wconf 85' lang='grc' dir='ltr'>περὶ</span> <span class='ocrx_word' id='word_1_81' title='bbox 1655 1175 1751 1227; x_wconf 77' lang='grc' dir='ltr'>τοῦ</span> 
     </span>
    </p>
   </div>
   <div class='ocr_carea' id='block_1_15' title="bbox 192 1264 1755 1337">
    <p class='ocr_par' dir='ltr' id='par_1_15' title="bbox 192 1264 1755 1337">
     <span class='ocr_line' id='line_1_15' title="bbox 192 1264 1755 1337; baseline -0.001 -18"><span class='ocrx_word' id='word_1_82' title='bbox 192 1267 455 1335; x_wconf 68' lang='grc' dir='ltr'>γίγαντος</span> <span class='ocrx_word' id='word_1_83' title='bbox 506 1264 861 1335; x_wconf 71' lang='grc' dir='ltr'>ἐξηγούμενοι</span> <span class='ocrx_word' id='word_1_84' title='bbox 915 1264 1201 1334; x_wconf 86' lang='grc' dir='ltr'>λέγουσιν·</span> <span class='ocrx_word' id='word_1_85' title='bbox 1237 1267 1350 1336; x_wconf 85' lang='grc' dir='ltr'><strong>Οὐχ</strong></span> <span class='ocrx_word' id='word_1_86' title='bbox 1406 1266 1638 1337; x_wconf 65' lang='grc' dir='ltr'><strong>¹ἣττηται</strong></span> <span class='ocrx_word' id='word_1_87' title='bbox 1691 1265 1755 1318; x_wconf 77' lang='grc' dir='ltr'>τὸ</span> 
     </span>
    </p>
   </div>
   <div class='ocr_carea' id='block_1_16' title="bbox 195 1357 1755 1429">
    <p class='ocr_par' dir='ltr' id='par_1_16' title="bbox 195 1357 1755 1429">
     <span class='ocr_line' id='line_1_16' title="bbox 195 1357 1755 1429; baseline 0.001 -20"><span class='ocrx_word' id='word_1_88' title='bbox 195 1358 401 1411; x_wconf 71' lang='grc' dir='ltr'>δυνατὸν</span> <span class='ocrx_word' id='word_1_89' title='bbox 444 1358 545 1426; x_wconf 70' lang='grc' dir='ltr'><strong>τῆς</strong></span> <span class='ocrx_word' id='word_1_90' title='bbox 606 1357 984 1429; x_wconf 84' lang='grc' dir='ltr'>Ἰερουσαλὴμ,</span> <span class='ocrx_word' id='word_1_91' title='bbox 1020 1359 1143 1413; x_wconf 80' lang='grc' dir='ltr'>οὑδὲ</span> <span class='ocrx_word' id='word_1_92' title='bbox 1189 1361 1224 1428; x_wconf 80' lang='grc' dir='ltr'>ἡ</span> <span class='ocrx_word' id='word_1_93' title='bbox 1278 1357 1596 1428; x_wconf 77' lang='grc' dir='ltr'><strong>δικαιοσύνη</strong></span> <span class='ocrx_word' id='word_1_94' title='bbox 1629 1358 1662 1429; x_wconf 82' lang='grc' dir='ltr'>ὴ</span> <span class='ocrx_word' id='word_1_95' title='bbox 1697 1358 1755 1410; x_wconf 69' lang='grc' dir='ltr'>ἐν</span> 
     </span>
    </p>
   </div>
   <div class='ocr_carea' id='block_1_17' title="bbox 196 1449 1295 1520">
    <p class='ocr_par' dir='ltr' id='par_1_17' title="bbox 196 1449 1295 1520">
     <span class='ocr_line' id='line_1_17' title="bbox 196 1449 1295 1520; baseline 0.003 -19"><span class='ocrx_word' id='word_1_96' title='bbox 196 1449 340 1518; x_wconf 78' lang='grc' dir='ltr'>αὑτῇ,</span> <span class='ocrx_word' id='word_1_97' title='bbox 374 1449 511 1503; x_wconf 81' lang='grc' dir='ltr'>ἀλλὰ</span> <span class='ocrx_word' id='word_1_98' title='bbox 537 1449 603 1502; x_wconf 85' lang='grc' dir='ltr'>δι’</span> <span class='ocrx_word' id='word_1_99' title='bbox 630 1449 906 1520; x_wconf 82' lang='grc' dir='ltr'>ἁμαρτίας</span> <span class='ocrx_word' id='word_1_100' title='bbox 936 1450 1295 1520; x_wconf 76' lang='grc' dir='ltr'>κεκράτηται.</span> 
     </span>
    </p>
   </div>
   <div class='ocr_carea' id='block_1_18' title="bbox 1789 540 3437 612">
    <p class='ocr_par' dir='ltr' id='par_1_18' title="bbox 1789 540 3437 612">
     <span class='ocr_line' id='line_1_18' title="bbox 1789 540 3437 612; baseline 0.007 -20"><span class='ocrx_word' id='word_1_101' title='bbox 1789 601 1792 605; x_wconf 25' lang='grc' dir='ltr'><strong><em>λ</em></strong></span> <span class='ocrx_word' id='word_1_102' title='bbox 1858 554 1977 593; x_wconf 92' lang='lat' dir='ltr'><strong>rum</strong></span> <span class='ocrx_word' id='word_1_103' title='bbox 2003 540 2208 602; x_wconf 89' lang='lat' dir='ltr'><strong>nullus,</strong></span> <span class='ocrx_word' id='word_1_104' title='bbox 2244 540 2333 608; x_wconf 91' lang='lat' dir='ltr'><strong>qui</strong></span> <span class='ocrx_word' id='word_1_105' title='bbox 2357 541 2595 610; x_wconf 69' lang='lat' dir='ltr'><strong>gigantes</strong></span> <span class='ocrx_word' id='word_1_106' title='bbox 2639 550 2959 612; x_wconf 76' lang='lat' dir='ltr'><strong>putantura</strong></span> <span class='ocrx_word' id='word_1_107' title='bbox 2994 545 3173 611; x_wconf 90' lang='lat' dir='ltr'><strong>nobis,</strong></span> <span class='ocrx_word' id='word_1_108' title='bbox 3210 546 3437 603; x_wconf 83' lang='lat' dir='ltr'><strong>alterius</strong></span> 
     </span>
    </p>
   </div>
   <div class='ocr_carea' id='block_1_19' title="bbox 1859 630 3450 706">
    <p class='ocr_par' dir='ltr' id='par_1_19' title="bbox 1859 630 3450 706">
     <span class='ocr_line' id='line_1_19' title="bbox 1859 630 3450 706; baseline 0.006 -23"><span class='ocrx_word' id='word_1_109' title='bbox 1859 630 2240 687; x_wconf 87' lang='lat' dir='ltr'><strong>imbecillioris</strong></span> <span class='ocrx_word' id='word_1_110' title='bbox 2274 647 2396 687; x_wconf 87' lang='lat' dir='ltr'><strong>esse</strong></span> <span class='ocrx_word' id='word_1_111' title='bbox 2429 633 2615 703; x_wconf 70' lang='lat' dir='ltr'><strong>prada</strong></span> <span class='ocrx_word' id='word_1_112' title='bbox 2643 644 2829 704; x_wconf 91' lang='lat' dir='ltr'><strong>queat,</strong></span> <span class='ocrx_word' id='word_1_113' title='bbox 2869 643 2933 690; x_wconf 76' lang='lat' dir='ltr'><strong>et</strong></span> <span class='ocrx_word' id='word_1_114' title='bbox 2984 637 3187 706; x_wconf 75' lang='lat' dir='ltr'><strong>injuste</strong></span> <span class='ocrx_word' id='word_1_115' title='bbox 3240 640 3450 705; x_wconf 25' lang='lat' dir='ltr'><strong>captivi.</strong></span> 
     </span>
    </p>
   </div>
   <div class='ocr_carea' id='block_1_20' title="bbox 1852 721 3438 795">
    <p class='ocr_par' dir='ltr' id='par_1_20' title="bbox 1852 721 3438 795">
     <span class='ocr_line' id='line_1_20' title="bbox 1852 721 3438 795; baseline 0.006 -20"><span class='ocrx_word' id='word_1_116' title='bbox 1852 721 2006 788; x_wconf 84' lang='lat' dir='ltr'><strong>fieri;</strong></span> <span class='ocrx_word' id='word_1_117' title='bbox 2042 724 2134 779; x_wconf 86' lang='lat' dir='ltr'><strong>sed</strong></span> <span class='ocrx_word' id='word_1_118' title='bbox 2162 739 2285 778; x_wconf 91' lang='lat' dir='ltr'><strong>eum</strong></span> <span class='ocrx_word' id='word_1_119' title='bbox 2328 726 2549 794; x_wconf 68' lang='lat' dir='ltr'><strong>potius,</strong></span> <span class='ocrx_word' id='word_1_120' title='bbox 2572 725 2664 795; x_wconf 87' lang='lat' dir='ltr'><strong>qui</strong></span> <span class='ocrx_word' id='word_1_121' title='bbox 2696 726 2747 780; x_wconf 91' lang='lat' dir='ltr'><strong>id</strong></span> <span class='ocrx_word' id='word_1_122' title='bbox 2781 728 2834 779; x_wconf 91' lang='lat' dir='ltr'><strong>in</strong></span> <span class='ocrx_word' id='word_1_123' title='bbox 2868 743 2927 782; x_wconf 90' lang='lat' dir='ltr'><strong>se</strong></span> <span class='ocrx_word' id='word_1_124' title='bbox 2976 737 3230 789; x_wconf 88' lang='lat' dir='ltr'><strong>conetur.</strong></span> <span class='ocrx_word' id='word_1_125' title='bbox 3278 730 3438 785; x_wconf 79' lang='lat' dir='ltr'><strong>facile</strong></span> 
     </span>
    </p>
   </div>
   <div class='ocr_carea' id='block_1_21' title="bbox 1851 814 3438 889">
    <p class='ocr_par' dir='ltr' id='par_1_21' title="bbox 1851 814 3438 889">
     <span class='ocr_line' id='line_1_21' title="bbox 1851 814 3438 889; baseline 0.004 -23"><span class='ocrx_word' id='word_1_126' title='bbox 1851 814 2150 868; x_wconf 78' lang='lat' dir='ltr'><strong>conficiat:</strong></span> <span class='ocrx_word' id='word_1_127' title='bbox 2182 815 2262 869; x_wconf 90' lang='lat' dir='ltr'><strong>sic</strong></span> <span class='ocrx_word' id='word_1_128' title='bbox 2294 814 2349 869; x_wconf 84' lang='lat' dir='ltr'><strong>et</strong></span> <span class='ocrx_word' id='word_1_129' title='bbox 2398 831 2515 882; x_wconf 88' lang='lat' dir='ltr'><strong>vos,</strong></span> <span class='ocrx_word' id='word_1_130' title='bbox 2560 831 2647 870; x_wconf 89' lang='lat' dir='ltr'><strong>me</strong></span> <span class='ocrx_word' id='word_1_131' title='bbox 2709 817 2950 884; x_wconf 78' lang='lat' dir='ltr'><strong>nolente,</strong></span> <span class='ocrx_word' id='word_1_132' title='bbox 2990 821 3108 889; x_wconf 90' lang='lat' dir='ltr'><strong>capi</strong></span> <span class='ocrx_word' id='word_1_133' title='bbox 3159 835 3438 889; x_wconf 84' lang='lat' dir='ltr'><strong>nunquam</strong></span> 
     </span>
    </p>
   </div>
   <div class='ocr_carea' id='block_1_22' title="bbox 1858 906 3438 977">
    <p class='ocr_par' dir='ltr' id='par_1_22' title="bbox 1858 906 3438 977">
     <span class='ocr_line' id='line_1_22' title="bbox 1858 906 3438 977; baseline 0.006 -21"><span class='ocrx_word' id='word_1_134' title='bbox 1858 906 2138 975; x_wconf 84' lang='lat' dir='ltr'><strong>poteratis,</strong></span> <span class='ocrx_word' id='word_1_135' title='bbox 2177 906 2281 962; x_wconf 89' lang='lat' dir='ltr'><strong>nisi</strong></span> <span class='ocrx_word' id='word_1_136' title='bbox 2315 907 2367 960; x_wconf 91' lang='lat' dir='ltr'><strong>in</strong></span> <span class='ocrx_word' id='word_1_137' title='bbox 2404 922 2498 962; x_wconf 89' lang='lat' dir='ltr'><strong>vos</strong></span> <span class='ocrx_word' id='word_1_138' title='bbox 2523 907 2623 977; x_wconf 91' lang='lat' dir='ltr'><strong>ipsi</strong></span> <span class='ocrx_word' id='word_1_139' title='bbox 2671 910 2911 977; x_wconf 76' lang='lat' dir='ltr'><strong>peccatis</strong></span> <span class='ocrx_word' id='word_1_140' title='bbox 2958 911 3157 965; x_wconf 83' lang='lat' dir='ltr'><strong>vestris</strong></span> <span class='ocrx_word' id='word_1_141' title='bbox 3209 926 3438 965; x_wconf 81' lang='lat' dir='ltr'><strong>causam</strong></span> 
     </span>
    </p>
   </div>
   <div class='ocr_carea' id='block_1_23' title="bbox 1857 997 3442 1069">
    <p class='ocr_par' dir='ltr' id='par_1_23' title="bbox 1857 997 3442 1069">
     <span class='ocr_line' id='line_1_23' title="bbox 1857 997 3442 1069; baseline 0.003 -21"><span class='ocrx_word' id='word_1_142' title='bbox 1857 997 2249 1065; x_wconf 78' lang='lat' dir='ltr'><strong>przebuissetis.</strong></span> <span class='ocrx_word' id='word_1_143' title='bbox 2285 997 2390 1052; x_wconf 86' lang='lat' dir='ltr'><strong>Sed</strong></span> <span class='ocrx_word' id='word_1_144' title='bbox 2414 1014 2511 1053; x_wconf 87' lang='lat' dir='ltr'><strong>vos</strong></span> <span class='ocrx_word' id='word_1_145' title='bbox 2548 1014 2647 1069; x_wconf 85' lang='lat' dir='ltr'><strong>ego</strong></span> <span class='ocrx_word' id='word_1_146' title='bbox 2678 998 2789 1067; x_wconf 88' lang='lat' dir='ltr'><strong>jatn</strong></span> <span class='ocrx_word' id='word_1_147' title='bbox 2826 1007 3006 1054; x_wconf 89' lang='lat' dir='ltr'><strong>tamen</strong></span> <span class='ocrx_word' id='word_1_148' title='bbox 3037 1001 3203 1054; x_wconf 80' lang='lat' dir='ltr'><strong>veStri</strong></span> <span class='ocrx_word' id='word_1_149' title='bbox 3241 1002 3442 1054; x_wconf 46' lang='lat' dir='ltr'><strong>misera</strong></span> 
     </span>
    </p>
   </div>
   <div class='ocr_carea' id='block_1_24' title="bbox 1858 1086 3438 1161">
    <p class='ocr_par' dir='ltr' id='par_1_24' title="bbox 1858 1086 3438 1161">
     <span class='ocr_line' id='line_1_24' title="bbox 1858 1086 3438 1161; baseline 0.003 -23"><span class='ocrx_word' id='word_1_150' title='bbox 1858 1093 1947 1139; x_wconf 91' lang='lat' dir='ltr'><strong>tus</strong></span> <span class='ocrx_word' id='word_1_151' title='bbox 1973 1086 2086 1155; x_wconf 83' lang='lat' dir='ltr'><strong>ipse</strong></span> <span class='ocrx_word' id='word_1_152' title='bbox 2107 1102 2385 1152; x_wconf 86' lang='lat' dir='ltr'><strong>revocare,</strong></span> <span class='ocrx_word' id='word_1_153' title='bbox 2411 1089 2660 1157; x_wconf 87' lang='lat' dir='ltr'><strong>illosque,</strong></span> <span class='ocrx_word' id='word_1_154' title='bbox 2689 1088 2779 1159; x_wconf 90' lang='lat' dir='ltr'><strong>qui</strong></span> <span class='ocrx_word' id='word_1_155' title='bbox 2806 1105 3089 1158; x_wconf 68' lang='lat' dir='ltr'><strong>poenarum</strong></span> <span class='ocrx_word' id='word_1_156' title='bbox 3118 1093 3438 1161; x_wconf 76' lang='lat' dir='ltr'><strong>gravitatem</strong></span> 
     </span>
    </p>
   </div>
   <div class='ocr_carea' id='block_1_25' title="bbox 1861 1177 3438 1250">
    <p class='ocr_par' dir='ltr' id='par_1_25' title="bbox 1861 1177 3438 1250">
     <span class='ocr_line' id='line_1_25' title="bbox 1861 1177 3438 1250; baseline 0.002 -20"><span class='ocrx_word' id='word_1_157' title='bbox 1861 1177 2017 1232; x_wconf 81' lang='lat' dir='ltr'><strong>vobis</strong></span> <span class='ocrx_word' id='word_1_158' title='bbox 2071 1179 2414 1244; x_wconf 79' lang='lat' dir='ltr'><strong>adauxerint,</strong></span> <span class='ocrx_word' id='word_1_159' title='bbox 2452 1180 2644 1235; x_wconf 84' lang='lat' dir='ltr'><strong>ulcisci</strong></span> <span class='ocrx_word' id='word_1_160' title='bbox 2711 1182 2918 1246; x_wconf 83' lang='lat' dir='ltr'><strong>stat&#39;ui;</strong></span> <span class='ocrx_word' id='word_1_161' title='bbox 2967 1191 3284 1250; x_wconf 82' lang='lat' dir='ltr'><strong>tantumque</strong></span> <span class='ocrx_word' id='word_1_162' title='bbox 3331 1181 3438 1235; x_wconf 73' lang='lat' dir='ltr'><strong>etii-</strong></span> 
     </span>
    </p>
   </div>
   <div class='ocr_carea' id='block_1_26' title="bbox 1860 1268 3438 1339">
    <p class='ocr_par' dir='ltr' id='par_1_26' title="bbox 1860 1268 3438 1339">
     <span class='ocr_line' id='line_1_26' title="bbox 1860 1268 3438 1339; baseline 0.002 -20"><span class='ocrx_word' id='word_1_163' title='bbox 1860 1281 2004 1331; x_wconf 88' lang='lat' dir='ltr'><strong>cere,</strong></span> <span class='ocrx_word' id='word_1_164' title='bbox 2043 1275 2103 1321; x_wconf 94' lang='lat' dir='ltr'><strong>ut</strong></span> <span class='ocrx_word' id='word_1_165' title='bbox 2160 1268 2276 1322; x_wconf 88' lang='lat' dir='ltr'><strong>suis</strong></span> <span class='ocrx_word' id='word_1_166' title='bbox 2338 1268 2411 1321; x_wconf 90' lang='lat' dir='ltr'><strong>illi</strong></span> <span class='ocrx_word' id='word_1_167' title='bbox 2463 1268 2710 1322; x_wconf 80' lang='lat' dir='ltr'><strong>carnibus</strong></span> <span class='ocrx_word' id='word_1_168' title='bbox 2744 1270 2905 1339; x_wconf 89' lang='lat' dir='ltr'><strong>pasti,</strong></span> <span class='ocrx_word' id='word_1_169' title='bbox 2969 1268 3232 1324; x_wconf 81' lang='lat' dir='ltr'><strong>factorem</strong></span> <span class='ocrx_word' id='word_1_170' title='bbox 3280 1286 3438 1324; x_wconf 89' lang='lat' dir='ltr'><strong>suum</strong></span> 
     </span>
    </p>
   </div>
   <div class='ocr_carea' id='block_1_27' title="bbox 1858 1358 3441 1430">
    <p class='ocr_par' dir='ltr' id='par_1_27' title="bbox 1858 1358 3441 1430">
     <span class='ocr_line' id='line_1_27' title="bbox 1858 1358 3441 1430; baseline 0.002 -20"><span class='ocrx_word' id='word_1_171' title='bbox 1858 1366 2154 1427; x_wconf 56' lang='lat' dir='ltr'><strong>agnoscant</strong></span> <span class='ocrx_word' id='word_1_172' title='bbox 2184 1375 2197 1423; x_wconf 90' lang='lat'><strong>;</strong></span> <span class='ocrx_word' id='word_1_173' title='bbox 2232 1375 2340 1413; x_wconf 91' lang='lat' dir='ltr'><strong>non</strong></span> <span class='ocrx_word' id='word_1_174' title='bbox 2395 1358 2553 1413; x_wconf 83' lang='lat' dir='ltr'><strong>aliter</strong></span> <span class='ocrx_word' id='word_1_175' title='bbox 2611 1374 2771 1428; x_wconf 88' lang='lat' dir='ltr'><strong>quam</strong></span> <span class='ocrx_word' id='word_1_176' title='bbox 2815 1360 2987 1430; x_wconf 86' lang='lat' dir='ltr'><strong>signis</strong></span> <span class='ocrx_word' id='word_1_177' title='bbox 3024 1360 3154 1414; x_wconf 91' lang='lat' dir='ltr'><strong>olim</strong></span> <span class='ocrx_word' id='word_1_178' title='bbox 3217 1360 3441 1413; x_wconf 77' lang='lat' dir='ltr'><strong>adactus</strong></span> 
     </span>
    </p>
   </div>
   <div class='ocr_carea' id='block_1_28' title="bbox 1858 1446 3442 1522">
    <p class='ocr_par' dir='ltr' id='par_1_28' title="bbox 1858 1446 3442 1522">
     <span class='ocr_line' id='line_1_28' title="bbox 1858 1446 3442 1522; baseline 0.002 -20"><span class='ocrx_word' id='word_1_179' title='bbox 1858 1446 2363 1505; x_wconf 85' lang='lat' dir='ltr'><strong>Nabuchodonosor</strong></span> <span class='ocrx_word' id='word_1_180' title='bbox 2449 1451 2685 1506; x_wconf 88' lang='lat' dir='ltr'><strong>Dauielis</strong></span> <span class='ocrx_word' id='word_1_181' title='bbox 2752 1451 2920 1506; x_wconf 91' lang='lat' dir='ltr'><strong>Deum</strong></span> <span class='ocrx_word' id='word_1_182' title='bbox 3001 1453 3253 1522; x_wconf 77' lang='lat' dir='ltr'><strong>magnum</strong></span> <span class='ocrx_word' id='word_1_183' title='bbox 3317 1466 3442 1506; x_wconf 84' lang='lat' dir='ltr'><strong>esse</strong></span> 
     </span>
    </p>
   </div>
   <div class='ocr_carea' id='block_1_29' title="bbox 194 1538 3442 1614">
    <p class='ocr_par' dir='ltr' id='par_1_29' title="bbox 194 1538 3442 1614">
     <span class='ocr_line' id='line_1_29' title="bbox 194 1538 3442 1614; baseline -0.001 -14"><span class='ocrx_word' id='word_1_184' title='bbox 194 1540 465 1600; x_wconf 85' lang='lat' dir='ltr'><strong>confessus</strong></span> <span class='ocrx_word' id='word_1_185' title='bbox 491 1552 574 1597; x_wconf 89' lang='lat' dir='ltr'><strong>est</strong></span> <span class='ocrx_word' id='word_1_186' title='bbox 596 1543 659 1594; x_wconf 83' lang='grc'><strong>⁷³.</strong></span> <span class='ocrx_word' id='word_1_187' title='bbox 687 1539 946 1597; x_wconf 86' lang='lat' dir='ltr'><strong>Nonnulli</strong></span> <span class='ocrx_word' id='word_1_188' title='bbox 981 1558 1101 1611; x_wconf 72' lang='lat' dir='ltr'><strong>quae</strong></span> <span class='ocrx_word' id='word_1_189' title='bbox 1138 1542 1204 1598; x_wconf 88' lang='lat' dir='ltr'><strong>de</strong></span> <span class='ocrx_word' id='word_1_190' title='bbox 1231 1545 1444 1614; x_wconf 79' lang='lat' dir='ltr'><strong>gigante</strong></span> <span class='ocrx_word' id='word_1_191' title='bbox 1476 1542 1753 1606; x_wconf 90' lang='lat' dir='ltr'><strong>dicuntur,</strong></span> <span class='ocrx_word' id='word_1_192' title='bbox 1793 1538 1868 1594; x_wconf 90' lang='lat' dir='ltr'><strong>ita</strong></span> <span class='ocrx_word' id='word_1_193' title='bbox 1915 1543 2212 1612; x_wconf 74' lang='lat' dir='ltr'><strong>explicant,</strong></span> <span class='ocrx_word' id='word_1_194' title='bbox 2270 1550 2329 1596; x_wconf 93' lang='lat' dir='ltr'><strong>ut</strong></span> <span class='ocrx_word' id='word_1_195' title='bbox 2362 1557 2468 1597; x_wconf 91' lang='lat' dir='ltr'><strong>non</strong></span> <span class='ocrx_word' id='word_1_196' title='bbox 2540 1541 3042 1614; x_wconf 83' lang='lat' dir='ltr'><strong>Hierosolymorum</strong></span> <span class='ocrx_word' id='word_1_197' title='bbox 3101 1545 3262 1610; x_wconf 88' lang='lat' dir='ltr'><strong>vires,</strong></span> <span class='ocrx_word' id='word_1_198' title='bbox 3335 1558 3442 1598; x_wconf 88' lang='lat' dir='ltr'><strong>non</strong></span> 
     </span>
    </p>
   </div>
   <div class='ocr_carea' id='block_1_30' title="bbox 189 1630 2526 1709">
    <p class='ocr_par' dir='ltr' id='par_1_30' title="bbox 189 1630 2526 1709">
     <span class='ocr_line' id='line_1_30' title="bbox 189 1630 2526 1709; baseline -0.001 -19"><span class='ocrx_word' id='word_1_199' title='bbox 189 1630 467 1701; x_wconf 78' lang='lat' dir='ltr'><strong>justitiam,</strong></span> <span class='ocrx_word' id='word_1_200' title='bbox 522 1651 629 1707; x_wconf 90' lang='lat' dir='ltr'><strong>qua</strong></span> <span class='ocrx_word' id='word_1_201' title='bbox 686 1637 982 1709; x_wconf 82' lang='lat' dir='ltr'><strong>pollebant,</strong></span> <span class='ocrx_word' id='word_1_202' title='bbox 1040 1635 1330 1705; x_wconf 86' lang='lat' dir='ltr'><strong>superari;</strong></span> <span class='ocrx_word' id='word_1_203' title='bbox 1383 1635 1477 1691; x_wconf 83' lang='lat' dir='ltr'><strong>sed</strong></span> <span class='ocrx_word' id='word_1_204' title='bbox 1527 1639 1747 1705; x_wconf 86' lang='lat' dir='ltr'><strong>propter</strong></span> <span class='ocrx_word' id='word_1_205' title='bbox 1784 1631 1991 1687; x_wconf 83' lang='lat' dir='ltr'><strong>scelera</strong></span> <span class='ocrx_word' id='word_1_206' title='bbox 2019 1636 2138 1705; x_wconf 88' lang='lat' dir='ltr'><strong>capi</strong></span> <span class='ocrx_word' id='word_1_207' title='bbox 2172 1635 2526 1690; x_wconf 83' lang='lat' dir='ltr'><strong>arbitrentur.</strong></span> 
     </span>
    </p>
   </div>
   <div class='ocr_carea' id='block_1_31' title="bbox 783 1728 1153 1783">
    <p class='ocr_par' dir='ltr' id='par_1_31' title="bbox 783 1728 1153 1783">
     <span class='ocr_line' id='line_1_31' title="bbox 783 1728 1153 1783; baseline 0 0"><span class='ocrx_word' id='word_1_208' title='bbox 783 1728 1037 1783; x_wconf 82' lang='grc' dir='ltr'><strong>ΚΕΦΑΛ.</strong></span> <span class='ocrx_word' id='word_1_209' title='bbox 1069 1729 1153 1783; x_wconf 88' lang='lat' dir='ltr'><strong>N&#39;.</strong></span> 
     </span>
    </p>
   </div>
   <div class='ocr_carea' id='block_1_32' title="bbox 243 1802 1762 1891">
    <p class='ocr_par' dir='ltr' id='par_1_32' title="bbox 243 1802 1762 1891">
     <span class='ocr_line' id='line_1_32' title="bbox 243 1802 1762 1891; baseline -0.001 -12"><span class='ocrx_word' id='word_1_210' title='bbox 243 1826 310 1879; x_wconf 85' lang='grc' dir='ltr'>α’.-</span> <span class='ocrx_word' id='word_1_211' title='bbox 323 1828 407 1876; x_wconf 89' lang='grc' dir='ltr'>ια’.</span> <span class='ocrx_word' id='word_1_212' title='bbox 445 1821 641 1887; x_wconf 78' lang='grc' dir='ltr'>Οὕτως</span> <span class='ocrx_word' id='word_1_213' title='bbox 670 1822 835 1890; x_wconf 74' lang='grc' dir='ltr'>λέγει</span> <span class='ocrx_word' id='word_1_214' title='bbox 854 1802 1093 1891; x_wconf 81' lang='grc' dir='ltr'>Κύριος,</span> <span class='ocrx_word' id='word_1_215' title='bbox 1113 1821 1288 1876; x_wconf 80' lang='grc' dir='ltr'>ποῖον</span> <span class='ocrx_word' id='word_1_216' title='bbox 1314 1821 1490 1877; x_wconf 86' lang='grc' dir='ltr'>τοῦτο</span> <span class='ocrx_word' id='word_1_217' title='bbox 1515 1822 1762 1887; x_wconf 69' lang='grc' dir='ltr'>,ϐιϐλίον</span> 
     </span>
    </p>
   </div>
   <div class='ocr_carea' id='block_1_33' title="bbox 191 1906 1758 1980">
    <p class='ocr_par' dir='ltr' id='par_1_33' title="bbox 191 1906 1758 1980">
     <span class='ocr_line' id='line_1_33' title="bbox 191 1906 1758 1980; baseline 0.003 -16"><span class='ocrx_word' id='word_1_218' title='bbox 191 1912 290 1967; x_wconf 80' lang='grc' dir='ltr'>τοῦ</span> <span class='ocrx_word' id='word_1_219' title='bbox 317 1913 700 1967; x_wconf 78' lang='grc' dir='ltr'><strong>ἀποστασίου</strong></span> <span class='ocrx_word' id='word_1_220' title='bbox 722 1910 832 1979; x_wconf 84' lang='grc' dir='ltr'>τῆς</span> <span class='ocrx_word' id='word_1_221' title='bbox 854 1912 1081 1980; x_wconf 80' lang='grc' dir='ltr'>μητρὸς</span> <span class='ocrx_word' id='word_1_222' title='bbox 1111 1910 1297 1980; x_wconf 82' lang='grc' dir='ltr'>ὑμῶν,</span> <span class='ocrx_word' id='word_1_223' title='bbox 1331 1906 1380 1980; x_wconf 81' lang='grc' dir='ltr'>ᾧ</span> <span class='ocrx_word' id='word_1_224' title='bbox 1411 1913 1758 1977; x_wconf 79' lang='grc' dir='ltr'>ἐξαπέστει-</span> 
     </span>
    </p>
   </div>
   <div class='ocr_carea' id='block_1_34' title="bbox 191 2003 1761 2075">
    <p class='ocr_par' dir='ltr' id='par_1_34' title="bbox 191 2003 1761 2075">
     <span class='ocr_line' id='line_1_34' title="bbox 191 2003 1761 2075; baseline 0.001 -16"><span class='ocrx_word' id='word_1_225' title='bbox 191 2008 266 2059; x_wconf 72' lang='grc' dir='ltr'><strong>λα</strong></span> <span class='ocrx_word' id='word_1_226' title='bbox 285 2007 512 2075; x_wconf 78' lang='grc' dir='ltr'>αὑτήν;</span> <span class='ocrx_word' id='word_1_227' title='bbox 545 2006 583 2074; x_wconf 80' lang='grc' dir='ltr'>ἢ</span> <span class='ocrx_word' id='word_1_228' title='bbox 628 2006 746 2059; x_wconf 81' lang='grc' dir='ltr'>τίνι</span> <span class='ocrx_word' id='word_1_229' title='bbox 788 2003 1061 2073; x_wconf 82' lang='grc' dir='ltr'>ὐποχρέω</span> <span class='ocrx_word' id='word_1_230' title='bbox 1096 2003 1374 2074; x_wconf 82' lang='grc' dir='ltr'>πέπρακα</span> <span class='ocrx_word' id='word_1_231' title='bbox 1397 2004 1552 2074; x_wconf 85' lang='grc' dir='ltr'>ὑμᾶς</span> <span class='ocrx_word' id='word_1_232' title='bbox 1574 2004 1761 2072; x_wconf 70' lang='grc' dir='ltr'>ςἸδοὺ</span> 
     </span>
    </p>
   </div>
   <div class='ocr_carea' id='block_1_35' title="bbox 191 2084 1763 2170">
    <p class='ocr_par' dir='ltr' id='par_1_35' title="bbox 191 2084 1763 2170">
     <span class='ocr_line' id='line_1_35' title="bbox 191 2084 1763 2170; baseline -0.003 -16"><span class='ocrx_word' id='word_1_233' title='bbox 191 2101 313 2167; x_wconf 86' lang='grc' dir='ltr'>ταῖς</span> <span class='ocrx_word' id='word_1_234' title='bbox 344 2099 657 2170; x_wconf 79' lang='grc' dir='ltr'>ἁμαρτίαις</span> <span class='ocrx_word' id='word_1_235' title='bbox 678 2084 844 2165; x_wconf 44' lang='lat' dir='ltr'><strong>alter</strong></span> <span class='ocrx_word' id='word_1_236' title='bbox 869 2095 1186 2164; x_wconf 74' lang='grc' dir='ltr'>ὲπράθητε,</span> <span class='ocrx_word' id='word_1_237' title='bbox 1211 2097 1307 2151; x_wconf 75' lang='grc' dir='ltr'>καὶ</span> <span class='ocrx_word' id='word_1_238' title='bbox 1331 2096 1462 2163; x_wconf 79' lang='grc' dir='ltr'>ταῖς</span> <span class='ocrx_word' id='word_1_239' title='bbox 1486 2097 1763 2166; x_wconf 57' lang='lat' dir='ltr'><strong>aromate</strong></span> 
     </span>
    </p>
   </div>
   <div class='ocr_carea' id='block_1_36' title="bbox 192 2185 1760 2263">
    <p class='ocr_par' dir='ltr' id='par_1_36' title="bbox 192 2185 1760 2263">
     <span class='ocr_line' id='line_1_36' title="bbox 192 2185 1760 2263; baseline -0.003 -16"><span class='ocrx_word' id='word_1_240' title='bbox 192 2193 348 2263; x_wconf 84' lang='grc' dir='ltr'>ὑμῶν</span> <span class='ocrx_word' id='word_1_241' title='bbox 358 2192 761 2258; x_wconf 76' lang='grc' dir='ltr'>ἐξαπέστειλα</span> <span class='ocrx_word' id='word_1_242' title='bbox 781 2188 896 2259; x_wconf 74' lang='grc' dir='ltr'><strong>τὴν</strong></span> <span class='ocrx_word' id='word_1_243' title='bbox 911 2187 1137 2259; x_wconf 83' lang='grc' dir='ltr'>μητέρα</span> <span class='ocrx_word' id='word_1_244' title='bbox 1154 2189 1347 2260; x_wconf 53' lang='lat' dir='ltr'><strong>agar,-</strong></span> <span class='ocrx_word' id='word_1_245' title='bbox 1367 2195 1409 2247; x_wconf 76' lang='grc' dir='ltr'><em>Τ</em></span> <span class='ocrx_word' id='word_1_246' title='bbox 1409 2192 1424 2245; x_wconf 83' lang='grc' dir='ltr'><strong>ί</strong></span> <span class='ocrx_word' id='word_1_247' title='bbox 1444 2188 1532 2242; x_wconf 87' lang='grc' dir='ltr'>ὅτι</span> <span class='ocrx_word' id='word_1_248' title='bbox 1548 2185 1760 2259; x_wconf 74' lang='grc' dir='ltr'>ἦλθον,</span> 
     </span>
    </p>
   </div>
   <div class='ocr_carea' id='block_1_37' title="bbox 191 2276 1764 2355">
    <p class='ocr_par' dir='ltr' id='par_1_37' title="bbox 191 2276 1764 2355">
     <span class='ocr_line' id='line_1_37' title="bbox 191 2276 1764 2355; baseline -0.003 -16"><span class='ocrx_word' id='word_1_249' title='bbox 191 2286 282 2339; x_wconf 77' lang='grc' dir='ltr'><strong>καί</strong></span> <span class='ocrx_word' id='word_1_250' title='bbox 311 2287 425 2339; x_wconf 71' lang='grc' dir='ltr'>οὐκ</span> <span class='ocrx_word' id='word_1_251' title='bbox 452 2281 534 2355; x_wconf 79' lang='grc' dir='ltr'>ἦν</span> <span class='ocrx_word' id='word_1_252' title='bbox 561 2282 870 2350; x_wconf 78' lang='grc' dir='ltr'>ἄνθρωπος</span> <span class='ocrx_word' id='word_1_253' title='bbox 887 2297 900 2313; x_wconf 81' lang='lat'><strong><em>°</em></strong></span> <span class='ocrx_word' id='word_1_254' title='bbox 923 2280 1209 2346; x_wconf 77' lang='grc' dir='ltr'><strong>ἐκάλεσα,</strong></span> <span class='ocrx_word' id='word_1_255' title='bbox 1236 2281 1332 2335; x_wconf 76' lang='grc' dir='ltr'>καὶ</span> <span class='ocrx_word' id='word_1_256' title='bbox 1354 2282 1464 2334; x_wconf 85' lang='grc' dir='ltr'>οὐκ</span> <span class='ocrx_word' id='word_1_257' title='bbox 1489 2276 1569 2352; x_wconf 81' lang='grc' dir='ltr'>ἦν</span> <span class='ocrx_word' id='word_1_258' title='bbox 1600 2284 1633 2336; x_wconf 89' lang='grc' dir='ltr'><strong>ό</strong></span> <span class='ocrx_word' id='word_1_259' title='bbox 1652 2284 1764 2337; x_wconf 82' lang='grc' dir='ltr'>ὑπ-</span> 
     </span>
    </p>
   </div>
   <div class='ocr_carea' id='block_1_38' title="bbox 192 2375 708 2444">
    <p class='ocr_par' dir='ltr' id='par_1_38' title="bbox 192 2375 708 2444">
     <span class='ocr_line' id='line_1_38' title="bbox 192 2375 708 2444; baseline 0 -14"><span class='ocrx_word' id='word_1_260' title='bbox 192 2380 447 2444; x_wconf 73' lang='grc' dir='ltr'>ακούωνς</span> <span class='ocrx_word' id='word_1_261' title='bbox 472 2394 524 2430; x_wconf 87' lang='grc' dir='ltr'><strong>κ.</strong></span> <span class='ocrx_word' id='word_1_262' title='bbox 566 2378 618 2429; x_wconf 77' lang='grc' dir='ltr'><strong>τ.</strong></span> <span class='ocrx_word' id='word_1_263' title='bbox 656 2375 708 2430; x_wconf 91' lang='grc' dir='ltr'>λ.</span> 
     </span>
    </p>
   </div>
   <div class='ocr_carea' id='block_1_39' title="bbox 255 2464 1765 2537">
    <p class='ocr_par' dir='ltr' id='par_1_39' title="bbox 255 2464 1765 2537">
     <span class='ocr_line' id='line_1_39' title="bbox 255 2464 1765 2537; baseline -0.001 -17"><span class='ocrx_word' id='word_1_264' title='bbox 255 2467 488 2520; x_wconf 85' lang='grc' dir='ltr'>Διελθὼν</span> <span class='ocrx_word' id='word_1_265' title='bbox 520 2471 547 2520; x_wconf 85' lang='grc' dir='ltr'><strong>ὁ</strong></span> <span class='ocrx_word' id='word_1_266' title='bbox 578 2466 736 2534; x_wconf 86' lang='grc' dir='ltr'>λόγος</span> <span class='ocrx_word' id='word_1_267' title='bbox 773 2465 835 2520; x_wconf 82' lang='grc' dir='ltr'>τὸ</span> <span class='ocrx_word' id='word_1_268' title='bbox 867 2468 1130 2537; x_wconf 78' lang='grc' dir='ltr'>κήρυγμα</span> <span class='ocrx_word' id='word_1_269' title='bbox 1160 2467 1221 2519; x_wconf 75' lang='grc' dir='ltr'>τὺ</span> <span class='ocrx_word' id='word_1_270' title='bbox 1254 2464 1630 2535; x_wconf 82' lang='grc' dir='ltr'>εὑαγγελικδν,</span> <span class='ocrx_word' id='word_1_271' title='bbox 1664 2467 1765 2537; x_wconf 86' lang='grc' dir='ltr'>τήν</span> 
     </span>
    </p>
   </div>
   <div class='ocr_carea' id='block_1_40' title="bbox 190 2551 1763 2625">
    <p class='ocr_par' dir='ltr' id='par_1_40' title="bbox 190 2551 1763 2625">
     <span class='ocr_line' id='line_1_40' title="bbox 190 2551 1763 2625; baseline -0.003 -16"><span class='ocrx_word' id='word_1_272' title='bbox 190 2573 246 2610; x_wconf 89' lang='grc' dir='ltr'><strong>τε</strong></span> <span class='ocrx_word' id='word_1_273' title='bbox 270 2558 334 2611; x_wconf 89' lang='grc' dir='ltr'>δι’</span> <span class='ocrx_word' id='word_1_274' title='bbox 360 2558 529 2611; x_wconf 82' lang='grc' dir='ltr'>αὑτοῦ</span> <span class='ocrx_word' id='word_1_275' title='bbox 553 2556 663 2609; x_wconf 82' lang='grc' dir='ltr'>τῶν</span> <span class='ocrx_word' id='word_1_276' title='bbox 699 2555 871 2610; x_wconf 80' lang='grc' dir='ltr'>ἐθνῶν</span> <span class='ocrx_word' id='word_1_277' title='bbox 901 2556 1116 2625; x_wconf 79' lang='grc' dir='ltr'>κλῆσιν,</span> <span class='ocrx_word' id='word_1_278' title='bbox 1141 2555 1237 2613; x_wconf 75' lang='grc' dir='ltr'><strong>καὶ</strong></span> <span class='ocrx_word' id='word_1_279' title='bbox 1260 2555 1360 2623; x_wconf 81' lang='grc' dir='ltr'>τὴν</span> <span class='ocrx_word' id='word_1_280' title='bbox 1389 2553 1649 2607; x_wconf 87' lang='grc' dir='ltr'>σύστασιν</span> <span class='ocrx_word' id='word_1_281' title='bbox 1668 2551 1763 2606; x_wconf 81' lang='grc' dir='ltr'>τοῦ</span> 
     </span>
    </p>
   </div>
   <div class='ocr_carea' id='block_1_41' title="bbox 192 2643 1766 2717">
    <p class='ocr_par' dir='ltr' id='par_1_41' title="bbox 192 2643 1766 2717">
     <span class='ocr_line' id='line_1_41' title="bbox 192 2643 1766 2717; baseline -0.003 -16"><span class='ocrx_word' id='word_1_282' title='bbox 192 2647 473 2710; x_wconf 78' lang='grc' dir='ltr'>θεοσεϐοῦς</span> <span class='ocrx_word' id='word_1_283' title='bbox 508 2646 926 2717; x_wconf 87' lang='grc' dir='ltr'>πολιτεύματος,</span> <span class='ocrx_word' id='word_1_284' title='bbox 960 2647 1057 2700; x_wconf 73' lang='grc' dir='ltr'><strong>καὶ</strong></span> <span class='ocrx_word' id='word_1_285' title='bbox 1096 2643 1193 2698; x_wconf 81' lang='grc' dir='ltr'>τοῦ</span> <span class='ocrx_word' id='word_1_286' title='bbox 1225 2644 1484 2715; x_wconf 82' lang='grc' dir='ltr'>ῥηθέντος</span> <span class='ocrx_word' id='word_1_287' title='bbox 1511 2643 1766 2714; x_wconf 82' lang='grc' dir='ltr'>γίγαντος</span> 
     </span>
    </p>
   </div>
   <div class='ocr_carea' id='block_1_42' title="bbox 189 2737 1765 2811">
    <p class='ocr_par' dir='ltr' id='par_1_42' title="bbox 189 2737 1765 2811">
     <span class='ocr_line' id='line_1_42' title="bbox 189 2737 1765 2811; baseline -0.004 -18"><span class='ocrx_word' id='word_1_288' title='bbox 189 2739 283 2811; x_wconf 78' lang='grc' dir='ltr'>τὴν</span> <span class='ocrx_word' id='word_1_289' title='bbox 311 2740 657 2811; x_wconf 81' lang='grc' dir='ltr'>καθαίρεσιν,</span> <span class='ocrx_word' id='word_1_290' title='bbox 696 2738 1013 2809; x_wconf 80' lang='grc' dir='ltr'>μεταϐαίνει</span> <span class='ocrx_word' id='word_1_291' title='bbox 1035 2737 1198 2791; x_wconf 83' lang='grc' dir='ltr'>πάλιν</span> <span class='ocrx_word' id='word_1_292' title='bbox 1236 2737 1328 2790; x_wconf 71' lang='grc' dir='ltr'><strong>ἐπὶ</strong></span> <span class='ocrx_word' id='word_1_293' title='bbox 1352 2737 1481 2798; x_wconf 86' lang='grc' dir='ltr'>τοὺς</span> <span class='ocrx_word' id='word_1_294' title='bbox 1512 2738 1577 2789; x_wconf 79' lang='grc' dir='ltr'>ἐκ</span> <span class='ocrx_word' id='word_1_295' title='bbox 1607 2752 1765 2806; x_wconf 87' lang='grc' dir='ltr'>περι-</span> 
     </span>
    </p>
   </div>
   <div class='ocr_carea' id='block_1_43' title="bbox 190 2826 1764 2902">
    <p class='ocr_par' dir='ltr' id='par_1_43' title="bbox 190 2826 1764 2902">
     <span class='ocr_line' id='line_1_43' title="bbox 190 2826 1764 2902; baseline -0.003 -20"><span class='ocrx_word' id='word_1_296' title='bbox 190 2834 374 2902; x_wconf 79' lang='grc' dir='ltr'>τομῆς,</span> <span class='ocrx_word' id='word_1_297' title='bbox 418 2829 611 2900; x_wconf 84' lang='grc' dir='ltr'>ὥσπερ</span> <span class='ocrx_word' id='word_1_298' title='bbox 633 2828 1068 2899; x_wconf 78' lang='grc' dir='ltr'>ἀπολογούμενος</span> <span class='ocrx_word' id='word_1_299' title='bbox 1095 2827 1184 2882; x_wconf 81' lang='grc' dir='ltr'>διὰ</span> <span class='ocrx_word' id='word_1_300' title='bbox 1211 2827 1265 2882; x_wconf 88' lang='grc' dir='ltr'><strong>τί</strong></span> <span class='ocrx_word' id='word_1_301' title='bbox 1289 2826 1358 2880; x_wconf 79' lang='grc' dir='ltr'>τὰ</span> <span class='ocrx_word' id='word_1_302' title='bbox 1387 2826 1516 2897; x_wconf 76' lang='grc' dir='ltr'>ἔθνη</span> <span class='ocrx_word' id='word_1_303' title='bbox 1542 2828 1764 2879; x_wconf 76' lang='grc' dir='ltr'>ἐπισκο-</span> 
     </span>
    </p>
   </div>
   <div class='ocr_carea' id='block_1_44' title="bbox 195 2920 1762 2993">
    <p class='ocr_par' dir='ltr' id='par_1_44' title="bbox 195 2920 1762 2993">
     <span class='ocr_line' id='line_1_44' title="bbox 195 2920 1762 2993; baseline -0.002 -16"><span class='ocrx_word' id='word_1_304' title='bbox 195 2925 390 2993; x_wconf 85' lang='grc' dir='ltr'>πήσας,</span> <span class='ocrx_word' id='word_1_305' title='bbox 425 2923 626 2987; x_wconf 80' lang='grc' dir='ltr'>αὐτοὺς</span> <span class='ocrx_word' id='word_1_306' title='bbox 648 2922 898 2986; x_wconf 77' lang='grc' dir='ltr'>ἐκδότους</span> <span class='ocrx_word' id='word_1_307' title='bbox 926 2922 1202 2992; x_wconf 74' lang='grc' dir='ltr'>ἐποίησεν.</span> <span class='ocrx_word' id='word_1_308' title='bbox 1227 2920 1431 2976; x_wconf 86' lang='grc' dir='ltr'>Τούτου</span> <span class='ocrx_word' id='word_1_309' title='bbox 1455 2920 1559 2992; x_wconf 77' lang='grc' dir='ltr'>γὰρ</span> <span class='ocrx_word' id='word_1_310' title='bbox 1578 2920 1762 2988; x_wconf 78' lang='grc' dir='ltr'>αἴτιοι,</span> 
     </span>
    </p>
   </div>
   <div class='ocr_carea' id='block_1_45' title="bbox 194 3010 1768 3086">
    <p class='ocr_par' dir='ltr' id='par_1_45' title="bbox 194 3010 1768 3086">
     <span class='ocr_line' id='line_1_45' title="bbox 194 3010 1768 3086; baseline 0 -19"><span class='ocrx_word' id='word_1_311' title='bbox 194 3016 390 3086; x_wconf 77' lang='grc' dir='ltr'>φησὶν,</span> <span class='ocrx_word' id='word_1_312' title='bbox 420 3016 604 3086; x_wconf 83' lang='grc' dir='ltr'>ὑμεῖς,</span> <span class='ocrx_word' id='word_1_313' title='bbox 661 3016 763 3068; x_wconf 89' lang='grc' dir='ltr'><strong>οὑκ</strong></span> <span class='ocrx_word' id='word_1_314' title='bbox 816 3013 948 3083; x_wconf 75' lang='grc' dir='ltr'>ἐγώ.</span> <span class='ocrx_word' id='word_1_315' title='bbox 979 3015 1053 3068; x_wconf 86' lang='grc' dir='ltr'><strong>Οὐ</strong></span> <span class='ocrx_word' id='word_1_316' title='bbox 1105 3013 1214 3084; x_wconf 79' lang='grc' dir='ltr'>γὰρ</span> <span class='ocrx_word' id='word_1_317' title='bbox 1258 3011 1370 3082; x_wconf 81' lang='grc' dir='ltr'><strong>ἐγὼ</strong></span> <span class='ocrx_word' id='word_1_318' title='bbox 1415 3013 1515 3084; x_wconf 80' lang='grc' dir='ltr'>τὴν</span> <span class='ocrx_word' id='word_1_319' title='bbox 1542 3010 1768 3083; x_wconf 82' lang='grc' dir='ltr'>μητέρα</span> 
     </span>
    </p>
   </div>
   <div class='ocr_carea' id='block_1_46' title="bbox 192 3085 1837 3178">
    <p class='ocr_par' dir='ltr' id='par_1_46' title="bbox 192 3085 1837 3178">
     <span class='ocr_line' id='line_1_46' title="bbox 192 3085 1837 3178; baseline -0.003 -16"><span class='ocrx_word' id='word_1_320' title='bbox 192 3085 354 3177; x_wconf 74' lang='grc' dir='ltr'>ὑμῶν</span> <span class='ocrx_word' id='word_1_321' title='bbox 376 3085 798 3178; x_wconf 77' lang='grc' dir='ltr'>ἀπεπεμψάμην</span> <span class='ocrx_word' id='word_1_322' title='bbox 826 3106 1179 3178; x_wconf 83' lang='grc' dir='ltr'>Συναγωγὴν,</span> <span class='ocrx_word' id='word_1_323' title='bbox 1207 3106 1241 3175; x_wconf 78' lang='grc' dir='ltr'>ἢ</span> <span class='ocrx_word' id='word_1_324' title='bbox 1269 3104 1370 3175; x_wconf 83' lang='grc' dir='ltr'>τὴν</span> <span class='ocrx_word' id='word_1_325' title='bbox 1403 3105 1496 3158; x_wconf 74' lang='grc' dir='ltr'><strong>ἐπὶ</strong></span> <span class='ocrx_word' id='word_1_326' title='bbox 1520 3106 1623 3176; x_wconf 85' lang='grc' dir='ltr'>γῆς</span> <span class='ocrx_word' id='word_1_327' title='bbox 1665 3104 1767 3158; x_wconf 84' lang='grc' dir='ltr'><strong>Ἱε-</strong></span> <span class='ocrx_word' id='word_1_328' title='bbox 1795 3085 1837 3145; x_wconf 76' lang='lat' dir='ltr'><strong>C</strong></span> 
     </span>
    </p>
   </div>
   <div class='ocr_carea' id='block_1_47' title="bbox 195 3195 1772 3269">
    <p class='ocr_par' dir='ltr' id='par_1_47' title="bbox 195 3195 1772 3269">
     <span class='ocr_line' id='line_1_47' title="bbox 195 3195 1772 3269; baseline -0.002 -19"><span class='ocrx_word' id='word_1_329' title='bbox 195 3198 478 3268; x_wconf 74' lang='grc' dir='ltr'>ρουσαλὴμ</span> <span class='ocrx_word' id='word_1_330' title='bbox 509 3198 589 3269; x_wconf 90' lang='grc' dir='ltr'>(οὑ</span> <span class='ocrx_word' id='word_1_331' title='bbox 618 3198 777 3252; x_wconf 84' lang='grc' dir='ltr'>τοῦτο</span> <span class='ocrx_word' id='word_1_332' title='bbox 801 3197 911 3267; x_wconf 79' lang='grc' dir='ltr'>γὰρ</span> <span class='ocrx_word' id='word_1_333' title='bbox 965 3199 998 3267; x_wconf 84' lang='grc' dir='ltr'><strong>ἡ</strong></span> <span class='ocrx_word' id='word_1_334' title='bbox 1038 3195 1128 3250; x_wconf 81' lang='grc' dir='ltr'><strong>διὰ</strong></span> <span class='ocrx_word' id='word_1_335' title='bbox 1179 3197 1425 3260; x_wconf 80' lang='grc' dir='ltr'>Μωσέως</span> <span class='ocrx_word' id='word_1_336' title='bbox 1481 3195 1772 3266; x_wconf 75' lang='grc' dir='ltr'>νομοθεσία</span> 
     </span>
    </p>
   </div>
   <div class='ocr_carea' id='block_1_48' title="bbox 192 3278 1774 3361">
    <p class='ocr_par' dir='ltr' id='par_1_48' title="bbox 192 3278 1774 3361">
     <span class='ocr_line' id='line_1_48' title="bbox 192 3278 1774 3361; baseline -0.001 -19"><span class='ocrx_word' id='word_1_337' title='bbox 192 3289 593 3360; x_wconf 84' lang='grc' dir='ltr'>δηλοῖ),σχέσιν</span> <span class='ocrx_word' id='word_1_338' title='bbox 623 3289 680 3342; x_wconf 87' lang='grc' dir='ltr'>δὲ</span> <span class='ocrx_word' id='word_1_339' title='bbox 708 3289 807 3361; x_wconf 83' lang='grc' dir='ltr'>τὴν</span> <span class='ocrx_word' id='word_1_340' title='bbox 840 3278 972 3360; x_wconf 73' lang='grc' dir='ltr'>περὶ</span> <span class='ocrx_word' id='word_1_341' title='bbox 1005 3286 1026 3327; x_wconf 83' lang='lat'>1</span> <span class='ocrx_word' id='word_1_342' title='bbox 1060 3288 1240 3359; x_wconf 76' lang='grc' dir='ltr'>ὑμᾶς’</span> <span class='ocrx_word' id='word_1_343' title='bbox 1282 3288 1348 3359; x_wconf 72' lang='grc' dir='ltr'>ἣν</span> <span class='ocrx_word' id='word_1_344' title='bbox 1378 3290 1407 3341; x_wconf 86' lang='grc' dir='ltr'>ὁ</span> <span class='ocrx_word' id='word_1_345' title='bbox 1435 3288 1664 3359; x_wconf 78' lang='grc' dir='ltr'>Μωσῆς,</span> <span class='ocrx_word' id='word_1_346' title='bbox 1697 3287 1774 3351; x_wconf 88' lang='grc' dir='ltr'>ὡς</span> 
     </span>
    </p>
   </div>
   <div class='ocr_carea' id='block_1_49' title="bbox 192 3378 1771 3454">
    <p class='ocr_par' dir='ltr' id='par_1_49' title="bbox 192 3378 1771 3454">
     <span class='ocr_line' id='line_1_49' title="bbox 192 3378 1771 3454; baseline 0.001 -23"><span class='ocrx_word' id='word_1_347' title='bbox 192 3378 318 3433; x_wconf 68' lang='grc' dir='ltr'>ἕδνα</span> <span class='ocrx_word' id='word_1_348' title='bbox 364 3381 557 3454; x_wconf 59' lang='grc' dir='ltr'>νύμφῃ</span> <span class='ocrx_word' id='word_1_349' title='bbox 614 3381 798 3435; x_wconf 71' lang='grc' dir='ltr'>δοῦναι</span> <span class='ocrx_word' id='word_1_350' title='bbox 857 3379 1217 3451; x_wconf 84' lang='grc' dir='ltr'>βουλόμενος,</span> <span class='ocrx_word' id='word_1_351' title='bbox 1274 3378 1368 3433; x_wconf 74' lang='grc' dir='ltr'>καὶ</span> <span class='ocrx_word' id='word_1_352' title='bbox 1410 3379 1592 3450; x_wconf 85' lang='grc' dir='ltr'>φέρων</span> <span class='ocrx_word' id='word_1_353' title='bbox 1620 3379 1771 3448; x_wconf 83' lang='grc' dir='ltr'>ὑμῖν,</span> 
     </span>
    </p>
   </div>
   <div class='ocr_carea' id='block_1_50' title="bbox 197 3469 1774 3544">
    <p class='ocr_par' dir='ltr' id='par_1_50' title="bbox 197 3469 1774 3544">
     <span class='ocr_line' id='line_1_50' title="bbox 197 3469 1774 3544; baseline -0.001 -20"><span class='ocrx_word' id='word_1_354' title='bbox 197 3473 569 3542; x_wconf 84' lang='grc' dir='ltr'>μοιχεύσασαν</span> <span class='ocrx_word' id='word_1_355' title='bbox 601 3473 691 3527; x_wconf 81' lang='grc' dir='ltr'>διὰ</span> <span class='ocrx_word' id='word_1_356' title='bbox 735 3473 836 3544; x_wconf 78' lang='grc' dir='ltr'><strong>τῆς</strong></span> <span class='ocrx_word' id='word_1_357' title='bbox 872 3471 1227 3543; x_wconf 86' lang='grc' dir='ltr'>μοσχοποιίας</span> <span class='ocrx_word' id='word_1_358' title='bbox 1278 3469 1457 3543; x_wconf 88' lang='grc' dir='ltr'>εὑρὼν</span> <span class='ocrx_word' id='word_1_359' title='bbox 1492 3471 1591 3541; x_wconf 81' lang='grc' dir='ltr'>τὴν</span> <span class='ocrx_word' id='word_1_360' title='bbox 1643 3470 1774 3523; x_wconf 80' lang='grc' dir='ltr'>Συν-</span> 
     </span>
    </p>
   </div>
   <div class='ocr_carea' id='block_1_51' title="bbox 193 3559 1772 3648">
    <p class='ocr_par' dir='ltr' id='par_1_51' title="bbox 193 3559 1772 3648">
     <span class='ocr_line' id='line_1_51' title="bbox 193 3559 1772 3648; baseline -0.001 -32"><span class='ocrx_word' id='word_1_361' title='bbox 193 3564 418 3636; x_wconf 77' lang='grc' dir='ltr'>αγωγὴν</span> <span class='ocrx_word' id='word_1_362' title='bbox 448 3565 740 3619; x_wconf 84' lang='grc' dir='ltr'>διέσπασεν</span> <span class='ocrx_word' id='word_1_363' title='bbox 787 3563 1014 3628; x_wconf 84' lang='grc' dir='ltr'>ἀναξίαν</span> <span class='ocrx_word' id='word_1_364' title='bbox 1053 3561 1230 3634; x_wconf 86' lang='grc' dir='ltr'>εὑρὼν</span> <span class='ocrx_word' id='word_1_365' title='bbox 1266 3572 1306 3600; x_wconf 77' lang='grc' dir='ltr'>ω</span> <span class='ocrx_word' id='word_1_366' title='bbox 1350 3561 1459 3616; x_wconf 84' lang='grc' dir='ltr'><strong>τῶν</strong></span> <span class='ocrx_word' id='word_1_367' title='bbox 1487 3560 1636 3648; x_wconf 69' lang='grc' dir='ltr'>ὲμῷν</span> <span class='ocrx_word' id='word_1_368' title='bbox 1668 3559 1772 3614; x_wconf 84' lang='grc' dir='ltr'>δω-</span> 
     </span>
    </p>
   </div>
   <div class='ocr_carea' id='block_1_52' title="bbox 194 3654 353 3726">
    <p class='ocr_par' dir='ltr' id='par_1_52' title="bbox 194 3654 353 3726">
     <span class='ocr_line' id='line_1_52' title="bbox 194 3654 353 3726; baseline -0.006 -16"><span class='ocrx_word' id='word_1_369' title='bbox 194 3654 353 3726; x_wconf 76' lang='grc' dir='ltr'>ρεῶν.</span> 
     </span>
    </p>
   </div>
   <div class='ocr_carea' id='block_1_53' title="bbox 260 3830 1777 3903">
    <p class='ocr_par' dir='ltr' id='par_1_53' title="bbox 260 3830 1777 3903">
     <span class='ocr_line' id='line_1_53' title="bbox 260 3830 1777 3903; baseline -0.002 -18"><span class='ocrx_word' id='word_1_370' title='bbox 260 3831 619 3903; x_wconf 81' lang='grc' dir='ltr'>Παραϐάλλει</span> <span class='ocrx_word' id='word_1_371' title='bbox 660 3833 717 3887; x_wconf 81' lang='grc' dir='ltr'>δὲ</span> <span class='ocrx_word' id='word_1_372' title='bbox 750 3830 946 3885; x_wconf 79' lang='grc' dir='ltr'>ἑαυτὸν</span> <span class='ocrx_word' id='word_1_373' title='bbox 995 3830 1129 3885; x_wconf 68' lang='grc' dir='ltr'>ποτε</span> <span class='ocrx_word' id='word_1_374' title='bbox 1183 3831 1281 3902; x_wconf 82' lang='grc' dir='ltr'>μὲν</span> <span class='ocrx_word' id='word_1_375' title='bbox 1311 3831 1487 3903; x_wconf 77' lang='grc' dir='ltr'>ἀνδρὶ,</span> <span class='ocrx_word' id='word_1_376' title='bbox 1529 3832 1605 3896; x_wconf 82' lang='grc' dir='ltr'>ὡς</span> <span class='ocrx_word' id='word_1_377' title='bbox 1637 3830 1777 3902; x_wconf 80' lang='grc' dir='ltr'>πρὸς</span> 
     </span>
    </p>
   </div>
   <div class='ocr_carea' id='block_1_54' title="bbox 192 3921 1776 3996">
    <p class='ocr_par' dir='ltr' id='par_1_54' title="bbox 192 3921 1776 3996">
     <span class='ocr_line' id='line_1_54' title="bbox 192 3921 1776 3996; baseline 0 -19"><span class='ocrx_word' id='word_1_378' title='bbox 192 3927 451 3993; x_wconf 77' lang='grc' dir='ltr'>γυναῖκα,</span> <span class='ocrx_word' id='word_1_379' title='bbox 488 3924 620 3978; x_wconf 80' lang='grc' dir='ltr'>ποτὲ</span> <span class='ocrx_word' id='word_1_380' title='bbox 668 3923 728 3976; x_wconf 83' lang='grc' dir='ltr'>δὲ</span> <span class='ocrx_word' id='word_1_381' title='bbox 772 3922 1032 3996; x_wconf 77' lang='grc' dir='ltr'>δεσπότῃ,</span> <span class='ocrx_word' id='word_1_382' title='bbox 1060 3922 1137 3987; x_wconf 83' lang='grc' dir='ltr'>ὡς</span> <span class='ocrx_word' id='word_1_383' title='bbox 1182 3922 1319 3993; x_wconf 73' lang='grc' dir='ltr'>πρὸς</span> <span class='ocrx_word' id='word_1_384' title='bbox 1360 3921 1597 3986; x_wconf 80' lang='grc' dir='ltr'>οἰκέτας.</span> <span class='ocrx_word' id='word_1_385' title='bbox 1642 3924 1776 3978; x_wconf 80' lang='grc' dir='ltr'>Οὐδὲ</span> 
     </span>
    </p>
   </div>
   <div class='ocr_carea' id='block_1_55' title="bbox 192 4013 1776 4086">
    <p class='ocr_par' dir='ltr' id='par_1_55' title="bbox 192 4013 1776 4086">
     <span class='ocr_line' id='line_1_55' title="bbox 192 4013 1776 4086; baseline 0 -17"><span class='ocrx_word' id='word_1_386' title='bbox 192 4016 301 4086; x_wconf 79' lang='grc' dir='ltr'>γὰρ</span> <span class='ocrx_word' id='word_1_387' title='bbox 338 4017 417 4080; x_wconf 87' lang='grc' dir='ltr'>ὡς</span> <span class='ocrx_word' id='word_1_388' title='bbox 449 4016 518 4071; x_wconf 81' lang='grc' dir='ltr'>ἄν</span> <span class='ocrx_word' id='word_1_389' title='bbox 562 4032 645 4079; x_wconf 87' lang='grc' dir='ltr'><strong>τις</strong></span> <span class='ocrx_word' id='word_1_390' title='bbox 702 4013 969 4085; x_wconf 86' lang='grc' dir='ltr'>δεσπότης</span> <span class='ocrx_word' id='word_1_391' title='bbox 1017 4013 1249 4081; x_wconf 77' lang='grc' dir='ltr'>ὀφείλων</span> <span class='ocrx_word' id='word_1_392' title='bbox 1286 4013 1566 4085; x_wconf 81' lang='grc' dir='ltr'>ἀπεδόμην</span> <span class='ocrx_word' id='word_1_393' title='bbox 1610 4013 1776 4085; x_wconf 83' lang='grc' dir='ltr'>ὑμᾶς.</span> 
     </span>
    </p>
   </div>
   <div class='ocr_carea' id='block_1_56' title="bbox 204 4104 1777 4177">
    <p class='ocr_par' dir='ltr' id='par_1_56' title="bbox 204 4104 1777 4177">
     <span class='ocr_line' id='line_1_56' title="bbox 204 4104 1777 4177; baseline 0 -18"><span class='ocrx_word' id='word_1_394' title='bbox 204 4107 348 4159; x_wconf 82' lang='grc' dir='ltr'>Ἀλλ’</span> <span class='ocrx_word' id='word_1_395' title='bbox 371 4107 549 4177; x_wconf 82' lang='grc' dir='ltr'>ὑμεῖς</span> <span class='ocrx_word' id='word_1_396' title='bbox 576 4104 671 4158; x_wconf 81' lang='grc' dir='ltr'><strong>ἀπ’</strong></span> <span class='ocrx_word' id='word_1_397' title='bbox 702 4106 878 4177; x_wconf 85' lang='grc' dir='ltr'>ἀρχῆς</span> <span class='ocrx_word' id='word_1_398' title='bbox 902 4106 981 4168; x_wconf 67' lang='grc' dir='ltr'>εἰς</span> <span class='ocrx_word' id='word_1_399' title='bbox 1008 4104 1164 4167; x_wconf 85' lang='grc' dir='ltr'>τέλος</span> <span class='ocrx_word' id='word_1_400' title='bbox 1207 4105 1653 4177; x_wconf 77' lang='grc' dir='ltr'>παρανομοῦντες</span> <span class='ocrx_word' id='word_1_401' title='bbox 1681 4106 1777 4159; x_wconf 83' lang='grc' dir='ltr'><strong>ὲκ-</strong></span> 
     </span>
    </p>
   </div>
   <div class='ocr_carea' id='block_1_57' title="bbox 192 4191 1780 4266">
    <p class='ocr_par' dir='ltr' id='par_1_57' title="bbox 192 4191 1780 4266">
     <span class='ocr_line' id='line_1_57' title="bbox 192 4191 1780 4266; baseline -0.001 -16"><span class='ocrx_word' id='word_1_402' title='bbox 192 4196 492 4266; x_wconf 82' lang='grc' dir='ltr'>ϐἐϐλησθε,</span> <span class='ocrx_word' id='word_1_403' title='bbox 522 4196 849 4264; x_wconf 72' lang='grc' dir='ltr'>πραθέντες</span> <span class='ocrx_word' id='word_1_404' title='bbox 878 4195 1002 4262; x_wconf 84' lang='grc' dir='ltr'>τοῖς</span> <span class='ocrx_word' id='word_1_405' title='bbox 1032 4194 1473 4265; x_wconf 78' lang='grc' dir='ltr'>ἁμαρτήμασιν,</span> <span class='ocrx_word' id='word_1_406' title='bbox 1518 4191 1600 4259; x_wconf 73' lang='grc' dir='ltr'>οἷς</span> <span class='ocrx_word' id='word_1_407' title='bbox 1632 4195 1780 4250; x_wconf 83' lang='grc' dir='ltr'>ἐδου-</span> 
     </span>
    </p>
   </div>
   <div class='ocr_carea' id='block_1_58' title="bbox 190 4284 1781 4361">
    <p class='ocr_par' dir='ltr' id='par_1_58' title="bbox 190 4284 1781 4361">
     <span class='ocr_line' id='line_1_58' title="bbox 190 4284 1781 4361; baseline -0.001 -19"><span class='ocrx_word' id='word_1_408' title='bbox 190 4289 430 4361; x_wconf 80' lang='grc' dir='ltr'>λώθητε,</span> <span class='ocrx_word' id='word_1_409' title='bbox 478 4288 681 4359; x_wconf 82' lang='grc' dir='ltr'>τοὺμδν</span> <span class='ocrx_word' id='word_1_410' title='bbox 733 4285 900 4358; x_wconf 81' lang='grc' dir='ltr'>μέρος</span> <span class='ocrx_word' id='word_1_411' title='bbox 955 4285 1239 4355; x_wconf 80' lang='grc' dir='ltr'>γεγονότες</span> <span class='ocrx_word' id='word_1_412' title='bbox 1296 4284 1634 4351; x_wconf 69' lang='grc' dir='ltr'>αὑτεξούσιιιι</span> <span class='ocrx_word' id='word_1_413' title='bbox 1687 4287 1781 4341; x_wconf 72' lang='grc' dir='ltr'>καὶ</span> 
     </span>
    </p>
   </div>
   <div class='ocr_carea' id='block_1_59' title="bbox 2495 1728 2775 1784">
    <p class='ocr_par' dir='ltr' id='par_1_59' title="bbox 2495 1728 2775 1784">
     <span class='ocr_line' id='line_1_59' title="bbox 2495 1728 2775 1784; baseline -0.004 0"><span class='ocrx_word' id='word_1_414' title='bbox 2495 1728 2652 1784; x_wconf 75' lang='lat' dir='ltr'><strong>CAP.</strong></span> <span class='ocrx_word' id='word_1_415' title='bbox 2713 1728 2775 1783; x_wconf 89' lang='lat' dir='ltr'><strong>L.</strong></span> 
     </span>
    </p>
   </div>
   <div class='ocr_carea' id='block_1_60' title="bbox 1934 1817 3444 1893">
    <p class='ocr_par' dir='ltr' id='par_1_60' title="bbox 1934 1817 3444 1893">
     <span class='ocr_line' id='line_1_60' title="bbox 1934 1817 3444 1893; baseline -0.004 -11"><span class='ocrx_word' id='word_1_416' title='bbox 1934 1817 2293 1889; x_wconf 78' lang='lat'><strong>569-570</strong></span> <span class='ocrx_word' id='word_1_417' title='bbox 2315 1817 2481 1875; x_wconf 71' lang='lat' dir='ltr'><strong>Vens.</strong></span> <span class='ocrx_word' id='word_1_418' title='bbox 2524 1821 2675 1875; x_wconf 71' lang='lat' dir='ltr'><strong>1-H.</strong></span> <span class='ocrx_word' id='word_1_419' title='bbox 2719 1821 2810 1876; x_wconf 88' lang='lat' dir='ltr'><strong>Sic</strong></span> <span class='ocrx_word' id='word_1_420' title='bbox 2844 1821 2972 1876; x_wconf 83' lang='lat' dir='ltr'><strong>dicit</strong></span> <span class='ocrx_word' id='word_1_421' title='bbox 2999 1821 3275 1887; x_wconf 84' lang='lat' dir='ltr'><strong>Dominus,</strong></span> <span class='ocrx_word' id='word_1_422' title='bbox 3304 1841 3444 1893; x_wconf 83' lang='lat' dir='ltr'><strong>qua-</strong></span> 
     </span>
    </p>
   </div>
   <div class='ocr_carea' id='block_1_61' title="bbox 1863 1908 3447 1983">
    <p class='ocr_par' dir='ltr' id='par_1_61' title="bbox 1863 1908 3447 1983">
     <span class='ocr_line' id='line_1_61' title="bbox 1863 1908 3447 1983; baseline 0.004 -20"><span class='ocrx_word' id='word_1_423' title='bbox 1863 1909 1929 1963; x_wconf 83' lang='lat' dir='ltr'><strong>lis</strong></span> <span class='ocrx_word' id='word_1_424' title='bbox 1958 1911 2042 1963; x_wconf 84' lang='lat' dir='ltr'><strong>hic</strong></span> <span class='ocrx_word' id='word_1_425' title='bbox 2073 1909 2204 1964; x_wconf 83' lang='lat' dir='ltr'><strong>liber</strong></span> <span class='ocrx_word' id='word_1_426' title='bbox 2229 1908 2433 1980; x_wconf 83' lang='lat' dir='ltr'><strong>repudii</strong></span> <span class='ocrx_word' id='word_1_427' title='bbox 2459 1913 2643 1965; x_wconf 79' lang='lat' dir='ltr'><strong>matris</strong></span> <span class='ocrx_word' id='word_1_428' title='bbox 2680 1922 2883 1977; x_wconf 62' lang='lat' dir='ltr'><strong>vestrae,</strong></span> <span class='ocrx_word' id='word_1_429' title='bbox 2912 1931 3013 1983; x_wconf 87' lang='lat' dir='ltr'><strong>quo</strong></span> <span class='ocrx_word' id='word_1_430' title='bbox 3044 1915 3224 1968; x_wconf 81' lang='lat' dir='ltr'><strong>dimisi</strong></span> <span class='ocrx_word' id='word_1_431' title='bbox 3271 1932 3389 1969; x_wconf 88' lang='lat' dir='ltr'><strong>eam</strong></span> <span class='ocrx_word' id='word_1_432' title='bbox 3421 1917 3447 1969; x_wconf 79' lang='lat'><em>?</em></span> 
     </span>
    </p>
   </div>
   <div class='ocr_carea' id='block_1_62' title="bbox 1863 2002 3447 2061">
    <p class='ocr_par' dir='ltr' id='par_1_62' title="bbox 1863 2002 3447 2061">
     <span class='ocr_line' id='line_1_62' title="bbox 1863 2002 3447 2061; baseline 0.004 -7"><span class='ocrx_word' id='word_1_433' title='bbox 1863 2008 1956 2054; x_wconf 85' lang='lat' dir='ltr'><strong>aut</strong></span> <span class='ocrx_word' id='word_1_434' title='bbox 2000 2002 2088 2054; x_wconf 83' lang='lat' dir='ltr'><strong>cui</strong></span> <span class='ocrx_word' id='word_1_435' title='bbox 2127 2002 2378 2055; x_wconf 84' lang='lat' dir='ltr'><strong>creditori</strong></span> <span class='ocrx_word' id='word_1_436' title='bbox 2402 2010 2451 2055; x_wconf 89' lang='lat' dir='ltr'><strong>et</strong></span> <span class='ocrx_word' id='word_1_437' title='bbox 2471 2004 2709 2056; x_wconf 70' lang='lat' dir='ltr'><strong>exactori</strong></span> <span class='ocrx_word' id='word_1_438' title='bbox 2740 2019 2853 2057; x_wconf 90' lang='lat' dir='ltr'><strong>meo</strong></span> <span class='ocrx_word' id='word_1_439' title='bbox 2882 2004 3091 2058; x_wconf 78' lang='lat' dir='ltr'><strong>vendidi</strong></span> <span class='ocrx_word' id='word_1_440' title='bbox 3118 2020 3204 2059; x_wconf 84' lang='lat' dir='ltr'><strong>vos</strong></span> <span class='ocrx_word' id='word_1_441' title='bbox 3229 2008 3254 2061; x_wconf 76' lang='lat'><strong><em>?</em></strong></span> <span class='ocrx_word' id='word_1_442' title='bbox 3312 2005 3447 2060; x_wconf 76' lang='lat' dir='ltr'><strong>Ecce</strong></span> 
     </span>
    </p>
   </div>
   <div class='ocr_carea' id='block_1_63' title="bbox 1861 2094 3445 2167">
    <p class='ocr_par' dir='ltr' id='par_1_63' title="bbox 1861 2094 3445 2167">
     <span class='ocr_line' id='line_1_63' title="bbox 1861 2094 3445 2167; baseline 0.004 -21"><span class='ocrx_word' id='word_1_443' title='bbox 1861 2095 2090 2162; x_wconf 84' lang='lat' dir='ltr'><strong>peccatis</strong></span> <span class='ocrx_word' id='word_1_444' title='bbox 2130 2096 2317 2148; x_wconf 78' lang='lat' dir='ltr'><strong>vestris</strong></span> <span class='ocrx_word' id='word_1_445' title='bbox 2365 2094 2648 2149; x_wconf 84' lang='lat' dir='ltr'><strong>venundati</strong></span> <span class='ocrx_word' id='word_1_446' title='bbox 2697 2097 2850 2157; x_wconf 84' lang='lat' dir='ltr'><strong>estis,</strong></span> <span class='ocrx_word' id='word_1_447' title='bbox 2903 2106 2951 2149; x_wconf 88' lang='lat' dir='ltr'><strong>et</strong></span> <span class='ocrx_word' id='word_1_448' title='bbox 2978 2097 3032 2150; x_wconf 90' lang='lat' dir='ltr'><strong>in</strong></span> <span class='ocrx_word' id='word_1_449' title='bbox 3074 2098 3445 2167; x_wconf 73' lang='lat' dir='ltr'><strong>iniquitatibus</strong></span> 
     </span>
    </p>
   </div>
   <div class='ocr_carea' id='block_1_64' title="bbox 1864 2178 3448 2258">
    <p class='ocr_par' dir='ltr' id='par_1_64' title="bbox 1864 2178 3448 2258">
     <span class='ocr_line' id='line_1_64' title="bbox 1864 2178 3448 2258; baseline 0.003 -20"><span class='ocrx_word' id='word_1_450' title='bbox 1864 2185 2048 2239; x_wconf 80' lang='lat' dir='ltr'><strong>vestris</strong></span> <span class='ocrx_word' id='word_1_451' title='bbox 2081 2185 2264 2239; x_wconf 83' lang='lat' dir='ltr'><strong>dimisi</strong></span> <span class='ocrx_word' id='word_1_452' title='bbox 2298 2178 2520 2239; x_wconf 64' lang='lat' dir='ltr'><strong>nfatrem</strong></span> <span class='ocrx_word' id='word_1_453' title='bbox 2549 2195 2796 2242; x_wconf 80' lang='lat' dir='ltr'><strong>vestram.</strong></span> <span class='ocrx_word' id='word_1_454' title='bbox 2837 2186 2999 2255; x_wconf 83' lang='lat' dir='ltr'><strong>Quid,</strong></span> <span class='ocrx_word' id='word_1_455' title='bbox 3031 2190 3156 2258; x_wconf 86' lang='lat' dir='ltr'><strong>quia</strong></span> <span class='ocrx_word' id='word_1_456' title='bbox 3208 2190 3342 2255; x_wconf 73' lang='lat' dir='ltr'><strong>veni,</strong></span> <span class='ocrx_word' id='word_1_457' title='bbox 3396 2198 3448 2242; x_wconf 85' lang='lat' dir='ltr'><strong>et</strong></span> 
     </span>
    </p>
   </div>
   <div class='ocr_carea' id='block_1_65' title="bbox 1864 2274 3451 2349">
    <p class='ocr_par' dir='ltr' id='par_1_65' title="bbox 1864 2274 3451 2349">
     <span class='ocr_line' id='line_1_65' title="bbox 1864 2274 3451 2349; baseline 0.005 -20"><span class='ocrx_word' id='word_1_458' title='bbox 1864 2290 1981 2337; x_wconf 18' lang='lat' dir='ltr'><strong>non,</strong></span> <span class='ocrx_word' id='word_1_459' title='bbox 2019 2284 2131 2329; x_wconf 85' lang='lat' dir='ltr'><strong>erat</strong></span> <span class='ocrx_word' id='word_1_460' title='bbox 2160 2274 2314 2329; x_wconf 82' lang='lat' dir='ltr'><strong>homo</strong></span> <span class='ocrx_word' id='word_1_461' title='bbox 2338 2275 2364 2329; x_wconf 78' lang='lat'><strong><em>?</em></strong></span> <span class='ocrx_word' id='word_1_462' title='bbox 2419 2277 2619 2341; x_wconf 79' lang='lat' dir='ltr'><strong>vocavi,</strong></span> <span class='ocrx_word' id='word_1_463' title='bbox 2659 2285 2709 2331; x_wconf 89' lang='lat' dir='ltr'><strong>et</strong></span> <span class='ocrx_word' id='word_1_464' title='bbox 2754 2295 2856 2332; x_wconf 89' lang='lat' dir='ltr'><strong>non</strong></span> <span class='ocrx_word' id='word_1_465' title='bbox 2901 2288 3016 2332; x_wconf 90' lang='lat' dir='ltr'><strong>erat</strong></span> <span class='ocrx_word' id='word_1_466' title='bbox 3051 2281 3140 2349; x_wconf 84' lang='lat' dir='ltr'><strong>qui</strong></span> <span class='ocrx_word' id='word_1_467' title='bbox 3167 2280 3397 2335; x_wconf 87' lang='lat' dir='ltr'><strong>obediret</strong></span> <span class='ocrx_word' id='word_1_468' title='bbox 3423 2283 3451 2337; x_wconf 72' lang='grc'><em>9</em></span> 
     </span>
    </p>
   </div>
   <div class='ocr_carea' id='block_1_66' title="bbox 1864 2375 1973 2422">
    <p class='ocr_par' dir='ltr' id='par_1_66' title="bbox 1864 2375 1973 2422">
     <span class='ocr_line' id='line_1_66' title="bbox 1864 2375 1973 2422; baseline -0.018 0"><span class='ocrx_word' id='word_1_469' title='bbox 1864 2375 1973 2422; x_wconf 90' lang='lat' dir='ltr'><strong>etc.</strong></span> 
     </span>
    </p>
   </div>
   <div class='ocr_carea' id='block_1_67' title="bbox 1937 2457 3445 2533">
    <p class='ocr_par' dir='ltr' id='par_1_67' title="bbox 1937 2457 3445 2533">
     <span class='ocr_line' id='line_1_67' title="bbox 1937 2457 3445 2533; baseline 0.004 -22"><span class='ocrx_word' id='word_1_470' title='bbox 1937 2457 2204 2512; x_wconf 82' lang='lat' dir='ltr'><strong>Absoluta</strong></span> <span class='ocrx_word' id='word_1_471' title='bbox 2263 2457 2640 2528; x_wconf 89' lang='lat' dir='ltr'><strong>disputatione</strong></span> <span class='ocrx_word' id='word_1_472' title='bbox 2688 2457 2757 2515; x_wconf 90' lang='lat' dir='ltr'><strong>de</strong></span> <span class='ocrx_word' id='word_1_473' title='bbox 2814 2460 3096 2532; x_wconf 76' lang='lat' dir='ltr'><strong>Evangelii</strong></span> <span class='ocrx_word' id='word_1_474' title='bbox 3166 2464 3445 2533; x_wconf 73' lang='lat' dir='ltr'><strong>praeconio</strong></span> 
     </span>
    </p>
   </div>
   <div class='ocr_carea' id='block_1_68' title="bbox 1866 2551 3445 2626">
    <p class='ocr_par' dir='ltr' id='par_1_68' title="bbox 1866 2551 3445 2626">
     <span class='ocr_line' id='line_1_68' title="bbox 1866 2551 3445 2626; baseline 0.003 -19"><span class='ocrx_word' id='word_1_475' title='bbox 1866 2552 2042 2622; x_wconf 80' lang='lat' dir='ltr'><strong>deque</strong></span> <span class='ocrx_word' id='word_1_476' title='bbox 2075 2567 2170 2621; x_wconf 89' lang='lat' dir='ltr'><strong>per</strong></span> <span class='ocrx_word' id='word_1_477' title='bbox 2192 2553 2370 2623; x_wconf 91' lang='lat' dir='ltr'><strong>ipsum</strong></span> <span class='ocrx_word' id='word_1_478' title='bbox 2401 2551 2544 2608; x_wconf 85' lang='lat' dir='ltr'><strong>facta</strong></span> <span class='ocrx_word' id='word_1_479' title='bbox 2568 2556 2812 2624; x_wconf 79' lang='lat' dir='ltr'><strong>gentium</strong></span> <span class='ocrx_word' id='word_1_480' title='bbox 2856 2560 3189 2624; x_wconf 89' lang='lat' dir='ltr'><strong>vocatione;</strong></span> <span class='ocrx_word' id='word_1_481' title='bbox 3246 2560 3314 2613; x_wconf 91' lang='lat' dir='ltr'><strong>de</strong></span> <span class='ocrx_word' id='word_1_482' title='bbox 3368 2558 3445 2626; x_wconf 87' lang='lat' dir='ltr'><strong>pii</strong></span> 
     </span>
    </p>
   </div>
   <div class='ocr_carea' id='block_1_69' title="bbox 1868 2642 3449 2718">
    <p class='ocr_par' dir='ltr' id='par_1_69' title="bbox 1868 2642 3449 2718">
     <span class='ocr_line' id='line_1_69' title="bbox 1868 2642 3449 2718; baseline 0.005 -22"><span class='ocrx_word' id='word_1_483' title='bbox 1868 2642 1994 2697; x_wconf 89' lang='lat' dir='ltr'><strong>item</strong></span> <span class='ocrx_word' id='word_1_484' title='bbox 2017 2643 2297 2715; x_wconf 82' lang='lat' dir='ltr'><strong>regiminis</strong></span> <span class='ocrx_word' id='word_1_485' title='bbox 2317 2644 2590 2712; x_wconf 90' lang='lat' dir='ltr'><strong>instituto,</strong></span> <span class='ocrx_word' id='word_1_486' title='bbox 2610 2645 2676 2700; x_wconf 92' lang='lat' dir='ltr'><strong>de</strong></span> <span class='ocrx_word' id='word_1_487' title='bbox 2698 2648 2933 2716; x_wconf 69' lang='lat' dir='ltr'><strong>gigantis</strong></span> <span class='ocrx_word' id='word_1_488' title='bbox 2965 2648 3186 2703; x_wconf 87' lang='lat' dir='ltr'><strong>interitu</strong></span> <span class='ocrx_word' id='word_1_489' title='bbox 3210 2650 3449 2718; x_wconf 83' lang='lat' dir='ltr'><strong>denique</strong></span> 
     </span>
    </p>
   </div>
   <div class='ocr_carea' id='block_1_70' title="bbox 1867 2735 3447 2809">
    <p class='ocr_par' dir='ltr' id='par_1_70' title="bbox 1867 2735 3447 2809">
     <span class='ocr_line' id='line_1_70' title="bbox 1867 2735 3447 2809; baseline 0.004 -21"><span class='ocrx_word' id='word_1_490' title='bbox 1867 2750 2026 2806; x_wconf 90' lang='lat' dir='ltr'><strong>quem</strong></span> <span class='ocrx_word' id='word_1_491' title='bbox 2057 2735 2359 2790; x_wconf 84' lang='lat' dir='ltr'><strong>nominavit</strong></span> <span class='ocrx_word' id='word_1_492' title='bbox 2395 2753 2409 2790; x_wconf 92' lang='lat'><strong>:</strong></span> <span class='ocrx_word' id='word_1_493' title='bbox 2446 2736 2512 2791; x_wconf 90' lang='lat' dir='ltr'><strong>ad</strong></span> <span class='ocrx_word' id='word_1_494' title='bbox 2558 2737 2921 2793; x_wconf 80' lang='lat' dir='ltr'><strong>circumcisos</strong></span> <span class='ocrx_word' id='word_1_495' title='bbox 2980 2738 3262 2809; x_wconf 78' lang='lat' dir='ltr'><strong>deinceps,</strong></span> <span class='ocrx_word' id='word_1_496' title='bbox 3322 2748 3447 2794; x_wconf 80' lang='lat' dir='ltr'><strong>tan-</strong></span> 
     </span>
    </p>
   </div>
   <div class='ocr_carea' id='block_1_71' title="bbox 1866 2814 3451 2900">
    <p class='ocr_par' dir='ltr' id='par_1_71' title="bbox 1866 2814 3451 2900">
     <span class='ocr_line' id='line_1_71' title="bbox 1866 2814 3451 2900; baseline 0.004 -22"><span class='ocrx_word' id='word_1_497' title='bbox 1866 2840 2030 2896; x_wconf 90' lang='lat' dir='ltr'><strong>quam</strong></span> <span class='ocrx_word' id='word_1_498' title='bbox 2055 2824 2267 2895; x_wconf 85' lang='lat' dir='ltr'><strong>adjecta</strong></span> <span class='ocrx_word' id='word_1_499' title='bbox 2296 2814 2650 2897; x_wconf 74' lang='lat' dir='ltr'><strong>purgatione,</strong></span> <span class='ocrx_word' id='word_1_500' title='bbox 2682 2825 2841 2897; x_wconf 77' lang='lat'><strong>571</strong></span> <span class='ocrx_word' id='word_1_501' title='bbox 2895 2831 3039 2900; x_wconf 91' lang='lat' dir='ltr'><strong>quod</strong></span> <span class='ocrx_word' id='word_1_502' title='bbox 3088 2831 3172 2885; x_wconf 93' lang='lat' dir='ltr'><strong>eis</strong></span> <span class='ocrx_word' id='word_1_503' title='bbox 3232 2830 3451 2899; x_wconf 83' lang='lat' dir='ltr'><strong>rejectis</strong></span> 
     </span>
    </p>
   </div>
   <div class='ocr_carea' id='block_1_72' title="bbox 1868 2917 3450 2991">
    <p class='ocr_par' dir='ltr' id='par_1_72' title="bbox 1868 2917 3450 2991">
     <span class='ocr_line' id='line_1_72' title="bbox 1868 2917 3450 2991; baseline 0.006 -18"><span class='ocrx_word' id='word_1_504' title='bbox 1868 2933 2053 2973; x_wconf 91' lang='lat' dir='ltr'><strong>curam</strong></span> <span class='ocrx_word' id='word_1_505' title='bbox 2086 2917 2327 2988; x_wconf 79' lang='lat' dir='ltr'><strong>gentium</strong></span> <span class='ocrx_word' id='word_1_506' title='bbox 2355 2919 2568 2986; x_wconf 89' lang='lat' dir='ltr'><strong>subeat,</strong></span> <span class='ocrx_word' id='word_1_507' title='bbox 2600 2935 2659 2976; x_wconf 90' lang='lat' dir='ltr'><strong>se</strong></span> <span class='ocrx_word' id='word_1_508' title='bbox 2689 2921 2925 2976; x_wconf 81' lang='lat' dir='ltr'><strong>confert.</strong></span> <span class='ocrx_word' id='word_1_509' title='bbox 2966 2920 3142 2991; x_wconf 88' lang='lat' dir='ltr'><strong>Ilujus</strong></span> <span class='ocrx_word' id='word_1_510' title='bbox 3173 2925 3317 2978; x_wconf 83' lang='lat' dir='ltr'><strong>enim</strong></span> <span class='ocrx_word' id='word_1_511' title='bbox 3356 2942 3450 2982; x_wconf 88' lang='lat' dir='ltr'><strong>vos</strong></span> 
     </span>
    </p>
   </div>
   <div class='ocr_carea' id='block_1_73' title="bbox 1871 3007 3448 3083">
    <p class='ocr_par' dir='ltr' id='par_1_73' title="bbox 1871 3007 3448 3083">
     <span class='ocr_line' id='line_1_73' title="bbox 1871 3007 3448 3083; baseline 0.004 -19"><span class='ocrx_word' id='word_1_512' title='bbox 1871 3010 1925 3064; x_wconf 95' lang='lat' dir='ltr'><strong>in</strong></span> <span class='ocrx_word' id='word_1_513' title='bbox 1955 3024 2140 3075; x_wconf 82' lang='lat' dir='ltr'><strong>causa,</strong></span> <span class='ocrx_word' id='word_1_514' title='bbox 2160 3011 2356 3081; x_wconf 86' lang='lat' dir='ltr'><strong>inquit,</strong></span> <span class='ocrx_word' id='word_1_515' title='bbox 2382 3009 2580 3078; x_wconf 90' lang='lat' dir='ltr'><strong>fuistis,</strong></span> <span class='ocrx_word' id='word_1_516' title='bbox 2603 3028 2713 3067; x_wconf 89' lang='lat' dir='ltr'><strong>non</strong></span> <span class='ocrx_word' id='word_1_517' title='bbox 2734 3028 2833 3083; x_wconf 79' lang='lat' dir='ltr'><strong>ego</strong></span> <span class='ocrx_word' id='word_1_518' title='bbox 2855 3030 2869 3076; x_wconf 88' lang='lat'><strong>;</strong></span> <span class='ocrx_word' id='word_1_519' title='bbox 2890 3007 3203 3083; x_wconf 67' lang='lat' dir='ltr'><strong>nequeipse</strong></span> <span class='ocrx_word' id='word_1_520' title='bbox 3222 3026 3448 3070; x_wconf 86' lang='lat' dir='ltr'><strong>matrem</strong></span> 
     </span>
    </p>
   </div>
   <div class='ocr_carea' id='block_1_74' title="bbox 1870 3101 3451 3173">
    <p class='ocr_par' dir='ltr' id='par_1_74' title="bbox 1870 3101 3451 3173">
     <span class='ocr_line' id='line_1_74' title="bbox 1870 3101 3451 3173; baseline 0.003 -16"><span class='ocrx_word' id='word_1_521' title='bbox 1870 3111 2100 3157; x_wconf 80' lang='lat' dir='ltr'><strong>vestram</strong></span> <span class='ocrx_word' id='word_1_522' title='bbox 2130 3102 2429 3171; x_wconf 86' lang='lat' dir='ltr'><strong>repudiavi.</strong></span> <span class='ocrx_word' id='word_1_523' title='bbox 2452 3101 2790 3173; x_wconf 82' lang='lat' dir='ltr'><strong>Synagogam</strong></span> <span class='ocrx_word' id='word_1_524' title='bbox 2810 3106 3037 3170; x_wconf 61' lang='lat' dir='ltr'><strong>Scilicet,</strong></span> <span class='ocrx_word' id='word_1_525' title='bbox 3061 3114 3154 3159; x_wconf 91' lang='lat' dir='ltr'><strong>aut</strong></span> <span class='ocrx_word' id='word_1_526' title='bbox 3177 3117 3451 3161; x_wconf 87' lang='lat' dir='ltr'><strong>terrenam</strong></span> 
     </span>
    </p>
   </div>
   <div class='ocr_carea' id='block_1_75' title="bbox 1870 3188 3451 3264">
    <p class='ocr_par' dir='ltr' id='par_1_75' title="bbox 1870 3188 3451 3264">
     <span class='ocr_line' id='line_1_75' title="bbox 1870 3188 3451 3264; baseline 0.004 -19"><span class='ocrx_word' id='word_1_527' title='bbox 1870 3188 2172 3247; x_wconf 86' lang='lat' dir='ltr'><strong>Jerusalem</strong></span> <span class='ocrx_word' id='word_1_528' title='bbox 2206 3191 2339 3260; x_wconf 91' lang='lat' dir='ltr'><strong>(non</strong></span> <span class='ocrx_word' id='word_1_529' title='bbox 2371 3193 2514 3247; x_wconf 88' lang='lat' dir='ltr'><strong>enim</strong></span> <span class='ocrx_word' id='word_1_530' title='bbox 2563 3192 2615 3246; x_wconf 83' lang='lat' dir='ltr'><strong>id</strong></span> <span class='ocrx_word' id='word_1_531' title='bbox 2647 3209 2767 3262; x_wconf 67' lang='lat' dir='ltr'><strong>qum</strong></span> <span class='ocrx_word' id='word_1_532' title='bbox 2798 3210 2894 3264; x_wconf 89' lang='lat' dir='ltr'><strong>per</strong></span> <span class='ocrx_word' id='word_1_533' title='bbox 2925 3194 3126 3250; x_wconf 81' lang='lat' dir='ltr'><strong>Mosem</strong></span> <span class='ocrx_word' id='word_1_534' title='bbox 3192 3196 3301 3248; x_wconf 87' lang='lat' dir='ltr'><strong>lata</strong></span> <span class='ocrx_word' id='word_1_535' title='bbox 3362 3195 3451 3251; x_wconf 79' lang='lat' dir='ltr'><strong>lex</strong></span> 
     </span>
    </p>
   </div>
   <div class='ocr_carea' id='block_1_76' title="bbox 1872 3283 3557 3354">
    <p class='ocr_par' dir='ltr' id='par_1_76' title="bbox 1872 3283 3557 3354">
     <span class='ocr_line' id='line_1_76' title="bbox 1872 3283 3557 3354; baseline 0.002 -15"><span class='ocrx_word' id='word_1_536' title='bbox 1872 3293 1977 3349; x_wconf 91' lang='lat' dir='ltr'><strong>est,</strong></span> <span class='ocrx_word' id='word_1_537' title='bbox 2009 3283 2327 3354; x_wconf 81' lang='lat' dir='ltr'><strong>significat),</strong></span> <span class='ocrx_word' id='word_1_538' title='bbox 2355 3284 2449 3340; x_wconf 87' lang='lat' dir='ltr'><strong>sed</strong></span> <span class='ocrx_word' id='word_1_539' title='bbox 2502 3286 2957 3342; x_wconf 85' lang='lat' dir='ltr'><strong>consuetudinem</strong></span> <span class='ocrx_word' id='word_1_540' title='bbox 2988 3298 3044 3342; x_wconf 89' lang='lat' dir='ltr'><strong>et</strong></span> <span class='ocrx_word' id='word_1_541' title='bbox 3105 3287 3454 3343; x_wconf 69' lang='lat' dir='ltr'><strong>faitiiliarita-</strong></span> <span class='ocrx_word' id='word_1_542' title='bbox 3550 3322 3557 3329; x_wconf 93' lang='lat'><strong>-</strong></span> 
     </span>
    </p>
   </div>
   <div class='ocr_carea' id='block_1_77' title="bbox 1875 3376 3454 3450">
    <p class='ocr_par' dir='ltr' id='par_1_77' title="bbox 1875 3376 3454 3450">
     <span class='ocr_line' id='line_1_77' title="bbox 1875 3376 3454 3450; baseline 0.003 -21"><span class='ocrx_word' id='word_1_543' title='bbox 1875 3384 2005 3439; x_wconf 88' lang='lat' dir='ltr'><strong>tem,</strong></span> <span class='ocrx_word' id='word_1_544' title='bbox 2072 3391 2196 3446; x_wconf 85' lang='lat' dir='ltr'><strong>quae</strong></span> <span class='ocrx_word' id='word_1_545' title='bbox 2235 3376 2370 3431; x_wconf 89' lang='lat' dir='ltr'><strong>mihi</strong></span> <span class='ocrx_word' id='word_1_546' title='bbox 2424 3377 2730 3443; x_wconf 80' lang='lat' dir='ltr'><strong>vobiscum,</strong></span> <span class='ocrx_word' id='word_1_547' title='bbox 2787 3379 3176 3434; x_wconf 85' lang='lat' dir='ltr'><strong>intercesserat</strong></span> <span class='ocrx_word' id='word_1_548' title='bbox 3224 3396 3238 3433; x_wconf 90' lang='lat'><strong>:</strong></span> <span class='ocrx_word' id='word_1_549' title='bbox 3289 3393 3454 3450; x_wconf 87' lang='lat' dir='ltr'><strong>quam</strong></span> 
     </span>
    </p>
   </div>
   <div class='ocr_carea' id='block_1_78' title="bbox 1874 3466 3454 3545">
    <p class='ocr_par' dir='ltr' id='par_1_78' title="bbox 1874 3466 3454 3545">
     <span class='ocr_line' id='line_1_78' title="bbox 1874 3466 3454 3545; baseline 0.003 -23"><span class='ocrx_word' id='word_1_550' title='bbox 1874 3466 2052 3524; x_wconf 77' lang='lat' dir='ltr'><strong>Moses</strong></span> <span class='ocrx_word' id='word_1_551' title='bbox 2083 3469 2218 3537; x_wconf 88' lang='lat' dir='ltr'><strong>ipse,</strong></span> <span class='ocrx_word' id='word_1_552' title='bbox 2258 3475 2520 3539; x_wconf 84' lang='lat' dir='ltr'><strong>tanquam</strong></span> <span class='ocrx_word' id='word_1_553' title='bbox 2549 3486 2768 3540; x_wconf 57' lang='lat' dir='ltr'><strong>sponsae.</strong></span> <span class='ocrx_word' id='word_1_554' title='bbox 2810 3487 3036 3526; x_wconf 89' lang='lat' dir='ltr'><strong>munera</strong></span> <span class='ocrx_word' id='word_1_555' title='bbox 3071 3471 3300 3545; x_wconf 74' lang='lat' dir='ltr'><strong>daturus</strong></span> <span class='ocrx_word' id='word_1_556' title='bbox 3359 3487 3454 3526; x_wconf 87' lang='lat' dir='ltr'><strong>vo-</strong></span> 
     </span>
    </p>
   </div>
   <div class='ocr_carea' id='block_1_79' title="bbox 1875 3558 3462 3634">
    <p class='ocr_par' dir='ltr' id='par_1_79' title="bbox 1875 3558 3462 3634">
     <span class='ocr_line' id='line_1_79' title="bbox 1875 3558 3462 3634; baseline 0.003 -20"><span class='ocrx_word' id='word_1_557' title='bbox 1875 3559 2069 3630; x_wconf 87' lang='lat' dir='ltr'><strong>bisque</strong></span> <span class='ocrx_word' id='word_1_558' title='bbox 2105 3558 2308 3625; x_wconf 87' lang='lat' dir='ltr'><strong>fcrens,</strong></span> <span class='ocrx_word' id='word_1_559' title='bbox 2335 3568 2624 3631; x_wconf 88' lang='lat' dir='ltr'><strong>postquam</strong></span> <span class='ocrx_word' id='word_1_560' title='bbox 2648 3562 2800 3616; x_wconf 90' lang='lat' dir='ltr'><strong>vituli</strong></span> <span class='ocrx_word' id='word_1_561' title='bbox 2842 3562 3188 3617; x_wconf 82' lang='lat' dir='ltr'><strong>confectione</strong></span> <span class='ocrx_word' id='word_1_562' title='bbox 3211 3562 3462 3634; x_wconf 77' lang='lat' dir='ltr'><strong>Synago-</strong></span> 
     </span>
    </p>
   </div>
   <div class='ocr_carea' id='block_1_80' title="bbox 1876 3650 3459 3723">
    <p class='ocr_par' dir='ltr' id='par_1_80' title="bbox 1876 3650 3459 3723">
     <span class='ocr_line' id='line_1_80' title="bbox 1876 3650 3459 3723; baseline 0.003 -19"><span class='ocrx_word' id='word_1_563' title='bbox 1876 3665 2000 3721; x_wconf 72' lang='lat' dir='ltr'><strong>3am</strong></span> <span class='ocrx_word' id='word_1_564' title='bbox 2034 3650 2355 3705; x_wconf 87' lang='lat' dir='ltr'><strong>fornicatam</strong></span> <span class='ocrx_word' id='word_1_565' title='bbox 2423 3666 2550 3707; x_wconf 91' lang='lat' dir='ltr'><strong>esse</strong></span> <span class='ocrx_word' id='word_1_566' title='bbox 2615 3654 2897 3720; x_wconf 86' lang='lat' dir='ltr'><strong>sensisset,</strong></span> <span class='ocrx_word' id='word_1_567' title='bbox 2934 3654 3061 3723; x_wconf 84' lang='lat' dir='ltr'><strong>quia</strong></span> <span class='ocrx_word' id='word_1_568' title='bbox 3110 3653 3247 3708; x_wconf 85' lang='lat' dir='ltr'><strong>meis</strong></span> <span class='ocrx_word' id='word_1_569' title='bbox 3298 3654 3459 3710; x_wconf 89' lang='lat' dir='ltr'><strong>donis</strong></span> 
     </span>
    </p>
   </div>
   <div class='ocr_carea' id='block_1_81' title="bbox 1773 3742 2832 3812">
    <p class='ocr_par' dir='ltr' id='par_1_81' title="bbox 1773 3742 2832 3812">
     <span class='ocr_line' id='line_1_81' title="bbox 1773 3742 2832 3812; baseline 0 -14"><span class='ocrx_word' id='word_1_570' title='bbox 1773 3763 1776 3766; x_wconf 71' lang='lat'><strong><em>&#39;</em></strong></span> <span class='ocrx_word' id='word_1_571' title='bbox 1877 3742 2153 3812; x_wconf 83' lang='lat' dir='ltr'><strong>indignam</strong></span> <span class='ocrx_word' id='word_1_572' title='bbox 2182 3742 2495 3811; x_wconf 86' lang='lat' dir='ltr'><strong>reperisset,</strong></span> <span class='ocrx_word' id='word_1_573' title='bbox 2529 3742 2832 3808; x_wconf 82' lang='lat' dir='ltr'><strong>dissipavit.</strong></span> 
     </span>
    </p>
   </div>
   <div class='ocr_carea' id='block_1_82' title="bbox 1948 3829 3460 3903">
    <p class='ocr_par' dir='ltr' id='par_1_82' title="bbox 1948 3829 3460 3903">
     <span class='ocr_line' id='line_1_82' title="bbox 1948 3829 3460 3903; baseline 0.001 -17"><span class='ocrx_word' id='word_1_574' title='bbox 1948 3829 2171 3886; x_wconf 86' lang='lat' dir='ltr'><strong>Confert</strong></span> <span class='ocrx_word' id='word_1_575' title='bbox 2213 3837 2393 3885; x_wconf 88' lang='lat' dir='ltr'><strong>autem</strong></span> <span class='ocrx_word' id='word_1_576' title='bbox 2437 3831 2680 3901; x_wconf 88' lang='lat' dir='ltr'><strong>seipsum</strong></span> <span class='ocrx_word' id='word_1_577' title='bbox 2715 3847 2837 3886; x_wconf 91' lang='lat' dir='ltr'><strong>cum</strong></span> <span class='ocrx_word' id='word_1_578' title='bbox 2876 3832 2992 3887; x_wconf 87' lang='lat' dir='ltr'><strong>viro</strong></span> <span class='ocrx_word' id='word_1_579' title='bbox 3038 3832 3356 3903; x_wconf 88' lang='lat' dir='ltr'><strong>aliquando,</strong></span> <span class='ocrx_word' id='word_1_580' title='bbox 3396 3841 3460 3888; x_wconf 82' lang='lat' dir='ltr'><strong>ut</strong></span> 
     </span>
    </p>
   </div>
   <div class='ocr_carea' id='block_1_83' title="bbox 1878 3908 3459 3992">
    <p class='ocr_par' dir='ltr' id='par_1_83' title="bbox 1878 3908 3459 3992">
     <span class='ocr_line' id='line_1_83' title="bbox 1878 3908 3459 3992; baseline -0.001 -13"><span class='ocrx_word' id='word_1_581' title='bbox 1878 3935 2105 3979; x_wconf 81' lang='lat' dir='ltr'><strong>uxorem</strong></span> <span class='ocrx_word' id='word_1_582' title='bbox 2163 3921 2437 3992; x_wconf 87' lang='lat' dir='ltr'><strong>respicit:</strong></span> <span class='ocrx_word' id='word_1_583' title='bbox 2489 3922 2781 3992; x_wconf 84' lang='lat' dir='ltr'><strong>aliquando</strong></span> <span class='ocrx_word' id='word_1_584' title='bbox 2836 3908 2996 3977; x_wconf 72' lang='lat' dir='ltr'><strong>eiiam</strong></span> <span class='ocrx_word' id='word_1_585' title='bbox 3026 3939 3152 3977; x_wconf 89' lang='lat' dir='ltr'><strong>cum</strong></span> <span class='ocrx_word' id='word_1_586' title='bbox 3209 3924 3361 3989; x_wconf 86' lang='lat' dir='ltr'><strong>hero,</strong></span> <span class='ocrx_word' id='word_1_587' title='bbox 3399 3930 3459 3978; x_wconf 87' lang='lat' dir='ltr'><strong>ut</strong></span> 
     </span>
    </p>
   </div>
   <div class='ocr_carea' id='block_1_84' title="bbox 1880 4012 3460 4085">
    <p class='ocr_par' dir='ltr' id='par_1_84' title="bbox 1880 4012 3460 4085">
     <span class='ocr_line' id='line_1_84' title="bbox 1880 4012 3460 4085; baseline 0.002 -15"><span class='ocrx_word' id='word_1_588' title='bbox 1880 4013 2136 4070; x_wconf 70' lang='lat' dir='ltr'><strong>famulos.</strong></span> <span class='ocrx_word' id='word_1_589' title='bbox 2168 4012 2355 4080; x_wconf 86' lang='lat' dir='ltr'><strong>Neque</strong></span> <span class='ocrx_word' id='word_1_590' title='bbox 2388 4015 2533 4070; x_wconf 87' lang='lat' dir='ltr'><strong>enim</strong></span> <span class='ocrx_word' id='word_1_591' title='bbox 2569 4029 2665 4069; x_wconf 86' lang='lat' dir='ltr'><strong>vos</strong></span> <span class='ocrx_word' id='word_1_592' title='bbox 2698 4014 2836 4084; x_wconf 90' lang='lat' dir='ltr'><strong>ipse,</strong></span> <span class='ocrx_word' id='word_1_593' title='bbox 2862 4015 2962 4079; x_wconf 89' lang='lat' dir='ltr'><strong>ait,</strong></span> <span class='ocrx_word' id='word_1_594' title='bbox 3003 4024 3263 4085; x_wconf 89' lang='lat' dir='ltr'><strong>tanquam</strong></span> <span class='ocrx_word' id='word_1_595' title='bbox 3294 4016 3460 4073; x_wconf 88' lang='lat' dir='ltr'><strong>herus</strong></span> 
     </span>
    </p>
   </div>
   <div class='ocr_carea' id='block_1_85' title="bbox 1882 4104 3457 4182">
    <p class='ocr_par' dir='ltr' id='par_1_85' title="bbox 1882 4104 3457 4182">
     <span class='ocr_line' id='line_1_85' title="bbox 1882 4104 3457 4182; baseline 0.001 -22"><span class='ocrx_word' id='word_1_596' title='bbox 1882 4105 2083 4176; x_wconf 88' lang='lat' dir='ltr'><strong>aliquis</strong></span> <span class='ocrx_word' id='word_1_597' title='bbox 2109 4104 2405 4172; x_wconf 57' lang='lat' dir='ltr'><strong>obseratos,</strong></span> <span class='ocrx_word' id='word_1_598' title='bbox 2454 4105 2511 4160; x_wconf 92' lang='lat' dir='ltr'><strong>in</strong></span> <span class='ocrx_word' id='word_1_599' title='bbox 2551 4105 2878 4161; x_wconf 90' lang='lat' dir='ltr'><strong>solutionem</strong></span> <span class='ocrx_word' id='word_1_600' title='bbox 2937 4106 3173 4161; x_wconf 86' lang='lat' dir='ltr'><strong>tradidi:</strong></span> <span class='ocrx_word' id='word_1_601' title='bbox 3211 4105 3311 4182; x_wconf 76' lang='lat' dir='ltr'><strong>sed</strong></span> <span class='ocrx_word' id='word_1_602' title='bbox 3352 4107 3457 4176; x_wconf 87' lang='lat' dir='ltr'><strong>ipsi</strong></span> 
     </span>
    </p>
   </div>
   <div class='ocr_carea' id='block_1_86' title="bbox 1881 4198 3459 4271">
    <p class='ocr_par' dir='ltr' id='par_1_86' title="bbox 1881 4198 3459 4271">
     <span class='ocr_line' id='line_1_86' title="bbox 1881 4198 3459 4271; baseline -0.001 -17"><span class='ocrx_word' id='word_1_603' title='bbox 1881 4214 1980 4270; x_wconf 91' lang='lat' dir='ltr'><strong>per</strong></span> <span class='ocrx_word' id='word_1_604' title='bbox 2012 4213 2108 4253; x_wconf 85' lang='lat' dir='ltr'><strong>vos</strong></span> <span class='ocrx_word' id='word_1_605' title='bbox 2138 4198 2206 4253; x_wconf 86' lang='lat' dir='ltr'><strong>ab</strong></span> <span class='ocrx_word' id='word_1_606' title='bbox 2263 4198 2422 4253; x_wconf 91' lang='lat' dir='ltr'><strong>initio</strong></span> <span class='ocrx_word' id='word_1_607' title='bbox 2455 4198 2522 4253; x_wconf 88' lang='lat' dir='ltr'><strong>ad</strong></span> <span class='ocrx_word' id='word_1_608' title='bbox 2559 4198 2717 4252; x_wconf 85' lang='lat' dir='ltr'><strong>finem</strong></span> <span class='ocrx_word' id='word_1_609' title='bbox 2746 4212 2927 4270; x_wconf 90' lang='lat' dir='ltr'><strong>usque</strong></span> <span class='ocrx_word' id='word_1_610' title='bbox 2960 4213 3174 4269; x_wconf 86' lang='lat' dir='ltr'><strong>semper</strong></span> <span class='ocrx_word' id='word_1_611' title='bbox 3221 4200 3459 4271; x_wconf 79' lang='lat' dir='ltr'><strong>exleges,</strong></span> 
     </span>
    </p>
   </div>
   <div class='ocr_carea' id='block_1_87' title="bbox 1881 4291 3462 4362">
    <p class='ocr_par' dir='ltr' id='par_1_87' title="bbox 1881 4291 3462 4362">
     <span class='ocr_line' id='line_1_87' title="bbox 1881 4291 3462 4362; baseline -0.001 -15"><span class='ocrx_word' id='word_1_612' title='bbox 1881 4292 2043 4362; x_wconf 85' lang='lat' dir='ltr'><strong>ejecti</strong></span> <span class='ocrx_word' id='word_1_613' title='bbox 2089 4293 2222 4348; x_wconf 87' lang='lat' dir='ltr'><strong>estis</strong></span> <span class='ocrx_word' id='word_1_614' title='bbox 2253 4334 2266 4357; x_wconf 91' lang='lat'><strong>_.</strong></span> <span class='ocrx_word' id='word_1_615' title='bbox 2325 4293 2551 4360; x_wconf 75' lang='lat' dir='ltr'><strong>peccatis</strong></span> <span class='ocrx_word' id='word_1_616' title='bbox 2606 4293 2792 4346; x_wconf 78' lang='lat' dir='ltr'><strong>uestris</strong></span> <span class='ocrx_word' id='word_1_617' title='bbox 2839 4292 3095 4346; x_wconf 89' lang='lat' dir='ltr'><strong>nimirum</strong></span> <span class='ocrx_word' id='word_1_618' title='bbox 3154 4291 3462 4358; x_wconf 79' lang='lat' dir='ltr'><strong>venundati,</strong></span> 
     </span>
    </p>
   </div>
   <div class='ocr_carea' id='block_1_88' title="bbox 194 4374 1765 4483">
    <p class='ocr_par' dir='ltr' id='par_1_88' title="bbox 194 4374 1765 4452">
     <span class='ocr_line' id='line_1_88' title="bbox 194 4374 1765 4452; baseline -0.004 -16"><span class='ocrx_word' id='word_1_619' title='bbox 194 4381 502 4452; x_wconf 75' lang='grc' dir='ltr'>ἐλεύθεροι.</span> <span class='ocrx_word' id='word_1_620' title='bbox 534 4379 644 4433; x_wconf 74' lang='grc' dir='ltr'><strong>Καὶ</strong></span> <span class='ocrx_word' id='word_1_621' title='bbox 668 4376 845 4442; x_wconf 73' lang='grc' dir='ltr'>τέλος,</span> <span class='ocrx_word' id='word_1_622' title='bbox 876 4376 980 4430; x_wconf 88' lang='grc' dir='ltr'><strong>οὑκ</strong></span> <span class='ocrx_word' id='word_1_623' title='bbox 1018 4374 1242 4447; x_wconf 78' lang='grc' dir='ltr'>ὤκνησα</span> <span class='ocrx_word' id='word_1_624' title='bbox 1280 4375 1415 4441; x_wconf 84' lang='grc' dir='ltr'>Θεὸς</span> <span class='ocrx_word' id='word_1_625' title='bbox 1454 4376 1560 4441; x_wconf 81' lang='grc' dir='ltr'><strong>ὢν,</strong></span> <span class='ocrx_word' id='word_1_626' title='bbox 1606 4377 1765 4431; x_wconf 59' lang='lat' dir='ltr'><strong>exosa</strong></span> 
     </span>
    </p>
   </div>
   <div class='ocr_carea' id='block_1_89' title="bbox 1870 4374 3466 4483">
    <p class='ocr_par' dir='ltr' id='par_1_89' title="bbox 1884 4382 3466 4455">
     <span class='ocr_line' id='line_1_89' title="bbox 1884 4382 3466 4455; baseline -0.001 -17"><span class='ocrx_word' id='word_1_627' title='bbox 1884 4383 2085 4455; x_wconf 89' lang='lat' dir='ltr'><strong>quibus</strong></span> <span class='ocrx_word' id='word_1_628' title='bbox 2133 4383 2341 4441; x_wconf 87' lang='lat' dir='ltr'><strong>servire</strong></span> <span class='ocrx_word' id='word_1_629' title='bbox 2385 4384 2694 4450; x_wconf 88' lang='lat' dir='ltr'><strong>maluistis;</strong></span> <span class='ocrx_word' id='word_1_630' title='bbox 2750 4382 3103 4453; x_wconf 87' lang='lat' dir='ltr'><strong>quantumvis</strong></span> <span class='ocrx_word' id='word_1_631' title='bbox 3149 4382 3315 4438; x_wconf 84' lang='lat' dir='ltr'><strong>vestri</strong></span> <span class='ocrx_word' id='word_1_632' title='bbox 3369 4396 3466 4437; x_wconf 87' lang='lat' dir='ltr'><strong>vos</strong></span> 
     </span>
    </p>
   </div>
   <div class='ocr_carea' id='block_1_90' title="bbox 192 4468 1765 4544">
    <p class='ocr_par' dir='ltr' id='par_1_90' title="bbox 192 4468 1765 4544">
     <span class='ocr_line' id='line_1_90' title="bbox 192 4468 1765 4544; baseline -0.009 -16"><span class='ocrx_word' id='word_1_633' title='bbox 192 4476 330 4542; x_wconf 71' lang='grc' dir='ltr'>πρὸς</span> <span class='ocrx_word' id='word_1_634' title='bbox 360 4476 536 4544; x_wconf 79' lang='grc' dir='ltr'>ὑμᾶς,</span> <span class='ocrx_word' id='word_1_635' title='bbox 570 4469 922 4533; x_wconf 78' lang='grc' dir='ltr'>ὑποκαταϐὰς</span> <span class='ocrx_word' id='word_1_636' title='bbox 953 4469 1053 4540; x_wconf 82' lang='grc' dir='ltr'><strong>τῆς</strong></span> <span class='ocrx_word' id='word_1_637' title='bbox 1081 4468 1237 4535; x_wconf 80' lang='grc' dir='ltr'>ἀξίας</span> <span class='ocrx_word' id='word_1_638' title='bbox 1272 4469 1372 4539; x_wconf 84' lang='grc' dir='ltr'>τῆς</span> <span class='ocrx_word' id='word_1_639' title='bbox 1401 4469 1662 4541; x_wconf 76' lang='grc' dir='ltr'>ἐμαυτοῦ,</span> <span class='ocrx_word' id='word_1_640' title='bbox 1685 4472 1765 4525; x_wconf 49' lang='grc' dir='ltr'><strong>καί</strong></span> 
     </span>
    </p>
   </div>
   <div class='ocr_carea' id='block_1_91' title="bbox 1870 4468 3468 4544">
    <p class='ocr_par' dir='ltr' id='par_1_91' title="bbox 1894 4469 3468 4544">
     <span class='ocr_line' id='line_1_91' title="bbox 1894 4469 3468 4544; baseline -0.001 -16"><span class='ocrx_word' id='word_1_641' title='bbox 1894 4472 2039 4544; x_wconf 87' lang='lat' dir='ltr'><strong>juris</strong></span> <span class='ocrx_word' id='word_1_642' title='bbox 2087 4478 2140 4529; x_wconf 89' lang='lat' dir='ltr'><strong>et</strong></span> <span class='ocrx_word' id='word_1_643' title='bbox 2183 4472 2468 4544; x_wconf 79' lang='lat' dir='ltr'><strong>potestatis</strong></span> <span class='ocrx_word' id='word_1_644' title='bbox 2527 4487 2650 4528; x_wconf 89' lang='lat' dir='ltr'><strong>esse</strong></span> <span class='ocrx_word' id='word_1_645' title='bbox 2687 4471 3002 4527; x_wconf 87' lang='lat' dir='ltr'><strong>voluissem.</strong></span> <span class='ocrx_word' id='word_1_646' title='bbox 3071 4469 3336 4541; x_wconf 67' lang='lat' dir='ltr'><strong>Denique,</strong></span> <span class='ocrx_word' id='word_1_647' title='bbox 3390 4484 3468 4543; x_wconf 34' lang='lat' dir='ltr'><strong>.ne</strong></span> 
     </span>
    </p>
   </div>
   <div class='ocr_carea' id='block_1_92' title="bbox 193 4561 1765 4639">
    <p class='ocr_par' dir='ltr' id='par_1_92' title="bbox 193 4561 1765 4639">
     <span class='ocr_line' id='line_1_92' title="bbox 193 4561 1765 4639; baseline -0.001 -19"><span class='ocrx_word' id='word_1_648' title='bbox 193 4570 497 4639; x_wconf 85' lang='grc' dir='ltr'>γενόμενος</span> <span class='ocrx_word' id='word_1_649' title='bbox 528 4564 814 4635; x_wconf 78' lang='grc' dir='ltr'>ἄνθρωπος</span> <span class='ocrx_word' id='word_1_650' title='bbox 832 4577 847 4593; x_wconf 75' lang='grc' dir='ltr'><strong><em>ο</em></strong></span> <span class='ocrx_word' id='word_1_651' title='bbox 869 4563 965 4623; x_wconf 71' lang='grc' dir='ltr'><strong>καὶ</strong></span> <span class='ocrx_word' id='word_1_652' title='bbox 992 4561 1280 4617; x_wconf 79' lang='grc' dir='ltr'>καλοῦντι</span> <span class='ocrx_word' id='word_1_653' title='bbox 1305 4563 1454 4631; x_wconf 84' lang='grc' dir='ltr'>πρὸς</span> <span class='ocrx_word' id='word_1_654' title='bbox 1480 4565 1765 4634; x_wconf 65' lang='grc' dir='ltr'>σωτηρίαι</span> 
     </span>
    </p>
   </div>
   <div class='ocr_carea' id='block_1_93' title="bbox 1870 4561 3468 4639">
    <p class='ocr_par' dir='ltr' id='par_1_93' title="bbox 1893 4564 3468 4636">
     <span class='ocr_line' id='line_1_93' title="bbox 1893 4564 3468 4636; baseline 0 -17"><span class='ocrx_word' id='word_1_655' title='bbox 1893 4564 2039 4622; x_wconf 88' lang='lat' dir='ltr'><strong>Deus</strong></span> <span class='ocrx_word' id='word_1_656' title='bbox 2077 4566 2295 4636; x_wconf 87' lang='lat' dir='ltr'><strong>quidem</strong></span> <span class='ocrx_word' id='word_1_657' title='bbox 2341 4565 2457 4636; x_wconf 92' lang='lat' dir='ltr'><strong>ipse</strong></span> <span class='ocrx_word' id='word_1_658' title='bbox 2485 4566 2781 4633; x_wconf 82' lang='lat' dir='ltr'><strong>exsistcns,</strong></span> <span class='ocrx_word' id='word_1_659' title='bbox 2823 4565 2889 4620; x_wconf 86' lang='lat' dir='ltr'><strong>ad</strong></span> <span class='ocrx_word' id='word_1_660' title='bbox 2922 4580 3022 4622; x_wconf 88' lang='lat' dir='ltr'><strong>vos</strong></span> <span class='ocrx_word' id='word_1_661' title='bbox 3067 4566 3251 4621; x_wconf 87' lang='lat' dir='ltr'><strong>venire</strong></span> <span class='ocrx_word' id='word_1_662' title='bbox 3283 4570 3468 4619; x_wconf 90' lang='lat' dir='ltr'><strong>tamen</strong></span> 
     </span>
    </p>
   </div>
   <div class='ocr_carea' id='block_1_94' title="bbox 193 4651 1765 4731">
    <p class='ocr_par' dir='ltr' id='par_1_94' title="bbox 193 4651 1765 4731">
     <span class='ocr_line' id='line_1_94' title="bbox 193 4651 1765 4731; baseline -0.002 -17"><span class='ocrx_word' id='word_1_663' title='bbox 193 4662 518 4731; x_wconf 78' lang='grc' dir='ltr'>ὑπήκουσεν</span> <span class='ocrx_word' id='word_1_664' title='bbox 564 4656 756 4721; x_wconf 81' lang='grc' dir='ltr'>οὐδείς.</span> <span class='ocrx_word' id='word_1_665' title='bbox 816 4658 940 4711; x_wconf 83' lang='grc' dir='ltr'><strong>Οὐκ</strong></span> <span class='ocrx_word' id='word_1_666' title='bbox 988 4651 1069 4727; x_wconf 76' lang='grc' dir='ltr'>ἦν</span> <span class='ocrx_word' id='word_1_667' title='bbox 1105 4656 1162 4710; x_wconf 83' lang='grc' dir='ltr'>δὲ</span> <span class='ocrx_word' id='word_1_668' title='bbox 1204 4655 1534 4726; x_wconf 75' lang='grc' dir='ltr'>ἅνθρωπος,</span> <span class='ocrx_word' id='word_1_669' title='bbox 1594 4657 1765 4729; x_wconf 25' lang='grc' dir='ltr'>φησὶν]</span> 
     </span>
    </p>
   </div>
   <div class='ocr_carea' id='block_1_95' title="bbox 1870 4651 3470 4731">
    <p class='ocr_par' dir='ltr' id='par_1_95' title="bbox 1893 4654 3470 4727">
     <span class='ocr_line' id='line_1_95' title="bbox 1893 4654 3470 4727; baseline -0.003 -14"><span class='ocrx_word' id='word_1_670' title='bbox 1893 4656 2107 4720; x_wconf 88' lang='lat' dir='ltr'><strong>distuli,</strong></span> <span class='ocrx_word' id='word_1_671' title='bbox 2151 4672 2394 4726; x_wconf 84' lang='lat' dir='ltr'><strong>meaeque</strong></span> <span class='ocrx_word' id='word_1_672' title='bbox 2426 4655 2708 4727; x_wconf 76' lang='lat' dir='ltr'><strong>dignitatis</strong></span> <span class='ocrx_word' id='word_1_673' title='bbox 2740 4655 2983 4712; x_wconf 78' lang='lat' dir='ltr'><strong>fascibus</strong></span> <span class='ocrx_word' id='word_1_674' title='bbox 3023 4656 3336 4721; x_wconf 84' lang='lat' dir='ltr'><strong>submissis,</strong></span> <span class='ocrx_word' id='word_1_675' title='bbox 3368 4654 3470 4708; x_wconf 88' lang='lat' dir='ltr'><strong>ho-</strong></span> 
     </span>
    </p>
   </div>
   <div class='ocr_carea' id='block_1_96' title="bbox 192 4745 1765 4820">
    <p class='ocr_par' dir='ltr' id='par_1_96' title="bbox 192 4745 1759 4820">
     <span class='ocr_line' id='line_1_96' title="bbox 192 4745 1759 4820; baseline 0.001 -20"><span class='ocrx_word' id='word_1_676' title='bbox 192 4750 386 4820; x_wconf 75' lang='grc' dir='ltr'>ἐπειδὴ</span> <span class='ocrx_word' id='word_1_677' title='bbox 421 4750 487 4802; x_wconf 81' lang='grc' dir='ltr'>τὸ</span> <span class='ocrx_word' id='word_1_678' title='bbox 516 4747 782 4817; x_wconf 80' lang='grc' dir='ltr'>ἀνήκοον</span> <span class='ocrx_word' id='word_1_679' title='bbox 820 4747 1025 4818; x_wconf 74' lang='grc' dir='ltr'>πλῆθος</span> <span class='ocrx_word' id='word_1_680' title='bbox 1083 4745 1227 4801; x_wconf 82' lang='grc' dir='ltr'>οὐδὲ</span> <span class='ocrx_word' id='word_1_681' title='bbox 1256 4747 1408 4801; x_wconf 78' lang='grc' dir='ltr'>εἶναι</span> <span class='ocrx_word' id='word_1_682' title='bbox 1450 4747 1759 4817; x_wconf 83' lang='grc' dir='ltr'>λελόγισται</span> 
     </span>
    </p>
   </div>
   <div class='ocr_carea' id='block_1_97' title="bbox 1870 4745 3468 4820">
    <p class='ocr_par' dir='ltr' id='par_1_97' title="bbox 1897 4748 3468 4816">
     <span class='ocr_line' id='line_1_97' title="bbox 1897 4748 3468 4816; baseline -0.001 -14"><span class='ocrx_word' id='word_1_683' title='bbox 1897 4762 1988 4802; x_wconf 90' lang='lat' dir='ltr'><strong>mo</strong></span> <span class='ocrx_word' id='word_1_684' title='bbox 2024 4749 2161 4816; x_wconf 83' lang='lat' dir='ltr'><strong>ﬁeri,</strong></span> <span class='ocrx_word' id='word_1_685' title='bbox 2189 4757 2241 4805; x_wconf 87' lang='lat' dir='ltr'><strong>et</strong></span> <span class='ocrx_word' id='word_1_686' title='bbox 2273 4748 2341 4802; x_wconf 90' lang='lat' dir='ltr'><strong>ad</strong></span> <span class='ocrx_word' id='word_1_687' title='bbox 2367 4748 2615 4811; x_wconf 85' lang='lat' dir='ltr'><strong>salutem,</strong></span> <span class='ocrx_word' id='word_1_688' title='bbox 2650 4749 2903 4803; x_wconf 86' lang='lat' dir='ltr'><strong>audiente</strong></span> <span class='ocrx_word' id='word_1_689' title='bbox 2960 4752 3199 4814; x_wconf 81' lang='lat' dir='ltr'><strong>nemine,</strong></span> <span class='ocrx_word' id='word_1_690' title='bbox 3264 4763 3468 4803; x_wconf 78' lang='lat' dir='ltr'><strong>uocare.</strong></span> 
     </span>
    </p>
   </div>
   <div class='ocr_carea' id='block_1_98' title="bbox 191 4834 1765 4910">
    <p class='ocr_par' dir='ltr' id='par_1_98' title="bbox 191 4834 1763 4907">
     <span class='ocr_line' id='line_1_98' title="bbox 191 4834 1763 4907; baseline -0.001 -16"><span class='ocrx_word' id='word_1_691' title='bbox 191 4840 257 4891; x_wconf 87' lang='grc' dir='ltr'>Οί</span> <span class='ocrx_word' id='word_1_692' title='bbox 282 4838 343 4891; x_wconf 78' lang='grc' dir='ltr'>δὲ</span> <span class='ocrx_word' id='word_1_693' title='bbox 371 4837 845 4903; x_wconf 78' lang='grc' dir='ltr'>ὑπακούσαντες</span> <span class='ocrx_word' id='word_1_694' title='bbox 865 4875 881 4901; x_wconf 91' lang='grc'><strong>,</strong></span> <span class='ocrx_word' id='word_1_695' title='bbox 906 4834 983 4899; x_wconf 84' lang='grc' dir='ltr'><strong>ὡς</strong></span> <span class='ocrx_word' id='word_1_696' title='bbox 1013 4835 1150 4907; x_wconf 79' lang='grc' dir='ltr'>πρὸς</span> <span class='ocrx_word' id='word_1_697' title='bbox 1169 4836 1290 4890; x_wconf 86' lang='grc' dir='ltr'>ὅλον</span> <span class='ocrx_word' id='word_1_698' title='bbox 1324 4837 1387 4890; x_wconf 82' lang='grc' dir='ltr'>τὸ</span> <span class='ocrx_word' id='word_1_699' title='bbox 1414 4835 1564 4902; x_wconf 73' lang='grc' dir='ltr'>ἔθνος</span> <span class='ocrx_word' id='word_1_700' title='bbox 1591 4836 1763 4907; x_wconf 86' lang='grc' dir='ltr'>ὀλίγοι</span> 
     </span>
    </p>
   </div>
   <div class='ocr_carea' id='block_1_99' title="bbox 1870 4834 3473 4910">
    <p class='ocr_par' dir='ltr' id='par_1_99' title="bbox 1897 4838 3473 4910">
     <span class='ocr_line' id='line_1_99' title="bbox 1897 4838 3473 4910; baseline 0 -18"><span class='ocrx_word' id='word_1_701' title='bbox 1897 4838 2107 4910; x_wconf 85' lang='lat' dir='ltr'><strong>Itaque,</strong></span> <span class='ocrx_word' id='word_1_702' title='bbox 2165 4857 2266 4893; x_wconf 89' lang='lat' dir='ltr'><strong>non</strong></span> <span class='ocrx_word' id='word_1_703' title='bbox 2328 4847 2444 4892; x_wconf 89' lang='lat' dir='ltr'><strong>erat</strong></span> <span class='ocrx_word' id='word_1_704' title='bbox 2475 4839 2652 4901; x_wconf 80' lang='lat' dir='ltr'><strong>homo,</strong></span> <span class='ocrx_word' id='word_1_705' title='bbox 2706 4838 2928 4907; x_wconf 88' lang='lat' dir='ltr'><strong>adjicit;</strong></span> <span class='ocrx_word' id='word_1_706' title='bbox 2984 4851 3242 4908; x_wconf 85' lang='lat' dir='ltr'><strong>tanquam</strong></span> <span class='ocrx_word' id='word_1_707' title='bbox 3287 4838 3473 4892; x_wconf 87' lang='lat' dir='ltr'><strong>multi-</strong></span> 
     </span>
    </p>
   </div>
   <div class='ocr_carea' id='block_1_100' title="bbox 189 4925 1765 5003">
    <p class='ocr_par' dir='ltr' id='par_1_100' title="bbox 189 4925 1765 5003">
     <span class='ocr_line' id='line_1_100' title="bbox 189 4925 1765 5003; baseline 0 -19"><span class='ocrx_word' id='word_1_708' title='bbox 189 4930 265 4994; x_wconf 84' lang='grc' dir='ltr'><strong>ὡς</strong></span> <span class='ocrx_word' id='word_1_709' title='bbox 298 4931 379 5003; x_wconf 82' lang='grc' dir='ltr'>μὴ</span> <span class='ocrx_word' id='word_1_710' title='bbox 435 4928 794 5002; x_wconf 78' lang='grc' dir='ltr'>ἀριθμεῖσθαι</span> <span class='ocrx_word' id='word_1_711' title='bbox 839 4931 921 4993; x_wconf 84' lang='grc' dir='ltr'><strong>είς</strong></span> <span class='ocrx_word' id='word_1_712' title='bbox 967 4925 1125 4997; x_wconf 87' lang='grc' dir='ltr'>λόγον</span> <span class='ocrx_word' id='word_1_713' title='bbox 1180 4927 1274 4982; x_wconf 80' lang='grc' dir='ltr'>τοῦ</span> <span class='ocrx_word' id='word_1_714' title='bbox 1318 4928 1524 4993; x_wconf 73' lang='grc' dir='ltr'>ἔθνους.</span> <span class='ocrx_word' id='word_1_715' title='bbox 1561 4929 1652 4983; x_wconf 81' lang='grc' dir='ltr'>Διδ</span> <span class='ocrx_word' id='word_1_716' title='bbox 1695 4936 1765 4984; x_wconf 87' lang='grc' dir='ltr'><strong>κα</strong></span> 
     </span>
    </p>
   </div>
   <div class='ocr_carea' id='block_1_101' title="bbox 1870 4925 3474 5003">
    <p class='ocr_par' dir='ltr' id='par_1_101' title="bbox 1899 4927 3474 5000">
     <span class='ocr_line' id='line_1_101' title="bbox 1899 4927 3474 5000; baseline -0.001 -14"><span class='ocrx_word' id='word_1_717' title='bbox 1899 4932 2165 4994; x_wconf 88' lang='lat' dir='ltr'><strong>tudinem,</strong></span> <span class='ocrx_word' id='word_1_718' title='bbox 2199 4946 2329 5000; x_wconf 64' lang='lat' dir='ltr'><strong>qua:</strong></span> <span class='ocrx_word' id='word_1_719' title='bbox 2358 4945 2466 4984; x_wconf 93' lang='lat' dir='ltr'><strong>non</strong></span> <span class='ocrx_word' id='word_1_720' title='bbox 2497 4928 2707 4995; x_wconf 87' lang='lat' dir='ltr'><strong>audiat,</strong></span> <span class='ocrx_word' id='word_1_721' title='bbox 2733 4947 2837 4984; x_wconf 90' lang='lat' dir='ltr'><strong>non</strong></span> <span class='ocrx_word' id='word_1_722' title='bbox 2882 4947 2993 4985; x_wconf 85' lang='lat' dir='ltr'><strong>esse</strong></span> <span class='ocrx_word' id='word_1_723' title='bbox 3035 4930 3344 4993; x_wconf 78' lang='lat' dir='ltr'><strong>existimet;</strong></span> <span class='ocrx_word' id='word_1_724' title='bbox 3377 4927 3474 4999; x_wconf 84' lang='lat' dir='ltr'><strong>qui</strong></span> 
     </span>
    </p>
   </div>
   <div class='ocr_carea' id='block_1_102' title="bbox 190 5019 1765 5095">
    <p class='ocr_par' dir='ltr' id='par_1_102' title="bbox 190 5019 1765 5095">
     <span class='ocr_line' id='line_1_102' title="bbox 190 5019 1765 5095; baseline -0.001 -18"><span class='ocrx_word' id='word_1_725' title='bbox 190 5022 673 5094; x_wconf 75' lang='grc' dir='ltr'>ὑπεξῃρήθησαν,</span> <span class='ocrx_word' id='word_1_726' title='bbox 717 5021 793 5086; x_wconf 82' lang='grc' dir='ltr'>ὡς</span> <span class='ocrx_word' id='word_1_727' title='bbox 844 5020 874 5074; x_wconf 85' lang='grc' dir='ltr'><strong>δ</strong></span> <span class='ocrx_word' id='word_1_728' title='bbox 907 5019 1032 5075; x_wconf 86' lang='grc' dir='ltr'><strong>Λὼτ</strong></span> <span class='ocrx_word' id='word_1_729' title='bbox 1085 5021 1194 5074; x_wconf 82' lang='grc' dir='ltr'>ἀπὸ</span> <span class='ocrx_word' id='word_1_730' title='bbox 1238 5020 1509 5090; x_wconf 86' lang='grc' dir='ltr'>Σοδόμων.</span> <span class='ocrx_word' id='word_1_731' title='bbox 1556 5023 1631 5075; x_wconf 91' lang='grc' dir='ltr'>Οὑ</span> <span class='ocrx_word' id='word_1_732' title='bbox 1678 5023 1765 5095; x_wconf 70' lang='grc' dir='ltr'><strong>γὰι</strong></span> 
     </span>
    </p>
   </div>
   <div class='ocr_carea' id='block_1_103' title="bbox 1870 5019 3471 5095">
    <p class='ocr_par' dir='ltr' id='par_1_103' title="bbox 1897 5020 3471 5092">
     <span class='ocr_line' id='line_1_103' title="bbox 1897 5020 3471 5092; baseline -0.005 -12"><span class='ocrx_word' id='word_1_733' title='bbox 1897 5032 2079 5080; x_wconf 87' lang='lat' dir='ltr'><strong>autem</strong></span> <span class='ocrx_word' id='word_1_734' title='bbox 2114 5020 2359 5084; x_wconf 88' lang='lat' dir='ltr'><strong>audiant,</strong></span> <span class='ocrx_word' id='word_1_735' title='bbox 2376 5023 2421 5075; x_wconf 91' lang='lat' dir='ltr'><strong>si</strong></span> <span class='ocrx_word' id='word_1_736' title='bbox 2446 5037 2570 5076; x_wconf 92' lang='lat' dir='ltr'><strong>cum</strong></span> <span class='ocrx_word' id='word_1_737' title='bbox 2597 5022 2853 5086; x_wconf 79' lang='lat' dir='ltr'><strong>universa</strong></span> <span class='ocrx_word' id='word_1_738' title='bbox 2876 5031 3037 5092; x_wconf 77' lang='lat' dir='ltr'><strong>gente</strong></span> <span class='ocrx_word' id='word_1_739' title='bbox 3061 5028 3471 5089; x_wconf 85' lang='lat' dir='ltr'><strong>comparentur,</strong></span> 
     </span>
    </p>
   </div>
   <div class='ocr_carea' id='block_1_104' title="bbox 192 5112 1765 5186">
    <p class='ocr_par' dir='ltr' id='par_1_104' title="bbox 192 5112 1765 5186">
     <span class='ocr_line' id='line_1_104' title="bbox 192 5112 1765 5186; baseline 0 -17"><span class='ocrx_word' id='word_1_740' title='bbox 192 5116 499 5175; x_wconf 81' lang='grc' dir='ltr'>τοσούτους</span> <span class='ocrx_word' id='word_1_741' title='bbox 518 5112 632 5166; x_wconf 71' lang='grc' dir='ltr'>’ἔδει</span> <span class='ocrx_word' id='word_1_742' title='bbox 660 5114 965 5184; x_wconf 84' lang='grc' dir='ltr'>παρασχεῖν</span> <span class='ocrx_word' id='word_1_743' title='bbox 994 5112 1073 5184; x_wconf 85' lang='grc' dir='ltr'>τῷ</span> <span class='ocrx_word' id='word_1_744' title='bbox 1101 5112 1292 5185; x_wconf 84' lang='grc' dir='ltr'>Κυρίῳ</span> <span class='ocrx_word' id='word_1_745' title='bbox 1324 5113 1421 5184; x_wconf 82' lang='grc' dir='ltr'>τὴν</span> <span class='ocrx_word' id='word_1_746' title='bbox 1462 5112 1629 5182; x_wconf 83' lang='grc' dir='ltr'>ἁγίαν</span> <span class='ocrx_word' id='word_1_747' title='bbox 1661 5115 1765 5186; x_wconf 83' lang='grc' dir='ltr'>γῆν</span> 
     </span>
    </p>
   </div>
   <div class='ocr_carea' id='block_1_105' title="bbox 1870 5112 3472 5186">
    <p class='ocr_par' dir='ltr' id='par_1_105' title="bbox 1901 5112 3472 5185">
     <span class='ocr_line' id='line_1_105' title="bbox 1901 5112 3472 5185; baseline -0.003 -15"><span class='ocrx_word' id='word_1_748' title='bbox 1901 5127 2010 5171; x_wconf 90' lang='lat' dir='ltr'><strong>tam</strong></span> <span class='ocrx_word' id='word_1_749' title='bbox 2052 5130 2256 5185; x_wconf 88' lang='lat' dir='ltr'><strong>paucos</strong></span> <span class='ocrx_word' id='word_1_750' title='bbox 2285 5129 2426 5176; x_wconf 87' lang='lat' dir='ltr'><strong>esse,</strong></span> <span class='ocrx_word' id='word_1_751' title='bbox 2481 5122 2543 5166; x_wconf 91' lang='lat' dir='ltr'><strong>ut</strong></span> <span class='ocrx_word' id='word_1_752' title='bbox 2596 5112 2649 5166; x_wconf 89' lang='lat' dir='ltr'><strong>in</strong></span> <span class='ocrx_word' id='word_1_753' title='bbox 2690 5113 2864 5183; x_wconf 82' lang='lat' dir='ltr'><strong>gentis</strong></span> <span class='ocrx_word' id='word_1_754' title='bbox 2897 5112 3160 5165; x_wconf 86' lang='lat' dir='ltr'><strong>rationem</strong></span> <span class='ocrx_word' id='word_1_755' title='bbox 3217 5123 3324 5162; x_wconf 91' lang='lat' dir='ltr'><strong>non</strong></span> <span class='ocrx_word' id='word_1_756' title='bbox 3377 5125 3472 5165; x_wconf 83' lang='lat' dir='ltr'><strong>ve-</strong></span> 
     </span>
    </p>
   </div>
   <div class='ocr_carea' id='block_1_106' title="bbox 193 5201 1765 5279">
    <p class='ocr_par' dir='ltr' id='par_1_106' title="bbox 193 5206 1764 5279">
     <span class='ocr_line' id='line_1_106' title="bbox 193 5206 1764 5279; baseline -0.002 -15"><span class='ocrx_word' id='word_1_757' title='bbox 193 5209 366 5264; x_wconf 85' lang='grc' dir='ltr'>Ὄθεν</span> <span class='ocrx_word' id='word_1_758' title='bbox 395 5207 499 5262; x_wconf 70' lang='grc' dir='ltr'>καὶ</span> <span class='ocrx_word' id='word_1_759' title='bbox 528 5208 751 5277; x_wconf 77' lang='grc' dir='ltr'>σημεῖον</span> <span class='ocrx_word' id='word_1_760' title='bbox 780 5206 880 5277; x_wconf 83' lang='grc' dir='ltr'><strong>τῆς</strong></span> <span class='ocrx_word' id='word_1_761' title='bbox 908 5206 1189 5278; x_wconf 84' lang='grc' dir='ltr'>ἀκαρπίας</span> <span class='ocrx_word' id='word_1_762' title='bbox 1221 5206 1392 5277; x_wconf 82' lang='grc' dir='ltr'>αὑτῆς</span> <span class='ocrx_word' id='word_1_763' title='bbox 1437 5208 1470 5277; x_wconf 83' lang='grc' dir='ltr'>ἠ</span> <span class='ocrx_word' id='word_1_764' title='bbox 1504 5206 1764 5279; x_wconf 82' lang='grc' dir='ltr'>ξηρανθεῖ</span> 
     </span>
    </p>
   </div>
   <div class='ocr_carea' id='block_1_107' title="bbox 1870 5201 3473 5279">
    <p class='ocr_par' dir='ltr' id='par_1_107' title="bbox 1898 5201 3473 5275">
     <span class='ocr_line' id='line_1_107' title="bbox 1898 5201 3473 5275; baseline -0.004 -12"><span class='ocrx_word' id='word_1_765' title='bbox 1898 5208 2094 5273; x_wconf 89' lang='lat' dir='ltr'><strong>niaut;</strong></span> <span class='ocrx_word' id='word_1_766' title='bbox 2122 5205 2373 5275; x_wconf 87' lang='lat' dir='ltr'><strong>ideoque,</strong></span> <span class='ocrx_word' id='word_1_767' title='bbox 2405 5213 2463 5259; x_wconf 92' lang='lat' dir='ltr'><strong>ut</strong></span> <span class='ocrx_word' id='word_1_768' title='bbox 2493 5202 2664 5259; x_wconf 92' lang='lat' dir='ltr'><strong>Lotus</strong></span> <span class='ocrx_word' id='word_1_769' title='bbox 2702 5204 2833 5259; x_wconf 90' lang='lat' dir='ltr'><strong>olim</strong></span> <span class='ocrx_word' id='word_1_770' title='bbox 2869 5201 3145 5261; x_wconf 86' lang='lat' dir='ltr'><strong>Sodomis.</strong></span> <span class='ocrx_word' id='word_1_771' title='bbox 3190 5206 3473 5268; x_wconf 77' lang='lat' dir='ltr'><strong>exemptos</strong></span> 
     </span>
    </p>
   </div>
   <div class='ocr_carea' id='block_1_108' title="bbox 194 5294 1765 5377">
    <p class='ocr_par' dir='ltr' id='par_1_108' title="bbox 194 5298 1764 5372">
     <span class='ocr_line' id='line_1_108' title="bbox 194 5298 1764 5372; baseline 0.001 -18"><span class='ocrx_word' id='word_1_772' title='bbox 194 5318 266 5355; x_wconf 88' lang='grc' dir='ltr'><strong>σα</strong></span> <span class='ocrx_word' id='word_1_773' title='bbox 294 5301 475 5370; x_wconf 78' lang='grc' dir='ltr'>συκῆ.</span> <span class='ocrx_word' id='word_1_774' title='bbox 496 5298 668 5353; x_wconf 82' lang='grc' dir='ltr'>Τοῦτο</span> <span class='ocrx_word' id='word_1_775' title='bbox 686 5299 744 5354; x_wconf 79' lang='grc' dir='ltr'>δὲ</span> <span class='ocrx_word' id='word_1_776' title='bbox 770 5299 866 5354; x_wconf 75' lang='grc' dir='ltr'>καὶ</span> <span class='ocrx_word' id='word_1_777' title='bbox 896 5299 985 5354; x_wconf 79' lang='grc' dir='ltr'>διὰ</span> <span class='ocrx_word' id='word_1_778' title='bbox 1001 5300 1103 5372; x_wconf 85' lang='grc' dir='ltr'><strong>τῆς</strong></span> <span class='ocrx_word' id='word_1_779' title='bbox 1128 5300 1507 5372; x_wconf 80' lang='grc' dir='ltr'>Εὑαγγελικῆς</span> <span class='ocrx_word' id='word_1_780' title='bbox 1546 5301 1764 5372; x_wconf 87' lang='grc' dir='ltr'>παραϐο</span> 
     </span>
    </p>
   </div>
   <div class='ocr_carea' id='block_1_109' title="bbox 1870 5294 3475 5377">
    <p class='ocr_par' dir='ltr' id='par_1_109' title="bbox 1896 5294 3475 5377">
     <span class='ocr_line' id='line_1_109' title="bbox 1896 5294 3475 5377; baseline -0.008 -20"><span class='ocrx_word' id='word_1_781' title='bbox 1896 5315 2020 5357; x_wconf 89' lang='lat' dir='ltr'><strong>esse</strong></span> <span class='ocrx_word' id='word_1_782' title='bbox 2044 5299 2111 5355; x_wconf 75' lang='lat'><strong>&quot;.</strong></span> <span class='ocrx_word' id='word_1_783' title='bbox 2130 5297 2248 5377; x_wconf 84' lang='lat' dir='ltr'><strong>Non</strong></span> <span class='ocrx_word' id='word_1_784' title='bbox 2278 5300 2422 5353; x_wconf 89' lang='lat' dir='ltr'><strong>enim</strong></span> <span class='ocrx_word' id='word_1_785' title='bbox 2458 5295 2689 5352; x_wconf 90' lang='lat' dir='ltr'><strong>Domino</strong></span> <span class='ocrx_word' id='word_1_786' title='bbox 2718 5305 2829 5350; x_wconf 91' lang='lat' dir='ltr'><strong>tam</strong></span> <span class='ocrx_word' id='word_1_787' title='bbox 2861 5294 3281 5350; x_wconf 79' lang='lat' dir='ltr'><strong>mullosterram</strong></span> <span class='ocrx_word' id='word_1_788' title='bbox 3311 5304 3475 5345; x_wconf 83' lang='lat' dir='ltr'><strong>Sanc-</strong></span> 
     </span>
    </p>
   </div>
   <div class='ocr_carea' id='block_1_110' title="bbox 191 5381 1765 5466">
    <p class='ocr_par' dir='ltr' id='par_1_110' title="bbox 191 5390 1765 5466">
     <span class='ocr_line' id='line_1_110' title="bbox 191 5390 1765 5466; baseline -0.001 -18"><span class='ocrx_word' id='word_1_789' title='bbox 191 5393 296 5466; x_wconf 77' lang='grc' dir='ltr'>λῆς</span> <span class='ocrx_word' id='word_1_790' title='bbox 325 5393 446 5448; x_wconf 84' lang='grc' dir='ltr'>τῶν</span> <span class='ocrx_word' id='word_1_791' title='bbox 470 5390 875 5464; x_wconf 80' lang='grc' dir='ltr'>παρῃτημένων</span> <span class='ocrx_word' id='word_1_792' title='bbox 898 5390 958 5444; x_wconf 75' lang='grc' dir='ltr'><strong>τὸ</strong></span> <span class='ocrx_word' id='word_1_793' title='bbox 990 5390 1204 5446; x_wconf 80' lang='grc' dir='ltr'>δεῖπνον</span> <span class='ocrx_word' id='word_1_794' title='bbox 1229 5392 1578 5463; x_wconf 86' lang='grc' dir='ltr'>σημαίνεται,</span> <span class='ocrx_word' id='word_1_795' title='bbox 1603 5393 1710 5446; x_wconf 83' lang='grc' dir='ltr'><strong>τῶν</strong></span> <span class='ocrx_word' id='word_1_796' title='bbox 1735 5394 1765 5447; x_wconf 82' lang='grc' dir='ltr'><strong>ὲ·</strong></span> 
     </span>
    </p>
   </div>
   <div class='ocr_carea' id='block_1_111' title="bbox 1870 5381 3477 5466">
    <p class='ocr_par' dir='ltr' id='par_1_111' title="bbox 1901 5381 3477 5462">
     <span class='ocr_line' id='line_1_111' title="bbox 1901 5381 3477 5462; baseline -0.006 -17"><span class='ocrx_word' id='word_1_797' title='bbox 1901 5401 2009 5446; x_wconf 90' lang='lat' dir='ltr'><strong>tam</strong></span> <span class='ocrx_word' id='word_1_798' title='bbox 2032 5390 2276 5462; x_wconf 61' lang='lat' dir='ltr'><strong>praebere</strong></span> <span class='ocrx_word' id='word_1_799' title='bbox 2303 5388 2599 5446; x_wconf 89' lang='lat' dir='ltr'><strong>decuerat:</strong></span> <span class='ocrx_word' id='word_1_800' title='bbox 2629 5386 2770 5443; x_wconf 90' lang='lat' dir='ltr'><strong>unde</strong></span> <span class='ocrx_word' id='word_1_801' title='bbox 2799 5395 2855 5443; x_wconf 90' lang='lat' dir='ltr'><strong>et</strong></span> <span class='ocrx_word' id='word_1_802' title='bbox 2892 5382 3199 5442; x_wconf 85' lang='lat' dir='ltr'><strong>sterilitatis</strong></span> <span class='ocrx_word' id='word_1_803' title='bbox 3217 5381 3333 5450; x_wconf 85' lang='lat' dir='ltr'><strong>ejus</strong></span> <span class='ocrx_word' id='word_1_804' title='bbox 3362 5382 3477 5454; x_wconf 74' lang='lat' dir='ltr'><strong>sig-</strong></span> 
     </span>
    </p>
   </div>
   <div class='ocr_carea' id='block_1_112' title="bbox 268 5562 1765 5707">
    <p class='ocr_par' dir='ltr' id='par_1_112' title="bbox 268 5562 1765 5707">
     <span class='ocr_line' id='line_1_112' title="bbox 268 5562 1401 5635; baseline -0.003 -14"><span class='ocrx_word' id='word_1_805' title='bbox 268 5567 320 5602; x_wconf 84' lang='grc'><strong>¹¹³</strong></span> <span class='ocrx_word' id='word_1_806' title='bbox 352 5565 505 5621; x_wconf 88' lang='lat' dir='ltr'><strong>Dan.</strong></span> <span class='ocrx_word' id='word_1_807' title='bbox 532 5582 592 5631; x_wconf 86' lang='grc' dir='ltr'><strong>ιι,</strong></span> <span class='ocrx_word' id='word_1_808' title='bbox 618 5566 707 5619; x_wconf 71' lang='grc'><strong>47.</strong></span> <span class='ocrx_word' id='word_1_809' title='bbox 785 5564 829 5595; x_wconf 70' lang='grc'>⁷⁸</span> <span class='ocrx_word' id='word_1_810' title='bbox 857 5562 994 5619; x_wconf 84' lang='lat' dir='ltr'><strong>Gen.</strong></span> <span class='ocrx_word' id='word_1_811' title='bbox 1030 5577 1143 5628; x_wconf 71' lang='lat' dir='ltr'><strong>snt,</strong></span> <span class='ocrx_word' id='word_1_812' title='bbox 1177 5564 1198 5616; x_wconf 87' lang='lat' dir='ltr'><strong>l</strong></span> <span class='ocrx_word' id='word_1_813' title='bbox 1248 5579 1401 5635; x_wconf 80' lang='lat' dir='ltr'><strong>seqq.</strong></span> 
     </span>
     <span class='ocr_line' id='line_1_113' title="bbox 1555 5655 1765 5707; baseline 0 0"><span class='ocrx_word' id='word_1_814' title='bbox 1555 5655 1765 5707; x_wconf 75' lang='lat' dir='ltr'><strong>VABIA</strong></span> 
     </span>
    </p>
   </div>
   <div class='ocr_carea' id='block_1_113' title="bbox 1870 5562 2218 5707">
    <p class='ocr_par' dir='ltr' id='par_1_113' title="bbox 1870 5648 2218 5707">
     <span class='ocr_line' id='line_1_114' title="bbox 1870 5648 2218 5707; baseline -0.006 0"><span class='ocrx_word' id='word_1_815' title='bbox 1870 5648 2218 5707; x_wconf 59' lang='lat' dir='ltr'><strong>.ECTIONES</strong></span> 
     </span>
    </p>
   </div>
   <div class='ocr_carea' id='block_1_114' title="bbox 1555 5652 2235 5713">
    <p class='ocr_par' dir='ltr' id='par_1_114' title="bbox 1555 5652 2235 5713">
     <span class='ocr_line' id='line_1_115' title="bbox 1555 5652 2235 5713; baseline -0.007 -4"><span class='ocrx_word' id='word_1_816' title='bbox 1555 5655 1787 5712; x_wconf 63' lang='grc' dir='ltr'><strong>ΥΔΒΙᾸΞ</strong></span> <span class='ocrx_word' id='word_1_817' title='bbox 1832 5652 2235 5713; x_wconf 81' lang='lat' dir='ltr'><strong>LECTIONES.</strong></span> 
     </span>
    </p>
   </div>
   <div class='ocr_carea' id='block_1_115' title="bbox 279 5747 1170 5821">
    <p class='ocr_par' dir='ltr' id='par_1_115' title="bbox 279 5747 1170 5821">
     <span class='ocr_line' id='line_1_116' title="bbox 279 5747 1170 5821; baseline -0.007 -13"><span class='ocrx_word' id='word_1_818' title='bbox 279 5748 300 5796; x_wconf 82' lang='grc'><strong>¹</strong></span> <span class='ocrx_word' id='word_1_819' title='bbox 328 5751 425 5807; x_wconf 74' lang='grc' dir='ltr'>ισ.</span> <span class='ocrx_word' id='word_1_820' title='bbox 462 5749 620 5821; x_wconf 81' lang='grc' dir='ltr'>πρός.</span> <span class='ocrx_word' id='word_1_821' title='bbox 700 5748 850 5818; x_wconf 55' lang='lat' dir='ltr'><strong>maca.</strong></span> <span class='ocrx_word' id='word_1_822' title='bbox 891 5748 947 5800; x_wconf 75' lang='grc' dir='ltr'><strong>τὸ</strong></span> <span class='ocrx_word' id='word_1_823' title='bbox 974 5747 1170 5818; x_wconf 81' lang='grc' dir='ltr'>εὑρών.</span> 
     </span>
    </p>
   </div>
  </div>
