3954 6308
421 335 426 340 ε
481 301 620 364 24Βῖ

1823 308 2170 370 PROCUPII
2209 311 2451 372 UAZLEI

3624 312 3765 374 2183

486 431 616 468 ιιιιιιι
646 415 852 472 siccam
909 415 1072 472 ﬁcum
1133 416 1435 488 prtebuisse
1479 423 1721 472 constat.
1763 419 1918 484 Quod
1968 422 2059 476 illa

2164 427 2281 488 ταῖς
2312 423 2450 488 ὁδοῖς
2478 421 2983 494 ἀντικεκλημένων,
3014 422 3142 494 περὶ
3181 417 3257 478 ὧν
3300 425 3360 476 ἐν
3408 423 3491 493 τῷ
3526 427 3760 492 παρόντι

481 511 646 564 etiam
700 507 979 577 Evangelii
1031 509 1289 577 parabola
1347 508 1690 580 signiﬁcatur
1744 511 1809 578 ⁷⁵,
1847 513 1899 566 ἱιι
1948 529 2057 580 qua

483 600 768 654 nonnullis
799 599 866 654 ad
893 599 1181 670 prandium
1218 599 1406 654 venire
1447 602 1850 667 recusantibus,
1875 605 1965 658 alii
2003 605 2056 682 in

483 705 674 742 corum
703 691 882 743 locum
923 690 990 744 de
1030 689 1210 743 triviis
1247 701 1632 772 accersuntur:
1665 691 1732 748 de
1767 695 1970 764 quibus
2003 696 2058 749 in

485 778 630 832 hunc
663 779 883 832 modum
913 778 1050 849 apud
1082 779 1398 848 prophetam
1425 781 1587 834 istum
1619 782 1893 850 reperias:
1932 801 1950 834 ι
1972 781 2061 835 ln-

411 917 416 920 .
481 877 682 925 ventus
713 886 832 926 sum
857 871 924 924 ab
957 870 1063 936 his,
1099 871 1190 940 qui
1222 885 1306 924 me
1357 885 1465 924 non
1507 873 1870 940 quaerebant:
1905 872 2062 926 inno-

487 961 566 1015 tui
599 963 704 1024 bis,
747 962 841 1030 qui
865 977 1078 1016 menon
1107 962 1537 1032 interrogabant.
1575 962 1690 1015 Dixi
1716 982 1728 1016 :
1753 963 1894 1018 Ecce
1939 978 2059 1018 sum

487 1053 552 1108 ad
582 1061 818 1122 gentem,
878 1068 998 1122 quae
1033 1068 1138 1107 non
1192 1063 1418 1108 noverat
1481 1069 1566 1108 mc
1600 1053 1699 1106 ⁷⁸.»
1741 1052 1814 1108 De
1859 1053 2061 1108 Judacis

485 1153 667 1200 autem
699 1145 778 1200 sic
813 1145 996 1200 addit:
1043 1143 1178 1199 Tota
1209 1145 1296 1199 die
1327 1144 1562 1214 expaudi
1595 1146 1787 1198 manus
1823 1160 1972 1198 meas
1994 1145 2062 1200 ad

485 1239 749 1310 populum
787 1238 1149 1305 incredulum,
1176 1249 1230 1294 ct
1271 1246 1662 1308 repugnantem
1697 1238 1795 1290 ⁷⁷.»
1829 1237 2061 1292 Eosdem

483 1339 540 1382 et
576 1331 629 1384 in
655 1331 962 1401 Evangeliis
995 1338 1253 1398 provocat
1287 1330 1370 1384 his
1401 1331 1622 1384 verbis:
1658 1349 1674 1381 ι
1713 1329 1964 1384 Accedite
1994 1329 2062 1382 ad

485 1438 595 1487 me,
624 1437 815 1477 omnes
859 1425 949 1490 qni
1017 1423 1278 1475 laboratis
1325 1428 1378 1474 et
1438 1423 1648 1476 onerati
1697 1421 1850 1485 estis,
1882 1428 1937 1474 et
1965 1436 2064 1490 ego

491 1515 731 1565 reliciam
760 1531 854 1565 vos
875 1515 942 1578 ’8;
971 1533 988 1564 ι
1021 1526 1071 1566 ιιι
1101 1530 1242 1580 sa-pc
1273 1513 1410 1567 alias
1451 1513 1722 1567 similibus
1757 1513 2060 1582 permultis.

493 1605 568 1657 An
607 1605 794 1674 igitur,
825 1607 1024 1674 inquit.
1069 1607 1195 1674 quia
1240 1619 1460 1658 servare
1517 1619 1614 1658 vos
1646 1618 1752 1657 non
1804 1606 1974 1674 Ροῑ⁴¹ίν
2010 1604 2063 1656 ί¹¹

487 1696 862 1765 captivitatem
899 1695 1058 1766 572
1091 1697 1226 1750 estis
1260 1694 1511 1760 abducti;
1567 1709 1742 1760 neque
1783 1693 1948 1762 hujus
1981 1703 2064 1764 ty-

2160 515 2421 587 προφήτῃ
2455 511 2620 586 φησὶν
2667 517 2696 568 ὁ
2731 516 3002 588 Χριστός²
3042 536 3062 568 ι
3093 516 3344 588 Εὑρέθην
3389 519 3505 580 τοῖς
3550 517 3658 584 ἐμὲ
3687 516 3760 585 μὴ

2160 606 2436 677 ζητοῦσιν.
2469 607 2754 679 Ἐμφανὴς
2781 609 3050 680 ἐγενόμην
3071 611 3184 672 τοῖς
3213 607 3314 678 ἐμὲ
3343 608 3421 678 μὴ
3461 606 3761 676 ἐπερωτῶ-

2162 717 2268 755 σιν.
2297 696 2462 764 Eine,
2481 701 2612 754 Ἰδού
2631 703 2772 772 εἰμι,
2796 701 2876 771 τῷ
2907 701 3074 765 ἔθνει,
3105 701 3154 756 οἳ
3175 702 3276 755 οὐκ
3295 701 3608 770 ⁴ἠπίσταντό
3635 716 3756 768 tu.»

2162 791 2300 861 Περὶ
2333 791 2388 844 δὲ
2424 791 2534 844 τῶν
2576 791 2846 845 Ἰουδαίων
2880 793 3111 861 ὲπάγει·
3152 811 3172 844 ι
3211 791 3382 861 Ὅλην
3405 792 3511 861 τὴν
3541 789 3759 860 ἡμέραν

2161 879 2468 944 ἐξεπέτασα
2497 883 2596 946 τὰς
2627 882 2816 952 χεῖράς
2850 899 2952 953 μου
2974 883 3114 953 πρὸς
3145 881 3273 935 λαδν
3302 880 3644 936 ἀπειθοῦντα
3666 881 3756 933 καὶ

2165 971 2534 1038 ἀντιλέγοντα.
2570 990 2591 1024 ι
2635 971 2744 1036 Οὒς
2774 972 2868 1026 καὶ
2895 973 3077 1026 καλῶν
3107 973 3165 1026 ὲν
3191 972 3553 1041 Εὐαγγελίοις
3576 973 3753 1039 ἔλεγε·

2173 1080 2193 1113 ι
2216 1062 2382 1116 Δεῦτε
2410 1063 2548 1134 πρός
2580 1080 2669 1134 με,
2695 1064 2747 1116 οἱ
2803 1064 3106 1127 κοπιῶντες
3159 1064 3254 1117 καὶ
3299 1061 3754 1134 πεφορτισμένοι,

2165 1153 2321 1221 κάγὼ
2347 1153 2650 1206 ἀναπαύσω
2675 1153 2840 1223 ὑμᾶς,
2866 1171 2884 1203 ι
2925 1153 3019 1206 καὶ
3043 1151 3266 1206 τοιαῦτα
3293 1151 3584 1214 πολλάκις.
3615 1149 3754 1203 Ἀλλ’

2165 1245 2274 1314 ἄρα
2311 1244 2384 1315 μὴ
2413 1244 2584 1297 σῶσαί
2615 1259 2740 1314 μου,
2769 1243 2936 1314 φησὶν
2959 1284 2973 1307 ,
3005 1243 3383 1311 ἀσθενοῦντος,
3427 1246 3512 1308 είς
3546 1245 3754 1314 αἰχμα-

2164 1335 2366 1389 λωσίαν
2407 1335 2729 1406 ἀπήχθη-τες
2775 1335 2872 1388 καὶ
2911 1336 2970 1388 ού
3015 1334 3317 1407 δυνήσεσθε
3365 1336 3614 1405 σωθῆναι
3655 1338 3755 1405 τῆς

2169 1431 2378 1484 ὲκείκου
2412 1429 2760 1500 τυραννίδος,
2791 1428 2950 1481 τοῦτο
2980 1427 3116 1498 πρὸς
3153 1428 3283 1491 τοὺς
3335 1426 3471 1480 Θεὸν
3505 1426 3756 1496 βλασφη-

2170 1521 2406 1592 μοῦντας
2439 1523 2513 1583 ὡς
2547 1523 2608 1574 οὺ
2642 1519 2936 1589 δυνηθέντα
2987 1520 3158 1572 σῶσαι
3196 1519 3289 1570 τὸν
3330 1517 3490 1578 λαὸν,
3568 1521 3756 1572 ὁποῖον

2168 1617 2261 1666 καὶ
2289 1615 2315 1666 ὁ
2345 1613 2535 1682 Σωτὴρ
2570 1611 2706 1682 πρὸς
2737 1611 2862 1674 τοὺς
2885 1611 3168 1678 οἰομένους
3210 1609 3376 1662 αὐτὸν
3407 1609 3618 1662 ἄκοντα
3647 1608 3753 1660 πά-

2171 1721 2340 1774 σχειν,
2383 1703 2512 1769 περὶ
2543 1701 2646 1770 τῆς
2673 1700 2782 1754 τῶν
2815 1707 2876 1754 ιε’
2918 1709 2945 1737 ιι
2967 1699 3420 1768 ,λεγεώνων-φησὶ
3463 1701 3750 1769 παραστά-

487 1787 718 1842 raimide
776 1788 998 1840 liberari
1032 1787 1322 1856 poteritis?
1377 1785 1433 1839 In
1485 1785 1834 1854 blasphemos
1896 1785 2059 1853 igitur

2169 1811 2304 1857 σεως
2325 1813 2336 1825 ·
2367 1794 2554 1862 1ἤγουν,
2585 1791 2772 1862 ἐπειδὴ
2799 1787 2968 1846 εἶπεν,
2997 1790 3206 1862 μηδένα
3256 1789 3610 1844 ὑπακοῦσαι
3653 1807 3749 1844 xa-

485 1882 753 1935 adversus
788 1879 951 1934 Deum
989 1879 1130 1935 istud
1161 1887 1264 1943 cst,
1297 1878 1388 1947 qui
1422 1893 1644 1932 servare
1673 1875 1926 1946 populum
1953 1891 2060 1930 non

484 1986 646 2036 posse
676 1970 812 2024 falso
843 1969 1198 2024 arbitrantur.
1231 1968 1404 2034 Quale
1434 1978 1516 2023 cst
1547 1975 1598 2020 ct
1637 1965 1768 2021 illud
1800 1968 2063 2021 adversus

485 2076 602 2124 eos,
645 2061 738 2129 qui
773 2060 1112 2114 Salvatorem
1150 2075 1258 2113 non
1295 2069 1492 2128 sponte
1548 2067 1776 2112 mortem
1824 2057 2062 2111 obit-isse

483 2163 768 2222 putarunt,
793 2154 859 2207 de
879 2160 1070 2223 parato
1093 2149 1378 2205 duodecim
1401 2151 1671 2219 legionum
1691 2149 1894 2204 auxilio
1919 2149 2062 2218 ejus-

486 2243 608 2297 dem
642 2256 968 2310 responsum
999 2241 1065 2292 79.
1107 2238 1203 2293 Vel
1241 2249 1405 2318 certe,
1448 2239 1577 2308 quia
1613 2239 1821 2293 nullum
1866 2255 2059 2293 vocan-

487 2345 592 2390 tem
621 2335 806 2388 audire
843 2335 1019 2400 dixit;
1053 2345 1412 2406 praeterquam
1442 2332 1590 2402 quod
1626 2348 1787 2387 aures
1820 2333 1925 2388 sibi
1961 2331 2060 2386 ob-

485 2437 765 2494 turarunt,
807 2428 992 2482 omnia
1027 2427 1192 2480 ctiam
1227 2427 1280 2478 in
1319 2440 1378 2480 se
1408 2436 1600 2493 praeter
1631 2423 1712 2478 fas
1767 2423 2060 2479 admisisse

486 2520 736 2586 indicat;
770 2536 892 2588 quae
926 2527 1106 2572 tamen
1141 2517 1408 2587 patienter
1448 2517 1592 2582 tulit,
1627 2532 1751 2570 cum
1790 2533 1818 2570 a
1857 2533 1917 2572 se
1946 2532 2062 2572 om-

487 2610 619 2664 nino
645 2625 829 2664 arccre
859 2610 1162 2679 potuisset;
1201 2614 1257 2660 ut
1289 2607 1593 2661 dessiccato
1624 2607 1773 2676 prius
1801 2606 1854 2660 in
1875 2614 2060 2660 trans-

488 2703 625 2756 itum
675 2703 816 2755 mari
845 2701 1030 2756 Rubro
1057 2717 1072 2768 ;
1099 2709 1156 2753 ιιι
1185 2697 1424 2753 Jordane
1443 2697 1609 2752 ﬂuvio
1643 2714 1656 2761 ;
1686 2706 1745 2752 ut
1775 2697 1939 2752 trium
1967 2697 2061 2752 de-

484 2799 652 2866 nique
685 2794 900 2850 dierum
933 2795 1153 2849 tenebris
1192 2794 1246 2846 in
1277 2791 1514 2862 Egypto
1545 2791 1758 2860 patuit;
1805 2792 1879 2844 ita
1913 2789 2058 2845 enim

486 2889 652 2945 habet
705 2888 1020 2960 Symmachi
1061 2887 1472 2957 interpretatio:
1515 2883 1650 2939 Ecce
1699 2886 2056 2952 increpatione

488 2999 604 3041 mea
634 2981 919 3036 dessiccavi
962 2997 1126 3040 mare.
1167 2979 1268 3048 feci
1297 2979 1485 3050 ﬂuvios
1507 2979 1790 3032 desertum.
1832 2977 1984 3042 Quod
2011 2977 2057 3032 si

487 3071 554 3125 ad
602 3071 784 3125 futura
817 3071 1047 3132 referas.
1081 3071 1275 3137 Deum,
1327 3069 1372 3124 si
1413 3069 1564 3131 velit,
1592 3065 1804 3122 ellicere
1856 3065 2056 3120 similia

487 3177 652 3232 posse
698 3163 1112 3232 intelligendum
1145 3169 1228 3216 est
1273 3179 1285 3214 :
1325 3159 1580 3214 "tenebras
1621 3167 1826 3221 autem,
1857 3164 1911 3211 et
1962 3156 2056 3226 qui

486 3269 584 3306 eas
611 3253 816 3320 Operati
840 3261 988 3316 sunt,
1009 3253 1062 3306 in
1089 3252 1203 3320 ipsa
1231 3266 1411 3306 rerum
1441 3249 1687 3305 omnium
1708 3263 2060 3303 consumma-

427 3325 438 3334 .
489 3346 637 3400 tione
661 3345 984 3414 dissipatum
1013 3345 1116 3408 iri;
1143 3359 1251 3412 quo
1285 3352 1531 3412 tempore
1574 3357 1671 3396 sua
1701 3342 1898 3411 cuique
1939 3341 2061 3394 vita:

491 3439 632 3492 ratio
679 3453 778 3508 pro
840 3435 1050 3489 meritis
1103 3433 1380 3489 reddenda
1433 3441 1538 3488 est.
1593 3433 1732 3498 Quin
1775 3439 1828 3486 ct
1885 3431 2059 3500 primo

489 3528 665 3594 ipsius
701 3527 936 3580 adventu
972 3525 1300 3593 increpatum
1330 3524 1398 3579 al)
1439 3525 1558 3593 ipso
1584 3538 1730 3576 mare
1753 3521 2048 3592 quievisse,

489 3617 896 3687 invisibilcsque
938 3623 1234 3687 potestates
1264 3614 1384 3684 ejus
1417 3615 1643 3682 imperio
1677 3614 1926 3683 paruisse
1963 3628 2059 3666 no-

488 3719 604 3762 tum
667 3719 772 3774 est,
843 3709 1066 3778 quibus,
1098 3708 1221 3778 quia
1256 3705 1853 3774 Judaeisspectantibus
1913 3703 2059 3758 edita

487 3810 668 3868 erant,
702 3816 826 3856 cum
876 3802 919 3856 si
975 3801 1266 3863 noluisset,
1317 3813 1609 3868 passurum
1653 3812 1758 3850 non
1820 3810 1973 3859 esse;
2006 3807 2060 3847 et

487 3908 673 3963 posse,
707 3895 752 3948 si
783 3893 1072 3956 voluisset,
1104 3891 1353 3960 quamvis
1377 3889 1562 3952 homo,
1593 3887 1778 3942 orbem
1811 3887 1953 3940 imae
1973 3889 2060 3938 in-

487 3983 740 4040 feriorem
777 4000 1019 4046 servare,
1045 3981 1267 4037 eosdem
1291 3995 1402 4035 non
1436 3979 1690 4034 dubitare
1725 3976 1928 4031 decuit.
1957 3975 2057 4030 Nc-

487 4093 594 4146 que
624 4077 906 4132 conversis
936 4074 1002 4129 ad
1035 4075 1086 4129 id
1127 4080 1362 4136 tantum,
1403 4072 1548 4140 quod
1599 4077 1826 4138 apparet
1857 4067 2058 4130 oculis,

485 4183 610 4222 eum
641 4183 720 4230 sv,
755 4183 862 4220 non
895 4174 1116 4235 propter
1142 4163 1357 4234 egregia
1379 4163 1538 4226 facta,
1559 4159 1654 4215 sed
1679 4167 1898 4228 propter
1919 4157 2062 4212 blas-

487 4259 734 4328 pbemias
753 4245 1026 4326 lapidibus
1048 4264 1252 4327 petere,
1275 4256 1367 4325 qui
1390 4255 1550 4307 homo
1571 4252 1865 4314 exsistcns,
1890 4248 2056 4304 Deum

487 4365 548 4404 se
575 4351 764 4414 faciat,
826 4350 1202 4419 respondere:
1239 4349 1332 4402 sed
1357 4345 1572 4401 discere
1622 4341 1873 4399 eumdem
1901 4342 2060 4410 plane

2165 1886 2398 1948 λοῦντι,
2428 1885 2702 1938 δείκνυσιν
2721 1883 2796 1946 ὡς
2840 1883 2978 1952 πρὸς
3015 1882 3124 1935 τῶν
3151 1891 3172 1912 °
3206 1880 3282 1950 μὴ
3305 1879 3648 1947 ὑπακοῦσαι,
3680 1882 3749 1934 τὰ

2140 1976 2382 2030 πάντων
2403 1975 2751 2046 ἁθεσμότατα
2775 1976 2896 2028 κατ’
2917 1973 3050 2042 ἐμοῦ
3067 1972 3458 2042 διεπράξασθε.
3480 1973 3596 2024 Καὶ
3618 1972 3749 2042 πρὶς

2163 2067 2339 2120 ταῦτα
2359 2067 2437 2129 δὲ,
2468 2065 2654 2135 φησὶν,
2679 2064 3018 2132 ἀνεξικάκως
3039 2063 3294 2135 ὴνὲχθην,
3327 2063 3634 2134 δυνάμενκ
3649 2082 3754 2134 μη-

2163 2156 2251 2209 δὲν
2281 2157 2416 2218 ὅλως
2449 2155 2674 2212 παθεῖν·
2707 2155 2782 2217 ὡς
2818 2153 3057 2222 ἐδήλωσε
3073 2155 3337 2224 πρότερον
3370 2154 3618 2225 Ἐρυθρὰ
3653 2155 3746 2224 ξη-

2167 2246 2424 2318 ρανθεῖσα
2450 2247 2586 2318 πρὸς
2610 2245 2860 2300 διάϐασιν
2889 2245 3134 2298 θάλασσα
3159 2262 3171 2276 ·
3206 2245 3303 2299 καὶ
3324 2246 3578 2318 ποταμὸς
3619 2247 3747 2315 Ἰορ-

2163 2313 2329 2406 δάνης
2344 2353 2357 2366 ο
2385 2337 2480 2391 καὶ
2496 2313 2734 2402 ’σκότος
2755 2336 2878 2408 τριή
2888 2353 3052 2408 μερον
3073 2337 3132 2389 ὲν
3149 2313 3408 2405 Αίγύπτῷ
3429 2313 3744 2406 γενόμενον.

2174 2429 2234 2482 '0
2264 2429 2372 2500 γὰρ
2399 2429 2696 2502 Σύμμαχος
2731 2429 3020 2494 ἐξέδωκεν·
3039 2428 3193 2484 Ἰδοὺ
3221 2427 3382 2496 ὲντῆ
3403 2429 3744 2497 ἐπιτιμήσει

2159 2539 2278 2591 μου
2304 2521 2570 2590 ἐξήρανα
2598 2519 2940 2585 θάλασσαν,
2974 2520 3232 2588 ἐποίησα
3272 2520 3590 2588 ποταμοὺς
3615 2521 3746 2588 ἐρη-

2157 2632 2298 2684 μον.
2328 2613 2448 2668 Κᾶν
2479 2615 2570 2668 ἐπὶ
2613 2613 2896 2685 μέλλοντος
2924 2614 2980 2668 δὲ
3010 2613 3222 2684 ληφθῇ,
3269 2615 3492 2682 νοητὲον
3530 2614 3611 2677 ὡς
3654 2612 3744 2666 τοῦ

2163 2704 2320 2770 Θεοῦ,
2342 2707 2388 2760 εί
2413 2704 2676 2776 βούλοιτο,
2701 2705 3002 2777 δυναμένου
3028 2705 3252 2775 ποιῆσαι
3272 2706 3342 2758 τὰ
3360 2705 3739 2775 παραπλήσια.

2163 2797 2236 2850 Τὸ
2264 2797 2320 2851 δὲ
2353 2801 2576 2864 σκότος
2602 2800 2698 2854 καὶ
2731 2799 3061 2868 ποιήσαντες
3081 2807 3109 2848 P
3145 2800 3204 2850 ὲν
3223 2800 3288 2868 τῇ
3322 2799 3613 2869 συντελείᾳ
3641 2797 3746 2850 τῶν

2162 2887 2319 2952 ὅλων,
2378 2889 2436 2940 ὲν
2535 2887 2720 2942 καὶτὸ
2768 2890 2877 2942 πᾶν
2917 2888 3344 2958 ἀφανισθήσεται
3367 2928 3383 2953 ,
3436 2887 3551 2940 τῶν
3619 2887 3747 2958 βίων

2163 2976 2299 3047 πρὸς
2329 2975 2486 3044 ἀξίαν
2507 2977 2938 3047 ἐὐθυνομένων.
2989 2979 3100 3032 Καὶ
3149 2977 3246 3032 ἐπὶ
3274 2978 3372 3047 τῆς
3417 2977 3654 3047 πρώτης
3693 2977 3748 3029 δὲ

2164 3066 2466 3136 παρουσίας
2495 3066 2894 3136 ἀπειληθεῒσα
2944 3067 3082 3137 πρὸς
3107 3066 3296 3120 ἀὐτοῦ
3351 3066 3602 3136 ἡσύχασε
3645 3066 3746 3120 θά-

2163 3158 2368 3220 λαττα,
2407 3156 2501 3209 καὶ
2525 3157 2748 3228 ἀόρατοι
2771 3156 3028 3227 δυνάμεις
3054 3151 3206 3223 εἶξαν
3245 3155 3588 3226 ὲπιτάγματι
3621 3156 3746 3209 διω-

2164 3247 2411 3314 κόμεναι.
2444 3247 2624 3317 Ἀπερ
2649 3249 2816 3317 ἐχρῆν
2859 3245 3148 3310 Ἰουδαίους
3171 3245 3436 3316 ὁρῶντας,
3473 3247 3549 3316 μὴ
3578 3247 3742 3316 ἀμφι-

2164 3337 2383 3408 σϐητεῖν
2406 3338 2488 3392 ὅτι
2518 3338 2619 3392 οὐκ
2651 3337 2718 3390 ἂν
2743 3336 2968 3403 ἔπαθεν,
2993 3337 3152 3404 εῐπερ
3191 3336 3456 3404 ἠϐούλετο
3475 3354 3488 3368 ·
3543 3337 3642 3390 καὶ
3669 3338 3744 3390 ὅτι

2162 3429 2336 3482 σῶσαι
2359 3428 2584 3482 δύναται
2609 3429 2706 3498 τὴν
2744 3429 2834 3480 ὑπ’
2863 3427 3112 3499 οὐρανὸν,
3143 3430 3191 3482 εἰ
3233 3429 3329 3482 καὶ
3382 3427 3614 3496 γέγονεν
3652 3431 3742 3482 ἀν-

2163 3521 2400 3592 θρωπος·
2423 3523 2514 3576 καὶ
2538 3522 2613 3592 μὴ
2638 3523 2698 3575 τὸ
2715 3523 3041 3592 φαινόμενον
3059 3520 3302 3592 ὁρῶντας
3328 3521 3542 3588 λέγειν,
3569 3539 3587 3570 ι
3614 3521 3744 3591 Περὶ

2162 3612 2322 3666 καλοῦ
2349 3611 2514 3682 ἔργου
2539 3613 2602 3665 ού
2631 3611 2927 3683 λιθάζομέν
2953 3629 3034 3676 σε,
3060 3611 3195 3666 ἀλλὰ
3219 3611 3345 3680 περὶ
3371 3611 3742 3680 βλασφημίας,

2160 3704 2242 3756 ὃτι
2266 3705 2329 3756 σὺ
2361 3704 2642 3774 ἄνθρωπος
2666 3701 2762 3768 ὢν,
2796 3705 2972 3766 ποιεῖς
3007 3702 3233 3756 σεαυτὸν
3265 3702 3432 3754 Θεὸψ
3463 3721 3478 3752 ι
3509 3702 3628 3754 δέον
3647 3718 3742 3770 μα-

2162 3794 2294 3858 θεῖν,
2325 3795 2401 3857 cii;
2434 3795 2598 3858 αὐτὸς
2626 3797 2655 3846 ὁ
2680 3793 2856 3848 λαλῶν
2886 3795 3136 3864 πάρειμι,
3164 3793 3274 3846 ότὰ
3296 3791 3466 3846 πάλαι
3505 3791 3742 3861 θαυματο

2161 3886 2456 3956 ουργὴσας,
2486 3885 2522 3938 ἂ
2566 3884 2715 3955 δηλοῖ
2765 3884 2857 3938 καὶ
2907 3883 3072 3938 Δαϐὶδ
3099 3883 3302 3951 λέγων·
3342 3901 3360 3933 ι
3393 3881 3460 3934 Τί
3487 3880 3607 3934 ἐστί
3639 3897 3735 3942 σοι,

2163 3973 2426 4037 θάλασσα,
2459 3973 2540 4026 ὅτι
2567 3971 2805 4041 ἕφυγες;
2840 3973 3042 4038 καὶσὺ,
3101 3973 3362 4042 Ἰορδάνη.
3406 3972 3490 4025 ὅτι
3535 3971 3740 4040 ἀνεχώ-

2163 4083 2336 4136 ρησας
2359 4065 2440 4128 εἰς
2467 4063 2536 4118 τὰ
2565 4063 2775 4130 ὀπίσω,
2804 4083 2822 4115 ι
2855 4065 2948 4118 καὶ
2965 4063 3149 4118 πάλιν
3181 4082 3200 4115 ι
3229 4063 3440 4118 ’[δοσάν
3463 4079 3525 4115 σε
3551 4063 3735 4122 ὕδατα,

2159 4156 2188 4208 ό
2216 4156 2366 4220 Θεὸς,
2404 4165 2433 4204 ιι
2468 4155 2651 4210 ῖδοσάν
2687 4172 2746 4207 σε
2800 4155 2986 4220 ὕδατα,
3023 4155 3118 4208 καὶ
3167 4153 3543 4226 ἐφοϐήθησαν.
3579 4173 3598 4207 ι
3634 4156 3738 4207 Καὶ

2161 4245 2403 4314 περὶτοῦ
2447 4245 2716 4316 Ἰορδάνου
2748 4246 2908 4300 πάλιν
2933 4262 2945 4274 ’
2985 4264 3004 4297 ι
3043 4247 3115 4299 Σὺ
3145 4245 3418 4316 ὲξὴρανας
3458 4248 3736 4316 ποταμοὺς

2173 4337 2376 4406 Ἦθὰμ,
2414 4357 2434 4390 ι
2460 4336 2604 4392 τοῦτ’
2641 4338 2758 4414 ἔστι
2789 4339 2912 4400 τοὺς
2943 4339 3000 4391 ὲν
3027 4338 3106 4408 τῷ
3138 4339 3294 4408 νότῳ.
3329 4339 3392 4391 Εἰ
3422 4339 3497 4409 μὴ
3523 4339 3630 4407 ἄρα
3655 4355 3732 4400 2:;

486 4456 630 4504 esse,
665 4441 756 4508 qui
794 4456 1036 4509 praesens
1075 4439 1204 4493 olim
1228 4452 1291 4491 ea
1317 4435 1480 4491 etiam
1507 4433 1772 4489 miracula
1795 4437 2056 4502 patrarat,

2163 4431 2257 4485 καὶ
2284 4429 2370 4483 διὰ
2413 4421 2615 4483 τούτων
2645 4429 2978 4506 θάλασσαη
3017 4430 3114 4500 μὲν
3161 4429 3628 4498 ξηραινομένην,
3673 4428 3735 4480 τὰ

485 4532 554 4588 de
575 4532 776 4599 quibus
805 4532 875 4584 ita
899 4531 1041 4599 apud
1067 4529 1322 4584 Davidem
1353 4527 1582 4596 legimus
1603 4544 1646 4578 ει
1673 4523 1812 4590 Quid
1831 4531 1914 4579 est
1938 4523 2060 4588 tibi,

2163 4525 2340 4596 πλήθη
2369 4525 2476 4578 τῶν
2495 4525 2707 4578 ἀσεϐῶν
2735 4524 2903 4578 ἐθνῶν
2923 4524 3255 4578 αἰνίττεσθαι
3293 4524 3544 4594 φήσειεν,
3562 4539 3732 4577 ποτα-

485 4639 658 4687 mare,
691 4623 836 4692 quod
861 4622 1078 4691 fugisti?
1101 4619 1165 4674 Et
1188 4629 1266 4685 tu,
1305 4617 1582 4681 Jordanis,
1603 4617 1727 4686 quia
1763 4629 2059 4670 conversus

2163 4617 2313 4687 μοὺς
2341 4617 2400 4670 δὲ
2415 4617 2697 4686 ἐρήμους,
2711 4618 2840 4680 τοὺς
2855 4617 3024 4670 πάλαι
3048 4615 3256 4670 κατασύ
3266 4633 3461 4686 ροντας
3485 4618 3570 4680 είς
3590 4616 3730 4669 εἰδω-

483 4731 545 4770 cs
602 4727 904 4769 retrorsth
935 4714 1016 4768 8°?
1051 4733 1068 4765 ι
1110 4713 1316 4767 Deinde
1351 4727 1366 4764 :
1396 4729 1414 4762 ι
1483 4709 1750 4763 Viderunt
1799 4715 1854 4762 te
1884 4721 2062 4776 aquae,

482 4807 651 4870 Deus,
675 4807 924 4862 viderunt
954 4813 1008 4860 te
1028 4821 1202 4874 aqum,
1232 4813 1282 4858 et
1309 4805 1608 4858 timuerunt
1628 4800 1724 4853 ⁸³.»
1747 4801 1812 4854 Et
1842 4813 2062 4854 rursum

475 4893 552 4950 ‘de
585 4893 854 4950 Jordane:
894 4913 912 4945 ι
951 4893 1032 4948 Tu
1085 4895 1308 4948 elevasti
1359 4891 1552 4945 ﬂuvios
1599 4890 1814 4944 Etbami
1844 4891 1912 4954 ⁸⁸,
1947 4907 1965 4940 ι
2005 4888 2056 4942 id

480 4993 586 5048 cst,
629 4985 924 5040 australes.
955 4983 1070 5038 Nisi
1094 4985 1138 5039 si
1172 4984 1296 5053 quis
1322 4982 1484 5036 etiam
1509 4996 1602 5051 per
1633 4995 1778 5033 mare
1800 4979 2059 5032 dessicca-

487 5087 616 5142 lunt,
652 5077 941 5146 impiarum
971 5078 1208 5146 gentium
1243 5069 1646 5128 m’ultitudinem
1688 5073 1835 5126 dicat
1864 5073 2057 5126 adum-

483 5169 625 5226 brari
653 5187 666 5238 ;
699 5185 795 5240 per
813 5169 999 5238 ﬂuvios
1027 5179 1206 5223 autem
1229 5167 1484 5230 desertos,
1517 5167 1765 5221 nationes
1792 5181 1908 5229 eas,
1977 5165 2177 5235 quibus
2245 5167 2313 5222 ad
2365 5169 2632 5224 idolorum
2697 5170 2902 5222 cultum
2941 5167 3159 5224 adducti
3190 5177 3356 5230 sunt;
3390 5179 3490 5234 per

2161 4709 2476 4780 λολατρείαν
2498 4710 2690 4778 λόγους
2717 4727 2732 4742 ο
2761 4711 2976 4780 ἰχθύας
2999 4709 3057 4762 δὲ
3079 4713 3286 4763 τούτων
3307 4709 3516 4762 ἀπολλυ
3525 4711 3728 4779 μένους.

2171 4803 2270 4866 τὰς
2318 4801 2592 4873 ἑρπούσας
2643 4803 2702 4856 ὲν
2751 4803 2872 4863 ταῖς
2905 4800 3014 4854 τῶν
3043 4800 3217 4854 ἀθέων
3258 4799 3459 4870 ψυχαῖς
3487 4799 3731 4868 δυνάμεις

2167 4892 2431 4964 πονηρὰς,
2458 4891 2588 4946 ἔνθα
2610 4893 2703 4946 καὶ
2730 4893 2759 4945 ὁ
2782 4891 2999 4962 δράκων
3021 4889 3317 4962 διατρίϐειν
3345 4891 3570 4962 appear],
3601 4891 3729 4942 κατὰ

2164 4984 2246 5050 τὸ,
2279 5004 2298 5037 ‹
2335 4985 2486 5056 Αὕτη
2513 4986 2546 5055 ἡ
2577 4985 2818 5038 θάλασσα
2849 4985 2882 5056 ἡ
2935 4983 3149 5055 μεγάλη
3203 4985 3298 5038 καὶ
3335 4983 3670 5055 εὐρύχωρος,
3702 4998 3721 5030 ›

2167 5075 2260 5128 καὶ
2283 5076 2354 5129 τά
2377 5077 2512 5147 μετὰ
2535 5075 2723 5129 ταῦτα.

3566 5165 3726 5230 piam

483 5275 613 5316 vero
660 5271 972 5330 pereuntes,
1023 5261 1192 5313 malas
1225 5266 1549 5328 potestates,
1591 5272 1714 5326 quae
1740 5266 1966 5326 serpunt
1999 5256 2053 5310 in
2095 5259 2294 5314 animis
2325 5259 2646 5314 atbeorum:
2682 5259 2772 5313 ubi
2808 5269 2862 5312 et
2907 5259 3074 5314 draco
3148 5255 3308 5328 573
3381 5256 3500 5325 ipse
3541 5255 3725 5326 degere

483 5356 664 5412 dictus
693 5363 775 5409 est
802 5353 987 5422 ;juxta
1020 5351 1187 5406 illud:
1220 5371 1237 5401 ι
1273 5349 1386 5404 Hoc
1409 5363 1555 5404 mare
1580 5363 1833 5418 magnum
1857 5355 1911 5402 et
1929 5349 2242 5418 spatiosum
2263 5351 2364 5416 ⁸³,ι
2403 5359 2457 5404 et
2480 5368 2599 5422 quae
2629 5349 2906 5420 deinceps.

1321 5463 1365 5494 ’⁷⁸
1408 5461 1509 5517 lsa.
1535 5479 1657 5519 LXV.
1695 5462 1747 5515 1.

554 5465 602 5499 ’⁸
632 5466 768 5522 Luc.
816 5483 924 5528 xw,
967 5465 1034 5520 16
1090 5480 1244 5534 seqq.
1321 5465 1365 5494 ’⁷⁸
1408 5465 1657 5519 lsa.r.xv.
1695 5465 1747 5515 1.
1845 5465 1889 5492 ’⁷⁷
1927 5465 2036 5514 ibid

554 5551 630 5592 ιιι.
671 5537 724 5591 5.
799 5537 843 5570 ⁸⁸
876 5537 1019 5592 Dsal.
1055 5551 1243 5592 mm-
1269 5534 1355 5586 17.
1467 5535 1512 5565 ⁸⁸
1553 5533 1694 5586 Psal.
1728 5547 1919 5592 matur,
1952 5531 2038 5584 15.

485 5550 630 5603 cxm,
671 5537 724 5591 5.
799 5537 843 5570 ⁸⁸
876 5537 1019 5592 Dsal.
1055 5551 1243 5604 tum,
1269 5534 1355 5586 17.

1845 5462 1890 5492 ’⁷⁷
1927 5461 2058 5516 ibid.
2096 5461 2149 5515 Ξ.
2283 5464 2332 5496 ⁷³
2363 5463 2554 5518 Matth.
2581 5481 2611 5517 ιι

1845 5547 1919 5592 ιιι,
1952 5531 2038 5584 15.
2114 5533 2162 5563 ⁸³
2196 5533 2340 5588 Psal.
2378 5549 2494 5598 cm,
2524 5535 2614 5589 ‘25.

2283 5464 2332 5496 ⁷⁸
2363 5463 2554 5518 Matth.
2581 5479 2659 5530 ιιι,
2683 5463 2770 5519 28.
2876 5463 2920 5494 ’³
2952 5459 3142 5516 Matth.
3175 5473 3321 5528 nrt,
3351 5458 3444 5514 55.
3518 5453 3714 5512 “Psal-

1749 5623 1984 5677 VABl/E
2025 5623 2429 5682 LECTIUNES.

559 5724 588 5758 ε
727 5717 799 5786 ιξι.

880 5727 902 5751 ο
927 5735 1013 5785 γρ.
1043 5719 1144 5790 τῷ.
1197 5731 1222 5769 P
1253 5736 1340 5786 γρ.
1375 5719 1601 5787 ποιήσας
1630 5715 1780 5771 αὐτὸ.
1839 5726 1866 5766 τι
1893 5734 1975 5787 πρ.
1999 5717 2044 5768 εἰ
2073 5715 2140 5770 εί.
