3980 6306
201 281 350 346 243]

1349 279 1885 344 ΟΟΜΜΕΝΤΑΚΗ
1925 287 2003 346 [Ν
2049 287 2338 348 ISAIAM.

3326 297 3388 359 24
3400 298 3470 362 90

274 397 502 462 Τούτοις
529 397 588 452 δὲ
621 399 733 461 τοῖς
765 397 872 466 τῆς
913 397 1214 466 θαλάττης
1248 399 1452 467 ἰχθύσι
1488 401 1579 459 καὶ
1620 402 1785 471 ἐρτεε-

1964 401 2102 460 Istos
2131 419 2298 474 porro
2316 405 2485 474 pisces
2519 409 2754 462 marinos
2783 417 2838 465 et
2871 420 3149 482 serpentes
3182 428 3289 468 non
3325 413 3469 479 luce.

201 493 324 556 τοῖς
349 490 555 560 ὁλόγος
605 489 824 544 ἀπειλεῖ
847 491 1132 557 σκότους,
1171 490 1232 544 οὐ
1262 492 1438 561 φωτὸς
1475 494 1654 563 πλήρη
1693 494 1790 566 θή-

205 599 321 638 σειν
345 583 436 637 τὸν
464 582 694 656 οὐρανόν
713 598 729 613 ο
762 583 940 648 εἴποις
969 583 1013 636 δ’
1042 582 1108 636 ἂν
1137 583 1298 636 πάλιν
1319 583 1644 638 θάλασσαν
1667 567 1804 656 μὲν,

204 673 306 744 τὴν
334 673 442 728 τῶν
489 673 760 730 Ἰουδαίων
780 673 1183 745 πολυπληθείαν
1205 691 1220 706 ο
1251 677 1528 744 ποταμοὺς
1555 676 1632 739 δὲ,
1664 679 1790 740 τοὺς

206 765 473 838 πρότερον
525 767 712 828 αὐτοῖς
755 765 950 836 λόγους
979 767 1455 837 χορηγουμένους’
1487 767 1676 836 ἰχθύας
1709 769 1786 830 δὲ,

206 857 336 920 τοὺς
374 857 854 930 μαθητευομένους
877 859 1000 922 ταῖς
1034 857 1357 920 Ἰουδαϊκοῖς
1380 857 1746 928 παραδόσεσιν
1771 875 1787 891 ο

206 937 284 999 ὧν
314 945 382 1016 δὴ
439 946 693 1016 προλέγει
739 947 958 1000 πάντων
1021 945 1348 1016 ἀφανισμὸν,
1397 947 1492 999 καὶ
1545 947 1606 1000 τὸ
1654 949 1789 1000 πᾶσι

208 1039 436 1104 σκότος
494 1038 856 1102 ἐπιπολάσαν,
913 1037 1014 1092 οὐκ
1071 1037 1333 1106 οὐρανοῦ
1376 1038 1788 1105 σκοτωθέντος,

209 1128 325 1182 ἀλλ’
357 1128 538 1192 αὐτοῖς
569 1129 799 1193 ἐκείνοις
853 1128 1188 1182 ἐπιπολάσαν
1225 1137 1247 1166 ι·
1271 1129 1457 1199 ὥσπερ
1490 1130 1791 1193 σκοτώδους

209 1217 590 1288 καλύμματος,
628 1218 720 1272 Διὸ
767 1219 828 1272 οὐ
863 1219 1110 1290 ποιήσειν
1149 1218 1274 1288 ἔφη,
1307 1219 1422 1271 ἀλλ’
1459 1218 1709 1274 ἔνδυσιν
1746 1229 1790 1286 ι’,

210 1309 617 1380 ὑποδραμόντος
641 1310 840 1382 δηλαδὴ
859 1309 964 1364 τοῦ
980 1311 1240 1376 σκότους
1260 1297 1401 1364 κατὰ
1421 1310 1530 1362 τ’ῶν
1557 1311 1712 1374 ἀναξτ
1717 1329 1792 1364 ων

210 1399 410 1468 φωτός.
457 1399 513 1452 '0
541 1399 596 1452 δὲ
619 1399 870 1468 σάκκος,
903 1401 1133 1464 πένθους
1165 1400 1458 1470 σύμϐολον,
1495 1401 1584 1454 διὰ
1607 1402 1667 1454 τὸ
1701 1403 1793 1456 καὶ

209 1491 309 1552 τὰς
333 1490 620 1560 οὐρανίους
649 1490 908 1561 δυνάμεις
935 1491 1147 1545 πενθεῖν
1165 1492 1344 1545 αὐτῶν
1373 1493 1472 1562 τὴν
1496 1491 1789 1546 ἀπώλειαν.

211 1581 524 1652 Δυνάμενος
569 1582 682 1649 οῦν,
732 1584 884 1654 φησὶ,
923 1583 996 1654 μὴ
1035 1583 1247 1648 παθεῖν,
1294 1585 1356 1637 τὸ
1387 1585 1546 1654 σῶμά
1586 1601 1689 1654 μου
1717 1586 1794 1654 τῷ

213 1673 376 1727 πάθει
411 1675 724 1744 παρέδωκα.
759 1673 926 1727 Τοῦτο
961 1673 1067 1744 γάρ
1098 1675 1270 1728 ἐδόκει
1317 1693 1421 1746 μου
1445 1675 1522 1744 τῷ
1568 1677 1788 1745 Πατέρι.

1891 494 1985 548 sed
2016 495 2258 552 tenebris
2298 496 2496 551 coelum
2551 498 2846 556 referturos
2879 517 3010 558 esse
3041 506 3214 558 oratio
3250 505 3473 559 minita-

1891 597 1998 642 tur.
2027 587 2306 659 lntelligas
2331 604 2464 644 vero
2487 597 2542 644 et
2570 591 2737 644 maris
2765 591 2982 660 quidem
3011 595 3253 658 nomine,
3277 595 3469 662 ingen-

1889 683 1998 732 tem
2050 676 2362 733 Judaeorum
2400 679 2802 734 multitudinem
2829 721 2845 745 ,
2897 695 2992 751 per
3024 679 3220 738 ﬂuvios
3266 694 3472 746 autem,

1889 784 1984 824 eos
2023 770 2196 840 ipsos,
2239 771 2330 841 qui
2375 770 2528 840 prius
2577 772 2686 828 illis
2721 772 2966 827 rationes
3013 773 3469 842 suppeditarunt;

1891 873 1987 928 per
2013 859 2196 929 pisces
2231 862 2486 931 denique,
2515 876 2610 917 eos
2638 862 2732 932 qui
2777 861 3097 917 Judzeorum
3145 864 3473 921 traditiones

1891 949 2212 1004 docentibus
2238 951 2362 1005 aliis
2397 951 2744 1005 didicerunt:
2770 966 2910 1021 quos
2935 966 3126 1008 omnes
3152 953 3474 1009 interituros

1893 1039 2162 1109 praedicit,
2186 1041 2430 1110 fereque,
2466 1048 2525 1094 ut
2572 1041 2798 1096 tenebrae
2827 1041 2883 1096 in
2915 1057 3106 1099 omnes
3132 1057 3238 1098 non
3270 1043 3474 1099 obscu-

1892 1140 2013 1185 rato
2048 1133 2270 1200 quidem
2327 1135 2478 1196 cwlo,
2515 1135 2610 1189 sed
2647 1134 2812 1189 veluti
2862 1135 3154 1190 tenebroso
3205 1134 3476 1192 velamine

1893 1224 2076 1294 aliquo
2125 1225 2344 1294 objeeto
2375 1223 2774 1279 ditl'undautur.
2807 1224 2984 1296 Atque
3025 1225 3151 1281 inde
3184 1235 3292 1293 est,
3326 1227 3474 1297 quod

1894 1331 2000 1369 non
2035 1315 2310 1371 facturum
2338 1333 2419 1382 se,
2449 1315 2543 1370 sed
2575 1316 2888 1370 indutumm
2918 1315 3075 1380 dixit,
3105 1327 3161 1372 ut
3192 1333 3287 1374 eos
3317 1317 3471 1372 vide-

1895 1405 2038 1470 licet,
2071 1407 2164 1477 qui
2197 1408 2318 1462 luce
2358 1407 2566 1476 indigni
2609 1414 2759 1470 sunt,
2799 1406 3020 1462 tenebrae
3063 1409 3345 1466 invadant.
3375 1407 3472 1464 Est

1893 1512 2024 1552 vero
2051 1513 2234 1552 saccus
2283 1499 2463 1553 luctus
2500 1497 2762 1552 indicium
2814 1507 2868 1552 et
2909 1499 3145 1568 signum,
3179 1507 3237 1553 ut
3280 1514 3470 1554 eorum

1897 1587 2174 1640 interitum
2218 1587 2366 1656 ipsas
2407 1589 2569 1642 etiam
2602 1588 2866 1642 ccelorum
2897 1592 3126 1643 virtutes
3168 1589 3352 1659 lugere
3392 1589 3471 1642 si-

1896 1673 2208 1742 gniﬁcetur.
2240 1673 2376 1728 Cum
2433 1690 2646 1742 possem
2701 1675 2867 1746 igitur
2899 1691 3006 1729 non
3053 1677 3217 1739 mori,
3268 1678 3466 1744 inquit,

213 1767 303 1819 Διὸ
349 1767 446 1820 xui.
495 1763 971 1838 κατηγορούμενος
1028 1769 1300 1831 ἐσιώπων,
1353 1769 1592 1836 ὑπήκοος
1644 1768 1792 1838 αὐτῷ

1896 1779 2098 1832 corpus
2151 1763 2268 1832 ipse
2304 1780 2484 1818 mcum
2523 1765 2687 1818 morti
2736 1765 2958 1819 tradidi.
3017 1763 3094 1820 lla
3125 1766 3270 1820 enim
3323 1763 3470 1818 Patri

217 1857 377 1927 μέχρι
401 1856 631 1909 θανάτου
690 1857 992 1928 γινόμενος,
1043 1859 1197 1921 εἰδὼς
1227 1860 1302 1920 ῶς
1339 1857 1492 1910 ἔσται
1531 1858 1618 1926 μοί
1661 1875 1788 1910 ποτε

215 1949 405 2017 καιρὸς
434 1948 557 2001 καθ’
587 1947 644 2000 ὃν
693 1948 793 2001 οὐκ
843 1948 924 2000 ἔτι
955 1950 1252 2018 σιγήσομαι
1291 1947 1583 2018 γλῶσσαν
1609 1948 1791 2001 λαϐὼν

215 2038 365 2108 παρὰ
397 2039 494 2092 τοῦ
525 2039 766 2110 Ιῖατέρος
825 2042 882 2093 ἐν
933 2038 1110 2109 καιρῷ
1129 2039 1332 2109 λέγειν
1379 2042 1748 2112 ἐπισταμένην
1773 2057 1786 2070 ο

213 2132 302 2185 ὅτε
330 2149 438 2201 μου
471 2131 746 2201 πανταχοῦ
766 2133 865 2202 τῆς
893 2133 1219 2202 Ἐκκλησίας
1252 2131 1670 2202 καθιδρυμένης,
1703 2132 1790 2185 διὰ

213 2220 320 2273 τῶν
371 2219 523 2289 ἐμῶν
583 2216 849 2291 βοήσομαι
902 2219 1159 2291 μαθητῶν
1219 2223 1384 2275 πᾶσιν
1439 2221 1646 2274 ἔθνεσιν
1698 2221 1790 2273 τὸν

214 2311 457 2380 ἐμαυτοῦ
499 2311 782 2382 γνωρίζων
816 2313 1058 2382 Πατέρα,
1088 2312 1251 2365 αὐτοῦ
1300 2330 1389 2382 μοι
1431 2312 1788 2383 χαριζομένου

213 2401 306 2456 xui.
335 2397 460 2456 ὦτα
479 2403 838 2472 ἀκουστικίι,
875 2404 976 2474 τῆς
1001 2405 1140 2474 ἐμῆς
1171 2405 1417 2457 συνιέντα
1445 2405 1790 2466 διδασκαλίας

212 2493 302 2547 τὸν
331 2495 479 2560 νοῦν,
513 2495 652 2549 κατὰ
712 2497 791 2560 τὸ,
835 2515 852 2547 ι
883 2497 993 2548 Καὶ
1041 2496 1252 2549 ἔσονται
1297 2496 1499 2558 πάντες
1550 2496 1789 2550 διδακτοὶ

213 2583 371 2654 θεοῦ,
411 2603 432 2636 ι
469 2586 614 2654 άπερ
669 2586 800 2653 ταῖς
823 2587 1092 2654 ἑωθινοῖς
1114 2587 1291 2656 ὥραις
1324 2587 1785 2657 προσεδρεύοντα,

213 2677 583 2743 παιδεύσεως
604 2677 851 2748 τῆςὲμῆς
879 2678 1270 2748 μεταλήψεται.
1301 2679 1357 2730 Ὀ
1384 2679 1442 2732 δὲ
1470 2679 1785 2750 Σύμμαχος,

217 2767 438 2836 Ἕθηκέ
469 2785 569 2837 μοι
601 2769 754 2836 πρωῒ
771 2771 931 2840 γύρῳ
959 2771 1123 2840 φησίν
1154 2772 1196 2824 ⁸.
1229 2770 1286 2823 '0
1316 2770 1372 2824 δέ
1410 2771 1662 2835 Ἀκύλας,
1693 2773 1790 2826 Ἐν

213 2859 362 2927 πρωῒ
382 2857 648 2930 ἐξετερεῖ
659 2877 760 2929 μοι
811 2861 988 2915 ὠτίον
1034 2861 1141 2914 τοῦ
1192 2862 1453 2918 ἀκούειν.
1493 2857 1652 2918 Οὗτοι
1680 2864 1790 2934 γάρ

217 2967 305 3022 μοι
353 2950 476 3006 ἀνθ’
524 2951 678 3023 ὑμῶν
737 2952 846 3006 τῶν
905 2952 980 3024 μὴ
1045 2955 1394 3008 ἀκουσάντων
1441 2957 1786 3026 γενήσονται,

216 3043 688 3116 προσεδρευόντων
725 3044 814 3098 ἀεὶ
837 3049 953 3125 ταῖς
995 3045 1086 3098 τοῦ
1115 3046 1279 3116 νόμου
1313 3048 1512 3109 σκιαῖς.
1558 3047 1789 3102 Ἐκεῖνοι

215 3133 272 3186 δέ
293 3135 423 3197 τοὺς
448 3133 652 3199 τύπους
704 3137 784 3200 είς
839 3135 1100 3206 ἀλήθειαν
1144 3140 1518 3207 πνευματικῆς
1558 3139 1790 3208 θεωρίας

217 3225 545 3290 ἐκδέξονται,
613 3227 765 3298 ὑμῶν
837 3228 1305 3298 παρακουσάντων
1354 3245 1454 3299 μου
1509 3229 1785 3298 λέγοντος

222 3334 242 3368 ι
263 3303 555 3388 Ἐρευνᾶτε
587 3317 686 3382 τὰς
705 3317 950 3390 Γραφὰς,
977 3320 1058 3372 ὄτι
1088 3320 1144 3372 ἐν
1167 3320 1358 3384 αὐταῖς
1390 3321 1597 3373 δοκεῖτε
1649 3319 1792 3391 ζωὴν

217 3407 436 3462 αἰώνιον
466 3408 634 3478 ἔχειν,
671 3411 766 3462 καὶ
799 3411 958 3464 αὐταί
1006 3411 1142 3463 εἰσιν
1175 3411 1232 3464 αἱ
1269 3411 1643 3482 μαρτυροῦσαι
1665 3411 1792 3482 περὶ

217 3499 370 3568 ἐμοῦ,
391 3499 494 3552 καὶ¹
517 3501 579 3553 οὐ
610 3501 792 3556 θέλετε
821 3503 993 3556 ἐλθεῖν
1014 3503 1148 3574 πρός
1177 3521 1266 3572 με,
1299 3504 1383 3556 ἵνα
1402 3505 1543 3575 ζωὴν
1572 3505 1786 3576 ἔχητε.»

215 3587 424 3658 Γράφει
467 3587 524 3641 δὲ
565 3591 660 3642 καὶ
723 3590 752 3641 ὁ
818 3589 958 3654 θεῖος
1019 3578 1360 3656 Ἀπόστολος,
1403 3613 1422 3644 ι
1467 3594 1590 3648 Ὅτι
1628 3594 1794 3664 ἡνίκα

218 3679 656 3753 ἀναγινώσκηται
705 3683 927 3754 Μωσῆς,
973 3683 1238 3754 κάλυμμα
1293 3685 1386 3738 ἐπὶ
1431 3685 1529 3756 τὴν
1564 3687 1790 3757 καρδίαν

219 3771 391 3826 αὐτῶν
421 3777 636 3830 κεῖται.-
655 3793 673 3826 ι

285 4031 443 4096 Τινὲς
496 4032 552 4086 δὲ
596 4032 673 4097 ὡς
697 4033 806 4087 ἀπὸ
855 4033 960 4088 τῶν
1027 4033 1283 4106 μαθητῶν
1338 4035 1589 4106 εἰρῆσθαι
1635 4037 1792 4090 τοῦτὸ
1833 4023 1844 4032 ’

219 4137 370 4190 φασι,
387 4122 694 4177 λαλούντων
717 4125 932 4195 ἑκάστῳ
945 4126 1014 4179 τά
1035 4126 1320 4198 πρόσφορα
1345 4129 1437 4181 καὶ
1461 4113 1806 4200 κατάλληλα(

215 4211 266 4266 οῖ
295 4213 383 4266 mi
407 4213 722 4281 τεθεῖσθαι,
755 4217 940 4286 φασιν,
990 4217 1229 4284 ἑαυτοῖς
1253 4227 1282 4256 ιι
1310 4219 1412 4274 καὶ
1449 4222 1617 4288 πρωῒ,
1646 4221 1790 4276 τοῦτ’

217 4301 362 4358 ἐστιν
390 4307 470 4370 είς
493 4305 618 4360 νοῦν
646 4308 741 4361 καὶ
793 4309 1022 4381 καρδίαν
1067 4311 1284 4382 ἡμέρας
1331 4312 1668 4384 διαύγασμα,
1697 4315 1792 4369 καὶ

217 4397 408 4466 νοητοῦ
437 4398 614 4467 φωτὸς
646 4398 932 4469 ἔλλαμψιν.
969 4402 1080 4482 Καὶ
1105 4403 1317 4468 Παῦλος
1341 4405 1450 4479 γὰρ
1479 4405 1793 4476 εὐχαριστεῖ

213 4461 420 4558 τῷδεῷ
432 4461 626 4556 λέγων,
643 4489 725 4542 ὃτι
742 4509 759 4541 ι
774 4461 1074 4563 ζΕρρύσατο
1087 4495 1120 4564 ἡ
1131 4494 1236 4562 μᾶς
1251 4461 1316 4547 ἐκ
1329 4461 1431 4562 cui};
1439 4461 1686 4560 ἐξουσίας
1698 4497 1788 4550 τοῦ
1825 4461 1867 4514 D

215 4578 460 4642 σκότους,
493 4580 586 4632 καὶ
618 4581 951 4652 μετέστησεν
981 4583 1170 4654 εἰςτὴν
1203 4583 1481 4652 βασιλείαν
1521 4585 1616 4639 τοῦ
1649 4585 1780 4640 Υἰοῦ

212 4665 308 4734 τῆς
337 4667 556 4740 ἀγάπης
576 4670 740 4724 αὐτοῦ
763 4675 819 4724 ἐν
838 4671 915 4742 τῷ
940 4673 1098 4742 φωτί.
1130 4692 1150 4725 ›
1173 4674 1328 4738 Τινὲς
1349 4677 1442 4729 καὶ
1462 4677 1536 4740 ὡς
1569 4677 1676 4732 ἀπὸ
1694 4677 1788 4732 τοῦ

215 4758 495 4828 προφήτου
517 4760 736 4816 δυνατὸν
761 4763 822 4816 τὺ
843 4764 1015 4836 παρὸν
1066 4763 1278 4835 ἔφασαν
1311 4765 1560 4838 λελέχθαι
1600 4771 1783 4841 ῥητόν.

217 4845 724 4922 Εὐαγγελισαμένου
763 4854 873 4927 γὰρ
899 4855 1064 4910 αὐτοῦ
1087 4857 1186 4928 τὴν
1225 4857 1404 4912 αὐτῶν
1445 4877 1524 4925 τε,
1558 4861 1650 4914 καὶ⁵
1683 4863 1792 4916 τῶν

213 4934 382 4990 ἐθνῶν
413 4941 706 5012 σωτηρίαν,
755 4945 848 4997 καὶ
897 4944 992 4998 τοῦ
1039 4943 1290 5015 Σωτῆρος
1319 4944 1417 5016 τὴν
1455 4945 1658 5015 ἄφιξιν,
1692 4949 1786 5002 καὶ

217 5027 306 5080 τοῦ
341 5031 548 5102 κόσμου
578 5033 675 5104 τὴν
703 5035 1035 5100 συντέλειαν,
1083 5035 1246 5090 πόθεν
1293 5037 1468 5107 τούτῳ
1494 5038 1670 5092 ταῦτα
1695 5039 1800 5090 λέο’

213 5134 329 5186 γειν
355 5129 384 5160 ν
410 5123 648 5194 ἠπόρουν
677 5125 796 5179 καθ’
820 5127 1064 5190 ἑαυτούς.
1099 5127 1159 5180 '0
1178 5127 1234 5180 δέ
1266 5143 1452 5199 φησιν·
1471 5126 1587 5182 Οὐκ
1603 5127 1736 5198 ἐμὸς
1757 5129 1786 5181 ὁ

214 5207 390 5278 λόγος,
413 5216 443 5266 ὁ
474 5217 724 5288 χορηγῶν
778 5219 836 5273 δέ
864 5219 1118 5292 Χριστὸς,
1152 5220 1212 5285 ὃς
1241 5222 1354 5284 τοῖς
1383 5221 1576 5275 ἐαυτοῦ
1609 5222 1791 5276 δίδωσι

215 5304 406 5374 καιρόν
428 5322 486 5360 τε
506 5309 694 5378 λόγου
709 5311 804 5364 καὶ
824 5309 1038 5366 σύνεσιν
1058 5311 1196 5383 πρὸς
1215 5313 1276 5368 τὸ
1295 5315 1454 5367 νοεῖν.
1481 5314 1594 5368 Οὐκ
1616 5315 1795 5370 ἀθετῶ

1892 1869 2014 1908 meo
2054 1855 2228 1909 visum
2257 1862 2362 1909 est.
2407 1856 2594 1923 Itaque
2619 1855 2778 1909 etiam
2813 1870 2936 1910 cum
2974 1871 3288 1920 accusarer,
3326 1866 3486 1910 tace»

1892 1945 2038 2010 bam,
2069 1947 2244 2002 eidem
2273 1948 2338 2001 ad
2369 1960 2594 2002 nmrlem
2629 1964 2804 2018 usque
2835 1955 3041 2003 morem
3093 1963 3286 2019 gerens
3317 1965 3332 2014 ;
3372 1964 3471 2002 nec

1891 2036 2152 2090 dubitans
2183 2037 2300 2090 fore
2332 2036 2464 2090 mihi
2501 2045 2717 2106 tempus
2745 2037 3062 2107 aliquando,
3097 2053 3205 2106 quo
3233 2037 3413 2106 lingua
3441 2052 3472 2088 a

1893 2124 2054 2179 Patre
2091 2133 2492 2194 acccpta,_quae
2522 2123 2769 2195 loquendi
2806 2127 3282 2196 tempestivitatem
3325 2127 3471 2179 cale-

1891 2226 1992 2280 ret,
2023 2217 2153 2271 mihi
2197 2219 2433 2288 amplius
2464 2217 2754 2272 tacendum
2812 2235 2919 2273 non
2943 2229 3090 2274 esset
3130 2219 3346 2288 quando
3388 2218 3473 2272 ni-

1892 2311 2090 2366 mirum
2123 2311 2376 2367 stabilita
2397 2312 2598 2380 ubique
2620 2310 2890 2377 Ecclesia,
2921 2327 3016 2380 per
3040 2326 3190 2366 meos
3217 2311 3334 2380 ipse
3359 2310 3473 2364 dis-

1889 2403 2106 2470 cipulos
2139 2403 2398 2472 gentibus
2428 2403 2683 2456 omnibus
2713 2402 2926 2456 Patrem
2954 2417 3136 2456 meum
3172 2402 3472 2470 praedicans

1888 2492 2155 2556 clamabo,
2187 2492 2428 2560 mihique
2464 2492 2592 2545 item
2626 2490 2810 2544 audire
2844 2491 3072 2544 valentes
3105 2477 3283 2555 aurea,
3310 2491 3360 2544 id
3388 2499 3474 2545 est

1888 2583 2191 2654 disciplina:
2221 2599 2353 2637 meae
2387 2599 2616 2652 capaces
2659 2583 2896 2648 animas,
2937 2584 3093 2652 juxta
3143 2583 3310 2637 illud:
3345 2601 3364 2634 ι
3401 2581 3471 2636 Ει

1889 2682 2049 2730 erunt
2070 2689 2260 2729 omnes
2276 2673 2537 2730 docibilcs
2567 2673 2673 2728 Deo
2689 2674 2756 2738 3‘,
2792 2693 2810 2725 ι
2843 2675 3101 2743 largietur
3120 2689 3134 2726 :
3151 2690 3280 2743 qua:
3302 2684 3473 2726 mam.

1891 2771 2018 2824 linis
2046 2771 2190 2823 horis
2221 2777 2440 2824 attentae
2483 2768 2821 2838 disciplinam
2865 2784 3037 2824 meam
3085 2780 3468 2839 assequentur.

1888 2861 2090 2916 Verum
2129 2861 2274 2930 quod
2303 2861 2523 2916 Addidit
2565 2859 2694 2914 mihi
2745 2877 2897 2914 mane
2945 2862 3245 2923 scientiam,
3295 2860 3463 2916 habet

1893 2950 2280 3023 Symmachus,
2309 2949 2469 3004 Hane
2493 2951 2739 3005 excitavit
2771 2951 2900 3003 mihi
2927 2967 3108 3005 aurem
3135 2951 3203 3005 ad
3243 2951 3469 3008 audien-

1891 3025 2040 3108 llum,
2088 3042 2227 3096 dixit
2256 3041 2500 3111 Aquilas.
2535 3042 2602 3095 lli
2637 3041 2908 3110 siquidem
2941 3043 3070 3097 mihi
3094 3045 3148 3098 in
3179 3044 3353 3100 locum
3383 3060 3474 3101 ve-

1895 3143 2072 3188 strum
2107 3132 2320 3187 venturi
2357 3140 2504 3197 sunt,
2531 3132 2624 3202 qui
2644 3149 2727 3188 me
2757 3147 2866 3186 non
2903 3132 3174 3200 audistis;
3207 3133 3302 3190 sed
3338 3134 3472 3203 legis

1899 3223 2106 3277 umbrae
2137 3237 2354 3292 semper
2385 3221 2718 3276 adhaesistis.
2757 3221 2824 3274 At
2853 3222 2930 3276 illi
2966 3221 3166 3293 ﬁguras
3207 3223 3262 3278 in
3309 3225 3474 3294 spiri-

1895 3313 2059 3369 tualis
2083 3314 2564 3385 contemplationis
2587 3316 2876 3370 veritatem
2897 3315 3192 3386 excipient,
3217 3331 3476 3372 aversan-

1895 3403 2044 3458 tibus
2075 3402 2230 3457 vobis
2268 3403 2361 3472 qui
2393 3419 2478 3458 me
2511 3403 2771 3458 noluistis
2805 3402 2997 3458 audire
3055 3403 3474 3474 ita‘provocan-

1895 3503 2001 3548 lem
2032 3511 2048 3547 :
2077 3513 2096 3546 ι
2133 3494 2475 3548 Scrutamini
2510 3493 2846 3564 Scripturas,
2899 3495 3163 3566 quoniam
3231 3495 3288 3550 in
3339 3495 3474 3564 ipsis

1892 3584 2097 3654 putatis
2129 3586 2294 3638 vitam
2324 3593 2646 3654 perpetuam
2673 3587 2898 3652 habere,
2929 3594 2985 3642 et
3016 3586 3148 3656 ipsae
3174 3595 3322 3651 sunt,
3351 3603 3473 3656 quae

1893 3675 2268 3730 testimonium
2305 3675 2702 3742 perhibent'de
2734 3689 2842 3738 me,
2881 3689 3059 3745 neque
3087 3675 3252 3730 vultis
3287 3677 3474 3731 venire

1893 3765 1960 3819 ad
1999 3780 2104 3830 me,
2139 3773 2198 3817 ut
2226 3765 2386 3818 vitam
2409 3765 2663 3820 habeatis
2691 3765 2792 3818 ⁸⁵.»
2823 3763 3027 3820 Scribit
3051 3780 3180 3820 vero
3206 3773 3260 3819 et
3283 3766 3474 3821 beatus

1893 3857 2056 3928 571'.
2081 3855 2318 3912 Paulus:
2356 3875 2374 3907 ι
2408 3855 2544 3910 Cum
2571 3856 2772 3924 legitur
2796 3855 2975 3912 Moses
2997 3899 3012 3923 ,
3033 3856 3279 3912 velamen
3307 3872 3474 3927 super

1893 3962 1987 4000 cor
2016 3961 2204 4000 eorum
2228 3945 2464 4014 positum
2508 3954 2591 4000 est
2615 3943 2682 4000 ⁸⁸.
2730 3962 2748 3996 ι

1963 4037 2080 4092 Νοιι
2105 4037 2302 4092 desunt
2333 4045 2538 4102 autem,
2567 4037 2659 4106 qui
2705 4051 2770 4090 ex
2799 4035 3198 4106 discipulorum
3239 4052 3472 4108 persona

1894 4127 2038 4181 istud
2062 4129 2366 4197 accipiant;
2403 4135 2660 4196 tanquam
2707 4127 3003 4197 unicuique
3047 4126 3202 4180 utilia
3250 4135 3303 4179 et
3333 4141 3468 4180 con-

1892 4234 2030 4290 grua
2065 4220 2218 4288 loqui
2251 4235 2310 4274 se
2345 4219 2570 4284 dicant;
2607 4234 2860 4288 muneque
2910 4233 2965 4272 se
2994 4233 3105 4272 esse
3140 4215 3377 4280 additos,
3412 4214 3468 4269 id

1893 4319 2000 4377 est,
2032 4311 2304 4366 mentibus
2359 4318 2412 4364 et
2455 4309 2714 4366 cordibus
2747 4309 2880 4380 ipsis
2915 4309 3163 4364 divinum
3213 4305 3474 4376 splendo-

1898 4417 2012 4456 rem
2043 4409 2096 4456 et
2125 4401 2266 4457 lucis
2293 4401 2657 4474 iutelligibilis
2701 4401 3142 4458 coruscationem
3173 4399 3470 4469 accepisse.

1897 4491 2124 4546 Paulum
2162 4493 2310 4547 enim
2349 4493 2514 4548 etiam
2553 4492 2666 4549 Deo
2704 4495 2910 4565 gratias
2942 4507 3102 4565 agere
3148 4492 3380 4564 legimus
3406 4491 3473 4556 ⁸⁷,

1894 4584 2042 4656 quod
2073 4600 2132 4640 se
2186 4587 2253 4641 de
2284 4587 2637 4640 tenebrarum
2701 4595 2967 4657 potestate
3011 4594 3258 4656 ereptum
3300 4585 3353 4638 in
3389 4597 3474 4637 re-

1892 4693 2057 4750 gnum
2102 4677 2286 4734 dilecti
2311 4678 2432 4732 Filii
2467 4679 2553 4734 sui
2585 4678 2654 4732 ad
2695 4681 2870 4734 lucem
2911 4678 3274 4734 transtulerit.
3328 4674 3477 4730 Non-

1891 4770 2031 4825 nulli
2057 4785 2278 4825 rursum
2314 4778 2574 4838 tanquam
2603 4783 2634 4822 a
2665 4771 2932 4839 propheta
2968 4771 3131 4824 verba
3177 4770 3278 4824 ista
3325 4769 3464 4823 sumi

1901 4877 2064 4934 posse
2097 4863 2375 4917 dixerunt.
2417 4863 2552 4916 Cum
2585 4862 2729 4917 enim
2790 4878 2945 4918 suam
2997 4863 3104 4916 illis
3147 4869 3202 4916 et
3231 4860 3472 4930 gentium

1905 4955 2157 5018 salutem,
2208 4951 2620 5022 Salvatorisque
2663 4953 2973 5019 adventura,
3015 4953 3201 5007 tlllllldl
3241 4952 3474 5022 denique

1893 5045 2426 5099 consummationem
2481 5045 2782 5106 nuntiaret,
2819 5045 3088 5098 undenam
3123 5044 3226 5097 ista
3253 5043 3473 5097 afferret

1894 5135 2040 5204 apud
2073 5148 2133 5188 se
2166 5132 2512 5188 dubitabant.
2539 5135 2606 5185 At
2633 5132 2722 5186 ille
2748 5149 2762 5184 :
2791 5133 2912 5186 Non
2945 5147 3119 5196 meus,
3149 5131 3472 5211 inquit,‘sed

1899 5224 2107 5280 Christi
2140 5223 2564 5294 suppeditantis,
2597 5237 2780 5276 sermo
2810 5231 2914 5286 est,
2948 5223 3042 5292 qui
3077 5221 3192 5277 suis
3226 5220 3473 5290 loquendi

1903 5317 2264 5386 sapiendiqne
2314 5323 2527 5383 tempus
2585 5314 2828 5383 largitur.
2886 5312 3004 5368 Non
3039 5313 3272 5386 gratiam
3305 5312 3472 5381 igitur

282 5459 330 5492 "‘
355 5461 462 5517 lsa.
497 5467 731 5530 LIV,vi3.
774 5467 933 5526 Joan.
969 5485 1044 5534 vt,
1077 5470 1164 5540 45.
1237 5471 1284 5505 ⁸⁵
1317 5472 1476 5528 Joan.
1509 5490 1560 5532 v.
1595 5473 1788 5538 59,40.

1894 5473 1930 5528 II
1956 5475 2080 5528 Cor.
2119 5489 2198 5536 ιιι,
2244 5473 2326 5528 l3.
2355 5472 2399 5500 "'
2427 5471 2638 5522 Colms.
2669 5486 2707 5529 ι,
2752 5472 2837 5534 Η,
2872 5470 2954 5522 12.

1495 5585 1724 5641 VARIJ'J
1767 5587 2166 5642 LECTIONILS.

289 5673 312 5702 τ
341 5667 448 5735 ἀρ.
481 5667 536 5720 τὸ
565 5671 918 5730 ἐπιπολάσαν.
999 5677 1020 5704 ³
1048 5691 1136 5744 γρ.
1178 5676 1438 5732 ἐνδύσειν.
1519 5677 1536 5714 ι
1563 5696 1653 5748 γρ.
1683 5679 1904 5749 γνῶσιν.

1987 5690 2009 5717 ιι
2044 5679 2291 5744 ἐαυτυύς,
2383 5687 2409 5714 ν
2442 5695 2526 5742 γέ.
2556 5679 2724 5744 λέιῑι.
