  <div class='ocr_page' id='page_1' title='image "/cluster/home/n/w/nwhite01/storage/ocr_20150623/87 pars.2/pst.000005712908/485.png"; bbox 0 0 3980 6306; ppageno 0'>
   <div class='ocr_carea' id='block_1_1' title="bbox 531 290 668 359">
    <p class='ocr_par' dir='ltr' id='par_1_1' title="bbox 531 290 668 359">
     <span class='ocr_line' id='line_1_1' title="bbox 531 290 668 359; baseline -0.022 0"><span class='ocrx_word' id='word_1_1' title='bbox 531 290 668 359; x_wconf 66' lang='grc'><strong>2491</strong></span> 
     </span>
    </p>
   </div>
   <div class='ocr_carea' id='block_1_2' title="bbox 1833 247 2598 356">
    <p class='ocr_par' dir='ltr' id='par_1_2' title="bbox 1833 247 2598 356">
     <span class='ocr_line' id='line_1_2' title="bbox 1833 247 2598 356; baseline -0.014 0"><span class='ocrx_word' id='word_1_2' title='bbox 1833 291 2184 356; x_wconf 80' lang='lat' dir='ltr'><strong>PROCOPII</strong></span> <span class='ocrx_word' id='word_1_3' title='bbox 2241 247 2488 350; x_wconf 45' lang='lat' dir='ltr'><strong>cum</strong></span> <span class='ocrx_word' id='word_1_4' title='bbox 2593 336 2598 344; x_wconf 91' lang='lat'><strong>.</strong></span> 
     </span>
    </p>
   </div>
   <div class='ocr_carea' id='block_1_3' title="bbox 3677 286 3809 350">
    <p class='ocr_par' dir='ltr' id='par_1_3' title="bbox 3677 286 3809 350">
     <span class='ocr_line' id='line_1_3' title="bbox 3677 286 3809 350; baseline 0.008 -1"><span class='ocrx_word' id='word_1_5' title='bbox 3677 286 3809 350; x_wconf 67' lang='lat'><strong>2492</strong></span> 
     </span>
    </p>
   </div>
   <div class='ocr_carea' id='block_1_4' title="bbox 533 395 2127 473">
    <p class='ocr_par' dir='ltr' id='par_1_4' title="bbox 533 402 2114 473">
     <span class='ocr_line' id='line_1_4' title="bbox 533 402 2114 473; baseline -0.001 -13"><span class='ocrx_word' id='word_1_6' title='bbox 533 413 744 467; x_wconf 75' lang='grc' dir='ltr'>ενοι-ιο,</span> <span class='ocrx_word' id='word_1_7' title='bbox 776 402 867 472; x_wconf 88' lang='lat' dir='ltr'><strong>qui</strong></span> <span class='ocrx_word' id='word_1_8' title='bbox 913 402 1159 471; x_wconf 83' lang='lat' dir='ltr'><strong>ejusdem</strong></span> <span class='ocrx_word' id='word_1_9' title='bbox 1193 403 1572 473; x_wconf 72' lang='lat' dir='ltr'><strong>praedicationi</strong></span> <span class='ocrx_word' id='word_1_10' title='bbox 1621 405 1909 459; x_wconf 83' lang='lat' dir='ltr'><strong>subscrvio</strong></span> <span class='ocrx_word' id='word_1_11' title='bbox 1941 423 1956 472; x_wconf 87' lang='lat'><strong>;</strong></span> <span class='ocrx_word' id='word_1_12' title='bbox 1993 406 2114 472; x_wconf 91' lang='lat' dir='ltr'><strong>qui-</strong></span> 
     </span>
    </p>
   </div>
   <div class='ocr_carea' id='block_1_5' title="bbox 2236 395 3804 473">
    <p class='ocr_par' dir='ltr' id='par_1_5' title="bbox 2236 395 3804 470">
     <span class='ocr_line' id='line_1_5' title="bbox 2236 395 3804 470; baseline -0.002 -16"><span class='ocrx_word' id='word_1_13' title='bbox 2236 401 2396 454; x_wconf 71' lang='grc' dir='ltr'>ῖοίνυν</span> <span class='ocrx_word' id='word_1_14' title='bbox 2459 400 2554 470; x_wconf 78' lang='grc' dir='ltr'>τὴν</span> <span class='ocrx_word' id='word_1_15' title='bbox 2603 400 2764 470; x_wconf 77' lang='grc' dir='ltr'>χάριν</span> <span class='ocrx_word' id='word_1_16' title='bbox 2817 399 3107 470; x_wconf 78' lang='grc' dir='ltr'><strong>ὑπηρετῶν</strong></span> <span class='ocrx_word' id='word_1_17' title='bbox 3136 397 3301 452; x_wconf 78' lang='grc' dir='ltr'>αὐτοῦ</span> <span class='ocrx_word' id='word_1_18' title='bbox 3345 397 3425 467; x_wconf 81' lang='grc' dir='ltr'>τῷ</span> <span class='ocrx_word' id='word_1_19' title='bbox 3471 395 3804 468; x_wconf 72' lang='grc' dir='ltr'><strong>κηρύγματι,</strong></span> 
     </span>
    </p>
   </div>
   <div class='ocr_carea' id='block_1_6' title="bbox 532 495 2116 567">
    <p class='ocr_par' dir='ltr' id='par_1_6' title="bbox 532 495 2116 567">
     <span class='ocr_line' id='line_1_6' title="bbox 532 495 2116 567; baseline 0.002 -19"><span class='ocrx_word' id='word_1_20' title='bbox 532 513 642 565; x_wconf 89' lang='lat' dir='ltr'><strong>que</strong></span> <span class='ocrx_word' id='word_1_21' title='bbox 681 495 904 550; x_wconf 85' lang='lat' dir='ltr'><strong>nomine</strong></span> <span class='ocrx_word' id='word_1_22' title='bbox 958 495 1133 564; x_wconf 74' lang='lat' dir='ltr'><strong>ips‘us</strong></span> <span class='ocrx_word' id='word_1_23' title='bbox 1169 495 1354 550; x_wconf 85' lang='lat' dir='ltr'><strong>omnia</strong></span> <span class='ocrx_word' id='word_1_24' title='bbox 1401 495 1638 551; x_wconf 84' lang='lat' dir='ltr'><strong>tolerare</strong></span> <span class='ocrx_word' id='word_1_25' title='bbox 1692 511 1916 567; x_wconf 85' lang='lat' dir='ltr'><strong>paratus</strong></span> <span class='ocrx_word' id='word_1_26' title='bbox 1971 511 2116 552; x_wconf 90' lang='lat' dir='ltr'><strong>sum.</strong></span> 
     </span>
    </p>
   </div>
   <div class='ocr_carea' id='block_1_7' title="bbox 533 587 2121 660">
    <p class='ocr_par' dir='ltr' id='par_1_7' title="bbox 533 587 2121 660">
     <span class='ocr_line' id='line_1_7' title="bbox 533 587 2121 660; baseline 0.002 -18"><span class='ocrx_word' id='word_1_27' title='bbox 533 588 710 642; x_wconf 84' lang='lat' dir='ltr'><strong>Etiam</strong></span> <span class='ocrx_word' id='word_1_28' title='bbox 747 587 794 641; x_wconf 88' lang='lat' dir='ltr'><strong>si</strong></span> <span class='ocrx_word' id='word_1_29' title='bbox 845 602 953 653; x_wconf 89' lang='lat' dir='ltr'><strong>me,</strong></span> <span class='ocrx_word' id='word_1_30' title='bbox 995 587 1198 657; x_wconf 87' lang='lat' dir='ltr'><strong>inqttit,</strong></span> <span class='ocrx_word' id='word_1_31' title='bbox 1239 587 1490 655; x_wconf 77' lang='lat' dir='ltr'><strong>czeditis;</strong></span> <span class='ocrx_word' id='word_1_32' title='bbox 1537 589 1584 642; x_wconf 87' lang='lat' dir='ltr'><strong>si</strong></span> <span class='ocrx_word' id='word_1_33' title='bbox 1629 589 1959 656; x_wconf 69' lang='lat' dir='ltr'><strong>compuatis,</strong></span> <span class='ocrx_word' id='word_1_34' title='bbox 1998 588 2121 660; x_wconf 84' lang='lat' dir='ltr'><strong>ejus</strong></span> 
     </span>
    </p>
   </div>
   <div class='ocr_carea' id='block_1_8' title="bbox 535 675 2116 750">
    <p class='ocr_par' dir='ltr' id='par_1_8' title="bbox 535 675 2116 750">
     <span class='ocr_line' id='line_1_8' title="bbox 535 675 2116 750; baseline 0.003 -20"><span class='ocrx_word' id='word_1_35' title='bbox 535 679 733 732; x_wconf 76' lang='lat' dir='ltr'><strong>auxilii</strong></span> <span class='ocrx_word' id='word_1_36' title='bbox 765 695 917 748; x_wconf 85' lang='lat' dir='ltr'><strong>spem</strong></span> <span class='ocrx_word' id='word_1_37' title='bbox 946 675 1222 748; x_wconf 78' lang='lat' dir='ltr'><strong>nunquam</strong></span> <span class='ocrx_word' id='word_1_38' title='bbox 1258 679 1533 748; x_wconf 81' lang='lat' dir='ltr'><strong>abiecero,</strong></span> <span class='ocrx_word' id='word_1_39' title='bbox 1553 695 1660 749; x_wconf 89' lang='lat' dir='ltr'><strong>qua</strong></span> <span class='ocrx_word' id='word_1_40' title='bbox 1694 681 1895 750; x_wconf 87' lang='lat' dir='ltr'><strong>potitus</strong></span> <span class='ocrx_word' id='word_1_41' title='bbox 1925 679 2116 745; x_wconf 87' lang='lat' dir='ltr'><strong>semel,</strong></span> 
     </span>
    </p>
   </div>
   <div class='ocr_carea' id='block_1_9' title="bbox 531 768 2121 841">
    <p class='ocr_par' dir='ltr' id='par_1_9' title="bbox 531 768 2121 841">
     <span class='ocr_line' id='line_1_9' title="bbox 531 768 2121 841; baseline 0.004 -17"><span class='ocrx_word' id='word_1_42' title='bbox 531 770 858 840; x_wconf 76' lang='lat' dir='ltr'><strong>iustumque</strong></span> <span class='ocrx_word' id='word_1_43' title='bbox 894 768 1269 840; x_wconf 80' lang='lat' dir='ltr'><strong>consequendi</strong></span> <span class='ocrx_word' id='word_1_44' title='bbox 1319 773 1734 841; x_wconf 78' lang='lat' dir='ltr'><strong>chpectationc</strong></span> <span class='ocrx_word' id='word_1_45' title='bbox 1779 781 2121 830; x_wconf 85' lang='lat' dir='ltr'><strong>sustentatus</strong></span> 
     </span>
    </p>
   </div>
   <div class='ocr_carea' id='block_1_10' title="bbox 537 859 2048 930">
    <p class='ocr_par' dir='ltr' id='par_1_10' title="bbox 537 859 2048 930">
     <span class='ocr_line' id='line_1_10' title="bbox 537 859 2048 930; baseline 0.003 -15"><span class='ocrx_word' id='word_1_46' title='bbox 537 861 694 918; x_wconf 82' lang='lat' dir='ltr'><strong>vobis</strong></span> <span class='ocrx_word' id='word_1_47' title='bbox 729 863 847 930; x_wconf 91' lang='lat' dir='ltr'><strong>ipse</strong></span> <span class='ocrx_word' id='word_1_48' title='bbox 877 859 1260 916; x_wconf 86' lang='lat' dir='ltr'><strong>contradicere</strong></span> <span class='ocrx_word' id='word_1_49' title='bbox 1283 876 1391 914; x_wconf 88' lang='lat' dir='ltr'><strong>non</strong></span> <span class='ocrx_word' id='word_1_50' title='bbox 1425 863 1737 916; x_wconf 84' lang='lat' dir='ltr'><strong>valentibus</strong></span> <span class='ocrx_word' id='word_1_51' title='bbox 1770 863 2048 919; x_wconf 73' lang='lat' dir='ltr'><strong>resistam.</strong></span> 
     </span>
    </p>
   </div>
   <div class='ocr_carea' id='block_1_11' title="bbox 606 952 2118 1024">
    <p class='ocr_par' dir='ltr' id='par_1_11' title="bbox 606 952 2118 1024">
     <span class='ocr_line' id='line_1_11' title="bbox 606 952 2118 1024; baseline -0.001 -15"><span class='ocrx_word' id='word_1_52' title='bbox 606 953 715 1009; x_wconf 78' lang='lat' dir='ltr'><strong>Sed</strong></span> <span class='ocrx_word' id='word_1_53' title='bbox 757 953 824 1007; x_wconf 84' lang='lat' dir='ltr'><strong>ad</strong></span> <span class='ocrx_word' id='word_1_54' title='bbox 873 952 1154 1008; x_wconf 88' lang='lat' dir='ltr'><strong>Christum</strong></span> <span class='ocrx_word' id='word_1_55' title='bbox 1196 965 1561 1018; x_wconf 77' lang='lat' dir='ltr'><strong>revertamur,</strong></span> <span class='ocrx_word' id='word_1_56' title='bbox 1608 955 1699 1024; x_wconf 87' lang='lat' dir='ltr'><strong>qui</strong></span> <span class='ocrx_word' id='word_1_57' title='bbox 1735 952 1960 1009; x_wconf 84' lang='lat' dir='ltr'><strong>vocatos</strong></span> <span class='ocrx_word' id='word_1_58' title='bbox 2000 955 2118 1024; x_wconf 53' lang='lat' dir='ltr'><strong>qui.</strong></span> 
     </span>
    </p>
   </div>
   <div class='ocr_carea' id='block_1_12' title="bbox 534 1041 2124 1112">
    <p class='ocr_par' dir='ltr' id='par_1_12' title="bbox 534 1041 2124 1112">
     <span class='ocr_line' id='line_1_12' title="bbox 534 1041 2124 1112; baseline 0.001 -13"><span class='ocrx_word' id='word_1_59' title='bbox 534 1043 656 1099; x_wconf 88' lang='lat' dir='ltr'><strong>dem</strong></span> <span class='ocrx_word' id='word_1_60' title='bbox 685 1041 906 1099; x_wconf 68' lang='lat' dir='ltr'><strong>Iudaeos</strong></span> <span class='ocrx_word' id='word_1_61' title='bbox 932 1045 1122 1098; x_wconf 87' lang='lat' dir='ltr'><strong>audire</strong></span> <span class='ocrx_word' id='word_1_62' title='bbox 1141 1045 1389 1099; x_wconf 88' lang='lat' dir='ltr'><strong>noluisse</strong></span> <span class='ocrx_word' id='word_1_63' title='bbox 1416 1063 1430 1112; x_wconf 88' lang='lat'><strong>;</strong></span> <span class='ocrx_word' id='word_1_64' title='bbox 1455 1061 1514 1100; x_wconf 85' lang='lat' dir='ltr'><strong>se</strong></span> <span class='ocrx_word' id='word_1_65' title='bbox 1541 1053 1722 1100; x_wconf 85' lang='lat' dir='ltr'><strong>autem</strong></span> <span class='ocrx_word' id='word_1_66' title='bbox 1755 1044 1901 1100; x_wconf 81' lang='lat' dir='ltr'><strong>Patri</strong></span> <span class='ocrx_word' id='word_1_67' title='bbox 1925 1055 2124 1100; x_wconf 83' lang='lat' dir='ltr'><strong>cuncta</strong></span> 
     </span>
    </p>
   </div>
   <div class='ocr_carea' id='block_1_13' title="bbox 478 1125 2125 1208">
    <p class='ocr_par' dir='ltr' id='par_1_13' title="bbox 478 1125 2125 1208">
     <span class='ocr_line' id='line_1_13' title="bbox 478 1125 2125 1208; baseline 0.003 -20"><span class='ocrx_word' id='word_1_68' title='bbox 478 1125 484 1134; x_wconf 83' lang='grc'><em>’</em></span> <span class='ocrx_word' id='word_1_69' title='bbox 536 1135 591 1188; x_wconf 92' lang='lat' dir='ltr'><strong>in</strong></span> <span class='ocrx_word' id='word_1_70' title='bbox 623 1149 689 1190; x_wconf 89' lang='lat' dir='ltr'><strong>eo</strong></span> <span class='ocrx_word' id='word_1_71' title='bbox 733 1135 1050 1190; x_wconf 88' lang='lat' dir='ltr'><strong>instaurare</strong></span> <span class='ocrx_word' id='word_1_72' title='bbox 1085 1145 1140 1190; x_wconf 88' lang='lat' dir='ltr'><strong>et</strong></span> <span class='ocrx_word' id='word_1_73' title='bbox 1179 1137 1506 1206; x_wconf 75' lang='lat' dir='ltr'><strong>recolligere</strong></span> <span class='ocrx_word' id='word_1_74' title='bbox 1542 1139 1806 1193; x_wconf 86' lang='lat' dir='ltr'><strong>statuenti</strong></span> <span class='ocrx_word' id='word_1_75' title='bbox 1840 1155 1944 1193; x_wconf 82' lang='lat' dir='ltr'><strong>non</strong></span> <span class='ocrx_word' id='word_1_76' title='bbox 1973 1155 2125 1208; x_wconf 81' lang='lat' dir='ltr'><strong>repu-</strong></span> 
     </span>
    </p>
   </div>
   <div class='ocr_carea' id='block_1_14' title="bbox 534 1221 2123 1302">
    <p class='ocr_par' dir='ltr' id='par_1_14' title="bbox 534 1221 2123 1302">
     <span class='ocr_line' id='line_1_14' title="bbox 534 1221 2123 1302; baseline 0.004 -22"><span class='ocrx_word' id='word_1_77' title='bbox 534 1243 728 1296; x_wconf 77' lang='lat' dir='ltr'><strong>gnauc</strong></span> <span class='ocrx_word' id='word_1_78' title='bbox 761 1235 1030 1282; x_wconf 82' lang='lat' dir='ltr'><strong>testatur:</strong></span> <span class='ocrx_word' id='word_1_79' title='bbox 1061 1221 1179 1300; x_wconf 87' lang='lat' dir='ltr'><strong>qui,</strong></span> <span class='ocrx_word' id='word_1_80' title='bbox 1203 1229 1336 1284; x_wconf 88' lang='lat' dir='ltr'><strong>dum</strong></span> <span class='ocrx_word' id='word_1_81' title='bbox 1373 1245 1431 1284; x_wconf 91' lang='lat' dir='ltr'><strong>se</strong></span> <span class='ocrx_word' id='word_1_82' title='bbox 1456 1240 1774 1294; x_wconf 84' lang='lat' dir='ltr'><strong>evacuaret,</strong></span> <span class='ocrx_word' id='word_1_83' title='bbox 1800 1232 2123 1302; x_wconf 88' lang='lat' dir='ltr'><strong>turpissima</strong></span> 
     </span>
    </p>
   </div>
   <div class='ocr_carea' id='block_1_15' title="bbox 537 1316 2125 1388">
    <p class='ocr_par' dir='ltr' id='par_1_15' title="bbox 537 1316 2125 1388">
     <span class='ocr_line' id='line_1_15' title="bbox 537 1316 2125 1388; baseline 0.004 -20"><span class='ocrx_word' id='word_1_84' title='bbox 537 1332 770 1386; x_wconf 67' lang='lat' dir='ltr'><strong>quaeque</strong></span> <span class='ocrx_word' id='word_1_85' title='bbox 813 1333 1012 1388; x_wconf 81' lang='lat' dir='ltr'><strong>passus</strong></span> <span class='ocrx_word' id='word_1_86' title='bbox 1069 1317 1204 1370; x_wconf 87' lang='lat' dir='ltr'><strong>nihil</strong></span> <span class='ocrx_word' id='word_1_87' title='bbox 1262 1318 1317 1370; x_wconf 92' lang='lat' dir='ltr'><strong>in</strong></span> <span class='ocrx_word' id='word_1_88' title='bbox 1372 1331 1481 1388; x_wconf 86' lang='lat' dir='ltr'><strong>quo</strong></span> <span class='ocrx_word' id='word_1_89' title='bbox 1539 1316 1688 1372; x_wconf 86' lang='lat' dir='ltr'><strong>Patri</strong></span> <span class='ocrx_word' id='word_1_90' title='bbox 1719 1319 1972 1374; x_wconf 87' lang='lat' dir='ltr'><strong>obediret</strong></span> <span class='ocrx_word' id='word_1_91' title='bbox 2021 1318 2125 1374; x_wconf 87' lang='lat' dir='ltr'><strong>sibi</strong></span> 
     </span>
    </p>
   </div>
   <div class='ocr_carea' id='block_1_16' title="bbox 536 1412 2125 1478">
    <p class='ocr_par' dir='ltr' id='par_1_16' title="bbox 536 1412 2125 1478">
     <span class='ocr_line' id='line_1_16' title="bbox 536 1412 2125 1478; baseline 0.005 -15"><span class='ocrx_word' id='word_1_92' title='bbox 536 1414 834 1478; x_wconf 68' lang='lat' dir='ltr'><strong>«mitiquam</strong></span> <span class='ocrx_word' id='word_1_93' title='bbox 869 1412 1157 1467; x_wconf 79' lang='lat' dir='ltr'><strong>dedecoris</strong></span> <span class='ocrx_word' id='word_1_94' title='bbox 1189 1413 1482 1468; x_wconf 86' lang='lat' dir='ltr'><strong>allaturum</strong></span> <span class='ocrx_word' id='word_1_95' title='bbox 1511 1415 1815 1471; x_wconf 86' lang='lat' dir='ltr'><strong>arbitratus</strong></span> <span class='ocrx_word' id='word_1_96' title='bbox 1847 1426 1969 1472; x_wconf 88' lang='lat' dir='ltr'><strong>est:</strong></span> <span class='ocrx_word' id='word_1_97' title='bbox 2007 1416 2125 1471; x_wconf 88' lang='lat' dir='ltr'><strong>Non</strong></span> 
     </span>
    </p>
   </div>
   <div class='ocr_carea' id='block_1_17' title="bbox 536 1502 2124 1576">
    <p class='ocr_par' dir='ltr' id='par_1_17' title="bbox 536 1502 2124 1576">
     <span class='ocr_line' id='line_1_17' title="bbox 536 1502 2124 1576; baseline 0.004 -23"><span class='ocrx_word' id='word_1_98' title='bbox 536 1503 844 1571; x_wconf 80' lang='lat' dir='ltr'><strong>ﬂagellaute</strong></span> <span class='ocrx_word' id='word_1_99' title='bbox 878 1502 1100 1567; x_wconf 82' lang='lat' dir='ltr'><strong>Pilato;</strong></span> <span class='ocrx_word' id='word_1_100' title='bbox 1134 1519 1242 1558; x_wconf 91' lang='lat' dir='ltr'><strong>non</strong></span> <span class='ocrx_word' id='word_1_101' title='bbox 1278 1519 1427 1557; x_wconf 77' lang='lat' dir='ltr'><strong>servo</strong></span> <span class='ocrx_word' id='word_1_102' title='bbox 1454 1504 1741 1574; x_wconf 81' lang='lat' dir='ltr'><strong>colaphum</strong></span> <span class='ocrx_word' id='word_1_103' title='bbox 1769 1505 2124 1576; x_wconf 84' lang='lat' dir='ltr'><strong>impingente;</strong></span> 
     </span>
    </p>
   </div>
   <div class='ocr_carea' id='block_1_18' title="bbox 539 1591 2130 1668">
    <p class='ocr_par' dir='ltr' id='par_1_18' title="bbox 539 1591 2130 1668">
     <span class='ocr_line' id='line_1_18' title="bbox 539 1591 2130 1668; baseline 0.003 -21"><span class='ocrx_word' id='word_1_104' title='bbox 539 1610 647 1647; x_wconf 88' lang='lat' dir='ltr'><strong>non</strong></span> <span class='ocrx_word' id='word_1_105' title='bbox 684 1594 736 1647; x_wconf 89' lang='lat' dir='ltr'><strong>iu</strong></span> <span class='ocrx_word' id='word_1_106' title='bbox 781 1610 840 1648; x_wconf 92' lang='lat' dir='ltr'><strong>se</strong></span> <span class='ocrx_word' id='word_1_107' title='bbox 881 1593 1119 1664; x_wconf 83' lang='lat' dir='ltr'><strong>denique</strong></span> <span class='ocrx_word' id='word_1_108' title='bbox 1165 1597 1574 1664; x_wconf 78' lang='lat' dir='ltr'><strong>conspueutibus</strong></span> <span class='ocrx_word' id='word_1_109' title='bbox 1621 1591 1772 1660; x_wconf 87' lang='lat' dir='ltr'><strong>aliis,</strong></span> <span class='ocrx_word' id='word_1_110' title='bbox 1799 1599 1892 1668; x_wconf 90' lang='lat' dir='ltr'><strong>qui</strong></span> <span class='ocrx_word' id='word_1_111' title='bbox 1939 1598 2130 1668; x_wconf 79' lang='lat' dir='ltr'><strong>faciem</strong></span> 
     </span>
    </p>
   </div>
   <div class='ocr_carea' id='block_1_19' title="bbox 538 1684 2128 1754">
    <p class='ocr_par' dir='ltr' id='par_1_19' title="bbox 538 1684 2128 1754">
     <span class='ocr_line' id='line_1_19' title="bbox 538 1684 2128 1754; baseline 0.002 -17"><span class='ocrx_word' id='word_1_112' title='bbox 538 1699 691 1738; x_wconf 80' lang='lat' dir='ltr'><strong>suam</strong></span> <span class='ocrx_word' id='word_1_113' title='bbox 740 1691 992 1753; x_wconf 83' lang='lat' dir='ltr'><strong>tanquam</strong></span> <span class='ocrx_word' id='word_1_114' title='bbox 1040 1684 1254 1752; x_wconf 78' lang='lat' dir='ltr'><strong>ﬁrmam</strong></span> <span class='ocrx_word' id='word_1_115' title='bbox 1289 1693 1495 1754; x_wconf 80' lang='lat' dir='ltr'><strong>petram</strong></span> <span class='ocrx_word' id='word_1_116' title='bbox 1543 1695 1814 1754; x_wconf 72' lang='lat' dir='ltr'><strong>posuerat.</strong></span> <span class='ocrx_word' id='word_1_117' title='bbox 1871 1685 1947 1740; x_wconf 85' lang='lat' dir='ltr'><strong>Ea</strong></span> <span class='ocrx_word' id='word_1_118' title='bbox 1983 1687 2128 1741; x_wconf 89' lang='lat' dir='ltr'><strong>enim</strong></span> 
     </span>
    </p>
   </div>
   <div class='ocr_carea' id='block_1_20' title="bbox 539 1775 2128 1848">
    <p class='ocr_par' dir='ltr' id='par_1_20' title="bbox 539 1775 2128 1848">
     <span class='ocr_line' id='line_1_20' title="bbox 539 1775 2128 1848; baseline 0.001 -18"><span class='ocrx_word' id='word_1_119' title='bbox 539 1775 594 1830; x_wconf 92' lang='lat' dir='ltr'><strong>id</strong></span> <span class='ocrx_word' id='word_1_120' title='bbox 645 1775 850 1829; x_wconf 88' lang='lat' dir='ltr'><strong>virtute</strong></span> <span class='ocrx_word' id='word_1_121' title='bbox 906 1783 1121 1845; x_wconf 74' lang='lat' dir='ltr'><strong>gestum</strong></span> <span class='ocrx_word' id='word_1_122' title='bbox 1155 1787 1259 1836; x_wconf 87' lang='lat' dir='ltr'><strong>est.</strong></span> <span class='ocrx_word' id='word_1_123' title='bbox 1297 1791 1394 1846; x_wconf 89' lang='lat' dir='ltr'><strong>per</strong></span> <span class='ocrx_word' id='word_1_124' title='bbox 1448 1791 1613 1846; x_wconf 89' lang='lat' dir='ltr'><strong>quam</strong></span> <span class='ocrx_word' id='word_1_125' title='bbox 1651 1780 1924 1848; x_wconf 82' lang='lat' dir='ltr'><strong>patienter</strong></span> <span class='ocrx_word' id='word_1_126' title='bbox 1963 1779 2128 1844; x_wconf 86' lang='lat' dir='ltr'><strong>tulit;</strong></span> 
     </span>
    </p>
   </div>
   <div class='ocr_carea' id='block_1_21' title="bbox 539 1866 2135 1934">
    <p class='ocr_par' dir='ltr' id='par_1_21' title="bbox 539 1866 2135 1934">
     <span class='ocr_line' id='line_1_21' title="bbox 539 1866 2135 1934; baseline 0.004 -18"><span class='ocrx_word' id='word_1_127' title='bbox 539 1866 800 1934; x_wconf 87' lang='lat' dir='ltr'><strong>quoniam</strong></span> <span class='ocrx_word' id='word_1_128' title='bbox 827 1881 857 1920; x_wconf 90' lang='lat' dir='ltr'><strong>c</strong></span> <span class='ocrx_word' id='word_1_129' title='bbox 889 1867 1033 1921; x_wconf 68' lang='lat' dir='ltr'><strong>caelo</strong></span> <span class='ocrx_word' id='word_1_130' title='bbox 1073 1867 1464 1932; x_wconf 84' lang='lat' dir='ltr'><strong>descenderat,</strong></span> <span class='ocrx_word' id='word_1_131' title='bbox 1506 1883 1616 1922; x_wconf 87' lang='lat' dir='ltr'><strong>non</strong></span> <span class='ocrx_word' id='word_1_132' title='bbox 1677 1877 1735 1922; x_wconf 89' lang='lat' dir='ltr'><strong>ut</strong></span> <span class='ocrx_word' id='word_1_133' title='bbox 1782 1884 1914 1933; x_wconf 70' lang='lat' dir='ltr'><strong>suae,</strong></span> <span class='ocrx_word' id='word_1_134' title='bbox 1948 1869 2042 1924; x_wconf 90' lang='lat' dir='ltr'><strong>sed</strong></span> <span class='ocrx_word' id='word_1_135' title='bbox 2075 1877 2135 1922; x_wconf 90' lang='lat' dir='ltr'><strong>ut</strong></span> 
     </span>
    </p>
   </div>
   <div class='ocr_carea' id='block_1_22' title="bbox 539 1959 2131 2030">
    <p class='ocr_par' dir='ltr' id='par_1_22' title="bbox 539 1959 2131 2030">
     <span class='ocr_line' id='line_1_22' title="bbox 539 1959 2131 2030; baseline 0.001 -18"><span class='ocrx_word' id='word_1_136' title='bbox 539 1959 682 2026; x_wconf 86' lang='lat' dir='ltr'><strong>ejus,</strong></span> <span class='ocrx_word' id='word_1_137' title='bbox 715 1972 744 2010; x_wconf 88' lang='lat' dir='ltr'><strong>a</strong></span> <span class='ocrx_word' id='word_1_138' title='bbox 779 1973 888 2026; x_wconf 89' lang='lat' dir='ltr'><strong>quo</strong></span> <span class='ocrx_word' id='word_1_139' title='bbox 920 1959 1126 2012; x_wconf 86' lang='lat' dir='ltr'><strong>missus</strong></span> <span class='ocrx_word' id='word_1_140' title='bbox 1160 1965 1266 2022; x_wconf 84' lang='lat' dir='ltr'><strong>est,</strong></span> <span class='ocrx_word' id='word_1_141' title='bbox 1306 1960 1578 2012; x_wconf 74' lang='lat' dir='ltr'><strong>voluntati</strong></span> <span class='ocrx_word' id='word_1_142' title='bbox 1612 1968 1867 2029; x_wconf 88' lang='lat' dir='ltr'><strong>pareret;</strong></span> <span class='ocrx_word' id='word_1_143' title='bbox 1896 1961 1992 2030; x_wconf 86' lang='lat' dir='ltr'><strong>qui</strong></span> <span class='ocrx_word' id='word_1_144' title='bbox 2025 1959 2131 2014; x_wconf 87' lang='lat' dir='ltr'><strong>sibi</strong></span> 
     </span>
    </p>
   </div>
   <div class='ocr_carea' id='block_1_23' title="bbox 543 2049 2133 2122">
    <p class='ocr_par' dir='ltr' id='par_1_23' title="bbox 543 2049 2133 2122">
     <span class='ocr_line' id='line_1_23' title="bbox 543 2049 2133 2122; baseline 0.001 -18"><span class='ocrx_word' id='word_1_145' title='bbox 543 2049 908 2119; x_wconf 64' lang='lat' dir='ltr'><strong>humanaeque</strong></span> <span class='ocrx_word' id='word_1_146' title='bbox 937 2051 1189 2104; x_wconf 83' lang='lat' dir='ltr'><strong>tenuitati</strong></span> <span class='ocrx_word' id='word_1_147' title='bbox 1219 2050 1524 2106; x_wconf 78' lang='lat' dir='ltr'><strong>auxiliatus</strong></span> <span class='ocrx_word' id='word_1_148' title='bbox 1553 2059 1658 2104; x_wconf 88' lang='lat' dir='ltr'><strong>cst.</strong></span> <span class='ocrx_word' id='word_1_149' title='bbox 1685 2050 1978 2122; x_wconf 80' lang='lat' dir='ltr'><strong>Signiﬁcat</strong></span> <span class='ocrx_word' id='word_1_150' title='bbox 2003 2066 2133 2105; x_wconf 88' lang='lat' dir='ltr'><strong>vero</strong></span> 
     </span>
    </p>
   </div>
   <div class='ocr_carea' id='block_1_24' title="bbox 539 2139 2133 2210">
    <p class='ocr_par' dir='ltr' id='par_1_24' title="bbox 539 2139 2133 2210">
     <span class='ocr_line' id='line_1_24' title="bbox 539 2139 2133 2210; baseline 0.001 -16"><span class='ocrx_word' id='word_1_151' title='bbox 539 2141 588 2194; x_wconf 90' lang='lat' dir='ltr'><strong>ei</strong></span> <span class='ocrx_word' id='word_1_152' title='bbox 617 2156 676 2194; x_wconf 90' lang='lat' dir='ltr'><strong>se</strong></span> <span class='ocrx_word' id='word_1_153' title='bbox 709 2141 874 2194; x_wconf 87' lang='lat' dir='ltr'><strong>etiam</strong></span> <span class='ocrx_word' id='word_1_154' title='bbox 902 2155 1059 2206; x_wconf 89' lang='lat' dir='ltr'><strong>opem</strong></span> <span class='ocrx_word' id='word_1_155' title='bbox 1098 2140 1314 2203; x_wconf 89' lang='lat' dir='ltr'><strong>tulisse,</strong></span> <span class='ocrx_word' id='word_1_156' title='bbox 1347 2141 1476 2209; x_wconf 89' lang='lat' dir='ltr'><strong>quia</strong></span> <span class='ocrx_word' id='word_1_157' title='bbox 1517 2141 1585 2195; x_wconf 90' lang='lat' dir='ltr'><strong>de</strong></span> <span class='ocrx_word' id='word_1_158' title='bbox 1615 2141 1703 2202; x_wconf 88' lang='lat' dir='ltr'><strong>iis,</strong></span> <span class='ocrx_word' id='word_1_159' title='bbox 1743 2155 1773 2192; x_wconf 89' lang='lat' dir='ltr'><strong>a</strong></span> <span class='ocrx_word' id='word_1_160' title='bbox 1811 2141 2012 2210; x_wconf 90' lang='lat' dir='ltr'><strong>quibus</strong></span> <span class='ocrx_word' id='word_1_161' title='bbox 2048 2139 2133 2195; x_wconf 90' lang='lat' dir='ltr'><strong>in-</strong></span> 
     </span>
    </p>
   </div>
   <div class='ocr_carea' id='block_1_25' title="bbox 536 2231 2133 2300">
    <p class='ocr_par' dir='ltr' id='par_1_25' title="bbox 536 2231 2133 2300">
     <span class='ocr_line' id='line_1_25' title="bbox 536 2231 2133 2300; baseline 0 -18"><span class='ocrx_word' id='word_1_162' title='bbox 536 2231 742 2298; x_wconf 86' lang='lat' dir='ltr'><strong>juriam</strong></span> <span class='ocrx_word' id='word_1_163' title='bbox 778 2231 1108 2298; x_wconf 85' lang='lat' dir='ltr'><strong>patiebatur,</strong></span> <span class='ocrx_word' id='word_1_164' title='bbox 1143 2244 1335 2299; x_wconf 79' lang='lat' dir='ltr'><strong>pcenas</strong></span> <span class='ocrx_word' id='word_1_165' title='bbox 1371 2232 1706 2300; x_wconf 84' lang='lat' dir='ltr'><strong>sumpserit;</strong></span> <span class='ocrx_word' id='word_1_166' title='bbox 1740 2245 1880 2300; x_wconf 85' lang='lat' dir='ltr'><strong>quas</strong></span> <span class='ocrx_word' id='word_1_167' title='bbox 1907 2239 2133 2298; x_wconf 67' lang='lat' dir='ltr'><strong>promer</strong></span> 
     </span>
    </p>
   </div>
   <div class='ocr_carea' id='block_1_26' title="bbox 541 2318 2132 2388">
    <p class='ocr_par' dir='ltr' id='par_1_26' title="bbox 541 2318 2132 2388">
     <span class='ocr_line' id='line_1_26' title="bbox 541 2318 2132 2388; baseline 0 -16"><span class='ocrx_word' id='word_1_168' title='bbox 541 2319 876 2373; x_wconf 71' lang='lat' dir='ltr'><strong>celeritatem</strong></span> <span class='ocrx_word' id='word_1_169' title='bbox 907 2318 1065 2386; x_wconf 77' lang='lat' dir='ltr'><strong>juxta</strong></span> <span class='ocrx_word' id='word_1_170' title='bbox 1113 2335 1260 2386; x_wconf 88' lang='lat' dir='ltr'><strong>esse,</strong></span> <span class='ocrx_word' id='word_1_171' title='bbox 1296 2333 1475 2388; x_wconf 84' lang='lat' dir='ltr'><strong>seque</strong></span> <span class='ocrx_word' id='word_1_172' title='bbox 1503 2335 1531 2371; x_wconf 85' lang='lat' dir='ltr'><strong>a</strong></span> <span class='ocrx_word' id='word_1_173' title='bbox 1572 2318 1683 2372; x_wconf 83' lang='lat' dir='ltr'><strong>Deo</strong></span> <span class='ocrx_word' id='word_1_174' title='bbox 1707 2320 2007 2388; x_wconf 77' lang='lat' dir='ltr'><strong>justi/icari</strong></span> <span class='ocrx_word' id='word_1_175' title='bbox 2063 2320 2132 2373; x_wconf 86' lang='lat' dir='ltr'><strong>si-</strong></span> 
     </span>
    </p>
   </div>
   <div class='ocr_carea' id='block_1_27' title="bbox 539 2405 2131 2479">
    <p class='ocr_par' dir='ltr' id='par_1_27' title="bbox 539 2405 2131 2479">
     <span class='ocr_line' id='line_1_27' title="bbox 539 2405 2131 2479; baseline 0.003 -19"><span class='ocrx_word' id='word_1_176' title='bbox 539 2409 786 2479; x_wconf 73' lang='lat' dir='ltr'><strong>gniﬁcat.</strong></span> <span class='ocrx_word' id='word_1_177' title='bbox 817 2405 1032 2461; x_wconf 73' lang='lat' dir='ltr'><strong>Iustum</strong></span> <span class='ocrx_word' id='word_1_178' title='bbox 1085 2409 1256 2470; x_wconf 88' lang='lat' dir='ltr'><strong>enim,</strong></span> <span class='ocrx_word' id='word_1_179' title='bbox 1293 2415 1347 2462; x_wconf 89' lang='lat' dir='ltr'><strong>et</strong></span> <span class='ocrx_word' id='word_1_180' title='bbox 1371 2409 1464 2478; x_wconf 88' lang='lat' dir='ltr'><strong>qui</strong></span> <span class='ocrx_word' id='word_1_181' title='bbox 1512 2408 1680 2463; x_wconf 89' lang='lat' dir='ltr'><strong>nullis</strong></span> <span class='ocrx_word' id='word_1_182' title='bbox 1737 2408 2031 2462; x_wconf 83' lang='lat' dir='ltr'><strong>adversum</strong></span> <span class='ocrx_word' id='word_1_183' title='bbox 2069 2421 2131 2464; x_wconf 86' lang='lat' dir='ltr'><strong>se</strong></span> 
     </span>
    </p>
   </div>
   <div class='ocr_carea' id='block_1_28' title="bbox 546 2497 2131 2567">
    <p class='ocr_par' dir='ltr' id='par_1_28' title="bbox 546 2497 2131 2567">
     <span class='ocr_line' id='line_1_28' title="bbox 546 2497 2131 2567; baseline 0.001 -17"><span class='ocrx_word' id='word_1_184' title='bbox 546 2499 670 2552; x_wconf 81' lang='lat' dir='ltr'><strong>mali</strong></span> <span class='ocrx_word' id='word_1_185' title='bbox 704 2507 929 2552; x_wconf 83' lang='lat' dir='ltr'><strong>causam</strong></span> <span class='ocrx_word' id='word_1_186' title='bbox 955 2500 1286 2567; x_wconf 80' lang='lat' dir='ltr'><strong>praebuerat,</strong></span> <span class='ocrx_word' id='word_1_187' title='bbox 1309 2498 1630 2552; x_wconf 86' lang='lat' dir='ltr'><strong>interimere</strong></span> <span class='ocrx_word' id='word_1_188' title='bbox 1651 2497 1769 2552; x_wconf 88' lang='lat' dir='ltr'><strong>ausi</strong></span> <span class='ocrx_word' id='word_1_189' title='bbox 1799 2505 1962 2551; x_wconf 88' lang='lat' dir='ltr'><strong>sunt:</strong></span> <span class='ocrx_word' id='word_1_190' title='bbox 1994 2510 2131 2566; x_wconf 88' lang='lat' dir='ltr'><strong>quo-</strong></span> 
     </span>
    </p>
   </div>
   <div class='ocr_carea' id='block_1_29' title="bbox 543 2589 2131 2660">
    <p class='ocr_par' dir='ltr' id='par_1_29' title="bbox 543 2589 2131 2660">
     <span class='ocr_line' id='line_1_29' title="bbox 543 2589 2131 2660; baseline 0 -16"><span class='ocrx_word' id='word_1_191' title='bbox 543 2604 664 2644; x_wconf 75' lang='lat' dir='ltr'><strong>rum</strong></span> <span class='ocrx_word' id='word_1_192' title='bbox 718 2605 818 2659; x_wconf 78' lang='lat' dir='ltr'><strong>ego</strong></span> <span class='ocrx_word' id='word_1_193' title='bbox 853 2604 977 2644; x_wconf 82' lang='lat' dir='ltr'><strong>cuin</strong></span> <span class='ocrx_word' id='word_1_194' title='bbox 1034 2589 1294 2660; x_wconf 85' lang='lat' dir='ltr'><strong>injuriam</strong></span> <span class='ocrx_word' id='word_1_195' title='bbox 1333 2589 1495 2660; x_wconf 81' lang='lat'><strong>575</strong></span> <span class='ocrx_word' id='word_1_196' title='bbox 1541 2591 1804 2654; x_wconf 89' lang='lat' dir='ltr'><strong>ulciscor,</strong></span> <span class='ocrx_word' id='word_1_197' title='bbox 1857 2589 1990 2643; x_wconf 90' lang='lat' dir='ltr'><strong>nulli</strong></span> <span class='ocrx_word' id='word_1_198' title='bbox 2043 2603 2131 2644; x_wconf 91' lang='lat' dir='ltr'><strong>me</strong></span> 
     </span>
    </p>
   </div>
   <div class='ocr_carea' id='block_1_30' title="bbox 541 2679 2130 2750">
    <p class='ocr_par' dir='ltr' id='par_1_30' title="bbox 541 2679 2130 2750">
     <span class='ocr_line' id='line_1_30' title="bbox 541 2679 2130 2750; baseline 0 -14"><span class='ocrx_word' id='word_1_199' title='bbox 541 2680 782 2744; x_wconf 84' lang='lat' dir='ltr'><strong>crimini,</strong></span> <span class='ocrx_word' id='word_1_200' title='bbox 817 2679 1021 2750; x_wconf 89' lang='lat' dir='ltr'><strong>inquit,</strong></span> <span class='ocrx_word' id='word_1_201' title='bbox 1045 2681 1347 2736; x_wconf 78' lang='lat' dir='ltr'><strong>obnoxium</strong></span> <span class='ocrx_word' id='word_1_202' title='bbox 1399 2696 1524 2737; x_wconf 90' lang='lat' dir='ltr'><strong>esse</strong></span> <span class='ocrx_word' id='word_1_203' title='bbox 1552 2689 1794 2737; x_wconf 85' lang='lat' dir='ltr'><strong>testatus</strong></span> <span class='ocrx_word' id='word_1_204' title='bbox 1826 2691 1932 2736; x_wconf 85' lang='lat' dir='ltr'><strong>est.</strong></span> <span class='ocrx_word' id='word_1_205' title='bbox 1965 2680 2130 2736; x_wconf 82' lang='lat' dir='ltr'><strong>Inde-</strong></span> 
     </span>
    </p>
   </div>
   <div class='ocr_carea' id='block_1_31' title="bbox 540 2772 2126 2842">
    <p class='ocr_par' dir='ltr' id='par_1_31' title="bbox 540 2772 2126 2842">
     <span class='ocr_line' id='line_1_31' title="bbox 540 2772 2126 2842; baseline 0 -15"><span class='ocrx_word' id='word_1_206' title='bbox 540 2789 646 2842; x_wconf 87' lang='lat' dir='ltr'><strong>que</strong></span> <span class='ocrx_word' id='word_1_207' title='bbox 677 2773 752 2826; x_wconf 88' lang='lat' dir='ltr'><strong>ait</strong></span> <span class='ocrx_word' id='word_1_208' title='bbox 783 2772 971 2826; x_wconf 83' lang='lat' dir='ltr'><strong>Pater:</strong></span> <span class='ocrx_word' id='word_1_209' title='bbox 995 2790 1014 2822; x_wconf 79' lang='grc' dir='ltr'><strong>ι</strong></span> <span class='ocrx_word' id='word_1_210' title='bbox 1058 2773 1123 2825; x_wconf 87' lang='lat' dir='ltr'><strong>Et</strong></span> <span class='ocrx_word' id='word_1_211' title='bbox 1145 2772 1289 2826; x_wconf 88' lang='lat' dir='ltr'><strong>dabo</strong></span> <span class='ocrx_word' id='word_1_212' title='bbox 1319 2773 1493 2826; x_wconf 86' lang='lat' dir='ltr'><strong>malos</strong></span> <span class='ocrx_word' id='word_1_213' title='bbox 1526 2787 1626 2840; x_wconf 88' lang='lat' dir='ltr'><strong>pro</strong></span> <span class='ocrx_word' id='word_1_214' title='bbox 1653 2773 1932 2842; x_wconf 85' lang='lat' dir='ltr'><strong>sepultura</strong></span> <span class='ocrx_word' id='word_1_215' title='bbox 1972 2773 2126 2841; x_wconf 89' lang='lat' dir='ltr'><strong>ejus:</strong></span> 
     </span>
    </p>
   </div>
   <div class='ocr_carea' id='block_1_32' title="bbox 541 2862 2128 2939">
    <p class='ocr_par' dir='ltr' id='par_1_32' title="bbox 541 2862 2128 2939">
     <span class='ocr_line' id='line_1_32' title="bbox 541 2862 2128 2939; baseline -0.001 -23"><span class='ocrx_word' id='word_1_216' title='bbox 541 2874 597 2916; x_wconf 88' lang='lat' dir='ltr'><strong>ct</strong></span> <span class='ocrx_word' id='word_1_217' title='bbox 641 2863 840 2918; x_wconf 75' lang='lat' dir='ltr'><strong>divites</strong></span> <span class='ocrx_word' id='word_1_218' title='bbox 898 2877 998 2932; x_wconf 91' lang='lat' dir='ltr'><strong>pro</strong></span> <span class='ocrx_word' id='word_1_219' title='bbox 1036 2875 1211 2917; x_wconf 89' lang='lat' dir='ltr'><strong>morte</strong></span> <span class='ocrx_word' id='word_1_220' title='bbox 1278 2864 1454 2931; x_wconf 84' lang='lat' dir='ltr'><strong>ipsius</strong></span> <span class='ocrx_word' id='word_1_221' title='bbox 1477 2864 1579 2919; x_wconf 67' lang='grc'><strong>⁸⁸.)</strong></span> <span class='ocrx_word' id='word_1_222' title='bbox 1612 2862 1932 2918; x_wconf 85' lang='lat' dir='ltr'><strong>Divitiarum</strong></span> <span class='ocrx_word' id='word_1_223' title='bbox 1981 2863 2128 2939; x_wconf 85' lang='lat' dir='ltr'><strong>enim</strong></span> 
     </span>
    </p>
   </div>
   <div class='ocr_carea' id='block_1_33' title="bbox 541 2953 2128 3022">
    <p class='ocr_par' dir='ltr' id='par_1_33' title="bbox 541 2953 2128 3022">
     <span class='ocr_line' id='line_1_33' title="bbox 541 2953 2128 3022; baseline 0 -14"><span class='ocrx_word' id='word_1_224' title='bbox 541 2955 845 3022; x_wconf 68' lang='lat' dir='ltr'><strong>crpiditate</strong></span> <span class='ocrx_word' id='word_1_225' title='bbox 890 2953 1218 3008; x_wconf 79' lang='lat' dir='ltr'><strong>inﬂammati</strong></span> <span class='ocrx_word' id='word_1_226' title='bbox 1269 2953 1581 3008; x_wconf 73' lang='lat' dir='ltr'><strong>Judmorum</strong></span> <span class='ocrx_word' id='word_1_227' title='bbox 1641 2956 1835 3020; x_wconf 89' lang='lat' dir='ltr'><strong>duces,</strong></span> <span class='ocrx_word' id='word_1_228' title='bbox 1873 2969 2030 3011; x_wconf 87' lang='lat' dir='ltr'><strong>suam</strong></span> <span class='ocrx_word' id='word_1_229' title='bbox 2075 2955 2128 3008; x_wconf 92' lang='lat' dir='ltr'><strong>in</strong></span> 
     </span>
    </p>
   </div>
   <div class='ocr_carea' id='block_1_34' title="bbox 2221 491 3807 564">
    <p class='ocr_par' dir='ltr' id='par_1_34' title="bbox 2221 491 3807 564">
     <span class='ocr_line' id='line_1_34' title="bbox 2221 491 3807 564; baseline -0.002 -14"><span class='ocrx_word' id='word_1_230' title='bbox 2221 497 2404 551; x_wconf 81' lang='grc' dir='ltr'>πάντα</span> <span class='ocrx_word' id='word_1_231' title='bbox 2429 512 2485 549; x_wconf 88' lang='grc' dir='ltr'><strong>τε</strong></span> <span class='ocrx_word' id='word_1_232' title='bbox 2519 494 2710 548; x_wconf 78' lang='grc' dir='ltr'>παθεῖν</span> <span class='ocrx_word' id='word_1_233' title='bbox 2735 494 2954 564; x_wconf 75' lang='grc' dir='ltr'>ἕτοιμός</span> <span class='ocrx_word' id='word_1_234' title='bbox 2978 495 3092 564; x_wconf 77' lang='grc' dir='ltr'>ειμι</span> <span class='ocrx_word' id='word_1_235' title='bbox 3121 493 3192 547; x_wconf 79' lang='grc' dir='ltr'><strong>δι’</strong></span> <span class='ocrx_word' id='word_1_236' title='bbox 3217 494 3402 550; x_wconf 83' lang='grc' dir='ltr'>αὐτόν.</span> <span class='ocrx_word' id='word_1_237' title='bbox 3437 492 3560 548; x_wconf 72' lang='grc' dir='ltr'>Κᾶν</span> <span class='ocrx_word' id='word_1_238' title='bbox 3579 491 3807 564; x_wconf 79' lang='grc' dir='ltr'>τύπτητί</span> 
     </span>
    </p>
   </div>
   <div class='ocr_carea' id='block_1_35' title="bbox 2227 584 3804 660">
    <p class='ocr_par' dir='ltr' id='par_1_35' title="bbox 2227 584 3804 660">
     <span class='ocr_line' id='line_1_35' title="bbox 2227 584 3804 660; baseline -0.001 -17"><span class='ocrx_word' id='word_1_239' title='bbox 2227 606 2315 660; x_wconf 82' lang='grc' dir='ltr'><strong>με,</strong></span> <span class='ocrx_word' id='word_1_240' title='bbox 2354 587 2508 658; x_wconf 69' lang='grc' dir='ltr'>φησι,</span> <span class='ocrx_word' id='word_1_241' title='bbox 2533 587 2635 640; x_wconf 78' lang='grc' dir='ltr'>κᾶν</span> <span class='ocrx_word' id='word_1_242' title='bbox 2676 587 2994 654; x_wconf 73' lang='grc' dir='ltr'>ἑμπτύητε,</span> <span class='ocrx_word' id='word_1_243' title='bbox 3036 586 3134 657; x_wconf 83' lang='grc' dir='ltr'><strong>τὴν</strong></span> <span class='ocrx_word' id='word_1_244' title='bbox 3163 587 3296 658; x_wconf 71' lang='grc' dir='ltr'>παρ’</span> <span class='ocrx_word' id='word_1_245' title='bbox 3341 584 3516 640; x_wconf 78' lang='grc' dir='ltr'>αὐτοῦ</span> <span class='ocrx_word' id='word_1_246' title='bbox 3563 584 3804 655; x_wconf 73' lang='grc' dir='ltr'>βοήθειαν</span> 
     </span>
    </p>
   </div>
   <div class='ocr_carea' id='block_1_36' title="bbox 2224 677 3804 750">
    <p class='ocr_par' dir='ltr' id='par_1_36' title="bbox 2224 677 3804 750">
     <span class='ocr_line' id='line_1_36' title="bbox 2224 677 3804 750; baseline -0.004 -13"><span class='ocrx_word' id='word_1_247' title='bbox 2224 679 2460 748; x_wconf 79' lang='grc' dir='ltr'>ἐλπίζων</span> <span class='ocrx_word' id='word_1_248' title='bbox 2483 689 2532 745; x_wconf 66' lang='grc' dir='ltr'>π,</span> <span class='ocrx_word' id='word_1_249' title='bbox 2569 681 2635 749; x_wconf 77' lang='grc' dir='ltr'>ἣν</span> <span class='ocrx_word' id='word_1_250' title='bbox 2663 677 2992 750; x_wconf 74' lang='grc' dir='ltr'>εὑράμενος,</span> <span class='ocrx_word' id='word_1_251' title='bbox 3018 680 3112 732; x_wconf 75' lang='grc' dir='ltr'>καὶ</span> <span class='ocrx_word' id='word_1_252' title='bbox 3155 679 3252 732; x_wconf 83' lang='grc' dir='ltr'><strong>τοῦ</strong></span> <span class='ocrx_word' id='word_1_253' title='bbox 3277 678 3492 732; x_wconf 72' lang='grc' dir='ltr'>δικαίου</span> <span class='ocrx_word' id='word_1_254' title='bbox 3523 677 3804 741; x_wconf 70' lang='grc' dir='ltr'>τεύξασθαι</span> 
     </span>
    </p>
   </div>
   <div class='ocr_carea' id='block_1_37' title="bbox 2224 767 3804 845">
    <p class='ocr_par' dir='ltr' id='par_1_37' title="bbox 2224 767 3804 845">
     <span class='ocr_line' id='line_1_37' title="bbox 2224 767 3804 845; baseline -0.004 -17"><span class='ocrx_word' id='word_1_255' title='bbox 2224 771 2567 845; x_wconf 82' lang='grc' dir='ltr'><strong>προσδοκῶν,</strong></span> <span class='ocrx_word' id='word_1_256' title='bbox 2590 771 2992 842; x_wconf 76' lang='grc' dir='ltr'>ἀντιστήσομαι</span> <span class='ocrx_word' id='word_1_257' title='bbox 3038 770 3168 842; x_wconf 76' lang='grc' dir='ltr'>ὑμῖν</span> <span class='ocrx_word' id='word_1_258' title='bbox 3197 771 3508 840; x_wconf 76' lang='grc' dir='ltr'><strong>ἀντιλέγειν</strong></span> <span class='ocrx_word' id='word_1_259' title='bbox 3548 769 3626 842; x_wconf 80' lang='grc' dir='ltr'>μὴ</span> <span class='ocrx_word' id='word_1_260' title='bbox 3657 767 3804 822; x_wconf 81' lang='grc' dir='ltr'>δυνα-</span> 
     </span>
    </p>
   </div>
   <div class='ocr_carea' id='block_1_38' title="bbox 2227 866 2433 936">
    <p class='ocr_par' dir='ltr' id='par_1_38' title="bbox 2227 866 2433 936">
     <span class='ocr_line' id='line_1_38' title="bbox 2227 866 2433 936; baseline 0 -16"><span class='ocrx_word' id='word_1_261' title='bbox 2227 866 2433 936; x_wconf 84' lang='grc' dir='ltr'><strong>μένοις.</strong></span> 
     </span>
    </p>
   </div>
   <div class='ocr_carea' id='block_1_39' title="bbox 2307 952 3804 1028">
    <p class='ocr_par' dir='ltr' id='par_1_39' title="bbox 2307 952 3804 1028">
     <span class='ocr_line' id='line_1_39' title="bbox 2307 952 3804 1028; baseline -0.003 -18"><span class='ocrx_word' id='word_1_262' title='bbox 2307 957 2448 1010; x_wconf 78' lang='grc' dir='ltr'>Ἀλλ⁹</span> <span class='ocrx_word' id='word_1_263' title='bbox 2473 959 2564 1014; x_wconf 75' lang='grc' dir='ltr'>ἐπὶ</span> <span class='ocrx_word' id='word_1_264' title='bbox 2582 957 2672 1012; x_wconf 78' lang='grc' dir='ltr'>τὸν</span> <span class='ocrx_word' id='word_1_265' title='bbox 2695 955 2934 1028; x_wconf 82' lang='grc' dir='ltr'>Χριστὸν</span> <span class='ocrx_word' id='word_1_266' title='bbox 2959 952 3366 1024; x_wconf 85' lang='grc' dir='ltr'>ἐπανέλθωμεν,</span> <span class='ocrx_word' id='word_1_267' title='bbox 3400 955 3459 1018; x_wconf 82' lang='grc' dir='ltr'>ὃς</span> <span class='ocrx_word' id='word_1_268' title='bbox 3486 969 3660 1023; x_wconf 79' lang='grc' dir='ltr'>φησιν</span> <span class='ocrx_word' id='word_1_269' title='bbox 3687 953 3804 1006; x_wconf 79' lang='grc' dir='ltr'>’1ου-</span> 
     </span>
    </p>
   </div>
   <div class='ocr_carea' id='block_1_40' title="bbox 2225 1043 3806 1119">
    <p class='ocr_par' dir='ltr' id='par_1_40' title="bbox 2225 1043 3806 1119">
     <span class='ocr_line' id='line_1_40' title="bbox 2225 1043 3806 1119; baseline -0.003 -19"><span class='ocrx_word' id='word_1_270' title='bbox 2225 1047 2420 1110; x_wconf 79' lang='grc' dir='ltr'>δαίοις⁶</span> <span class='ocrx_word' id='word_1_271' title='bbox 2469 1049 2558 1112; x_wconf 86' lang='grc' dir='ltr'>Ὠς</span> <span class='ocrx_word' id='word_1_272' title='bbox 2585 1050 2748 1119; x_wconf 81' lang='grc' dir='ltr'>ὑμεῖς</span> <span class='ocrx_word' id='word_1_273' title='bbox 2779 1049 2878 1118; x_wconf 78' lang='grc' dir='ltr'>μὲν</span> <span class='ocrx_word' id='word_1_274' title='bbox 2899 1045 3226 1116; x_wconf 82' lang='grc' dir='ltr'>καλούμενοι</span> <span class='ocrx_word' id='word_1_275' title='bbox 3257 1044 3678 1116; x_wconf 84' lang='grc' dir='ltr'>παρηκούσατε,</span> <span class='ocrx_word' id='word_1_276' title='bbox 3709 1043 3806 1113; x_wconf 78' lang='grc' dir='ltr'>ἐγὼ</span> 
     </span>
    </p>
   </div>
   <div class='ocr_carea' id='block_1_41' title="bbox 2225 1131 3805 1207">
    <p class='ocr_par' dir='ltr' id='par_1_41' title="bbox 2225 1131 3805 1207">
     <span class='ocr_line' id='line_1_41' title="bbox 2225 1131 3805 1207; baseline -0.004 -17"><span class='ocrx_word' id='word_1_277' title='bbox 2225 1135 2288 1188; x_wconf 77' lang='grc' dir='ltr'><strong>δέ</strong></span> <span class='ocrx_word' id='word_1_278' title='bbox 2315 1139 2426 1192; x_wconf 81' lang='grc' dir='ltr'>οὐκ</span> <span class='ocrx_word' id='word_1_279' title='bbox 2462 1135 2685 1192; x_wconf 78' lang='grc' dir='ltr'><strong>ἀπειθῶ</strong></span> <span class='ocrx_word' id='word_1_280' title='bbox 2712 1137 2788 1207; x_wconf 85' lang='grc' dir='ltr'><strong>τῷ</strong></span> <span class='ocrx_word' id='word_1_281' title='bbox 2827 1135 3032 1206; x_wconf 81' lang='grc' dir='ltr'>Πατέρι</span> <span class='ocrx_word' id='word_1_282' title='bbox 3060 1135 3240 1188; x_wconf 82' lang='grc' dir='ltr'>πάντα</span> <span class='ocrx_word' id='word_1_283' title='bbox 3267 1135 3326 1187; x_wconf 80' lang='grc' dir='ltr'><strong>ἐν</strong></span> <span class='ocrx_word' id='word_1_284' title='bbox 3344 1135 3469 1205; x_wconf 71' lang='grc' dir='ltr'>ἐμοὶ</span> <span class='ocrx_word' id='word_1_285' title='bbox 3497 1131 3805 1204; x_wconf 78' lang='grc' dir='ltr'><strong>βουληθέντι</strong></span> 
     </span>
    </p>
   </div>
   <div class='ocr_carea' id='block_1_42' title="bbox 2227 1219 3844 1296">
    <p class='ocr_par' dir='ltr' id='par_1_42' title="bbox 2227 1219 3844 1296">
     <span class='ocr_line' id='line_1_42' title="bbox 2227 1219 3844 1296; baseline -0.003 -17"><span class='ocrx_word' id='word_1_286' title='bbox 2227 1225 2840 1296; x_wconf 74' lang='grc' dir='ltr'><strong>ἀνακεφαλαιώσασθαι.</strong></span> <span class='ocrx_word' id='word_1_287' title='bbox 2893 1223 3163 1290; x_wconf 82' lang='grc' dir='ltr'>Κενώσας</span> <span class='ocrx_word' id='word_1_288' title='bbox 3197 1223 3258 1277; x_wconf 81' lang='grc' dir='ltr'>δὲ</span> <span class='ocrx_word' id='word_1_289' title='bbox 3282 1222 3541 1294; x_wconf 77' lang='grc' dir='ltr'>ἐμαυτὸν,</span> <span class='ocrx_word' id='word_1_290' title='bbox 3571 1219 3644 1274; x_wconf 78' lang='grc' dir='ltr'><strong>τὰ</strong></span> <span class='ocrx_word' id='word_1_291' title='bbox 3681 1222 3844 1296; x_wconf 35' lang='grc' dir='ltr'>πάνθ’,</span> 
     </span>
    </p>
   </div>
   <div class='ocr_carea' id='block_1_43' title="bbox 2228 1281 3832 1408">
    <p class='ocr_par' dir='ltr' id='par_1_43' title="bbox 2228 1281 3832 1408">
     <span class='ocr_line' id='line_1_43' title="bbox 2228 1281 3832 1408; baseline -0.006 -33"><span class='ocrx_word' id='word_1_292' title='bbox 2228 1337 2336 1374; x_wconf 88' lang='grc' dir='ltr'><strong>των</strong></span> <span class='ocrx_word' id='word_1_293' title='bbox 2363 1281 2618 1390; x_wconf 64' lang='grc' dir='ltr'>αίσχιστα</span> <span class='ocrx_word' id='word_1_294' title='bbox 2651 1317 2914 1382; x_wconf 87' lang='grc' dir='ltr'>πέπονθα,</span> <span class='ocrx_word' id='word_1_295' title='bbox 2956 1316 3114 1380; x_wconf 78' lang='grc' dir='ltr'>εἰδὼς</span> <span class='ocrx_word' id='word_1_296' title='bbox 3141 1281 3232 1388; x_wconf 32' lang='grc' dir='ltr'><strong>*μὴ</strong></span> <span class='ocrx_word' id='word_1_297' title='bbox 3273 1281 3462 1408; x_wconf 71' lang='grc' dir='ltr'>φέρειν</span> <span class='ocrx_word' id='word_1_298' title='bbox 3501 1281 3596 1384; x_wconf 73' lang='grc' dir='ltr'><strong>μοι</strong></span> <span class='ocrx_word' id='word_1_299' title='bbox 3618 1281 3832 1408; x_wconf 59' lang='grc' dir='ltr'><strong>αἰσχύ-Ξ</strong></span> 
     </span>
    </p>
   </div>
   <div class='ocr_carea' id='block_1_44' title="bbox 2229 1405 3820 1482">
    <p class='ocr_par' dir='ltr' id='par_1_44' title="bbox 2229 1405 3820 1482">
     <span class='ocr_line' id='line_1_44' title="bbox 2229 1405 3820 1482; baseline -0.006 -17"><span class='ocrx_word' id='word_1_300' title='bbox 2229 1427 2327 1480; x_wconf 86' lang='grc' dir='ltr'><strong>νην</strong></span> <span class='ocrx_word' id='word_1_301' title='bbox 2351 1409 2428 1481; x_wconf 84' lang='grc' dir='ltr'><strong>τῷ</strong></span> <span class='ocrx_word' id='word_1_302' title='bbox 2449 1418 2477 1459; x_wconf 69' lang='lat'><strong><em>7</em></strong></span> <span class='ocrx_word' id='word_1_303' title='bbox 2501 1409 2820 1482; x_wconf 79' lang='grc' dir='ltr'><strong>πειθαρχεῖν</strong></span> <span class='ocrx_word' id='word_1_304' title='bbox 2850 1409 2928 1481; x_wconf 85' lang='grc' dir='ltr'><strong>τῷ</strong></span> <span class='ocrx_word' id='word_1_305' title='bbox 2980 1408 3202 1480; x_wconf 81' lang='grc' dir='ltr'>Πατέρι.</span> <span class='ocrx_word' id='word_1_306' title='bbox 3260 1406 3524 1462; x_wconf 70' lang='grc' dir='ltr'>Πιλάτου</span> <span class='ocrx_word' id='word_1_307' title='bbox 3575 1405 3677 1476; x_wconf 84' lang='grc' dir='ltr'><strong>μὲν</strong></span> <span class='ocrx_word' id='word_1_308' title='bbox 3702 1405 3820 1473; x_wconf 45' lang='lat' dir='ltr'><strong>pa?</strong></span> 
     </span>
    </p>
   </div>
   <div class='ocr_carea' id='block_1_45' title="bbox 2231 1496 3793 1574">
    <p class='ocr_par' dir='ltr' id='par_1_45' title="bbox 2231 1496 3793 1574">
     <span class='ocr_line' id='line_1_45' title="bbox 2231 1496 3793 1574; baseline -0.004 -17"><span class='ocrx_word' id='word_1_309' title='bbox 2231 1503 2663 1574; x_wconf 76' lang='grc' dir='ltr'>στιγώσαντος,</span> <span class='ocrx_word' id='word_1_310' title='bbox 2686 1500 2806 1556; x_wconf 85' lang='grc' dir='ltr'><strong>τῶν</strong></span> <span class='ocrx_word' id='word_1_311' title='bbox 2835 1501 2892 1556; x_wconf 82' lang='grc' dir='ltr'>δὲ</span> <span class='ocrx_word' id='word_1_312' title='bbox 2915 1500 3232 1569; x_wconf 82' lang='grc' dir='ltr'><strong>ὑπηρετῶν</strong></span> <span class='ocrx_word' id='word_1_313' title='bbox 3254 1500 3373 1563; x_wconf 83' lang='grc' dir='ltr'>ἑνός</span> <span class='ocrx_word' id='word_1_314' title='bbox 3404 1515 3472 1570; x_wconf 88' lang='grc' dir='ltr'><strong>με</strong></span> <span class='ocrx_word' id='word_1_315' title='bbox 3519 1496 3793 1566; x_wconf 66' lang='lat' dir='ltr'><strong>partiam</strong></span> 
     </span>
    </p>
   </div>
   <div class='ocr_carea' id='block_1_46' title="bbox 2231 1588 3802 1664">
    <p class='ocr_par' dir='ltr' id='par_1_46' title="bbox 2231 1588 3802 1664">
     <span class='ocr_line' id='line_1_46' title="bbox 2231 1588 3802 1664; baseline -0.005 -14"><span class='ocrx_word' id='word_1_316' title='bbox 2231 1613 2354 1661; x_wconf 84' lang='grc' dir='ltr'>τος,</span> <span class='ocrx_word' id='word_1_317' title='bbox 2379 1593 2553 1648; x_wconf 83' lang='grc' dir='ltr'>ἄλλων</span> <span class='ocrx_word' id='word_1_318' title='bbox 2577 1595 2634 1646; x_wconf 82' lang='grc' dir='ltr'><strong>δέ</strong></span> <span class='ocrx_word' id='word_1_319' title='bbox 2669 1611 2771 1664; x_wconf 87' lang='grc' dir='ltr'><strong>μου</strong></span> <span class='ocrx_word' id='word_1_320' title='bbox 2811 1595 3299 1657; x_wconf 80' lang='grc' dir='ltr'>καταπτυόντων,</span> <span class='ocrx_word' id='word_1_321' title='bbox 3325 1595 3404 1658; x_wconf 82' lang='grc' dir='ltr'>ὼς</span> <span class='ocrx_word' id='word_1_322' title='bbox 3430 1589 3690 1658; x_wconf 74' lang='grc' dir='ltr'>στερεὰν</span> <span class='ocrx_word' id='word_1_323' title='bbox 3713 1588 3802 1642; x_wconf 76' lang='grc' dir='ltr'>πέ-</span> 
     </span>
    </p>
   </div>
   <div class='ocr_carea' id='block_1_47' title="bbox 2231 1675 3803 1756">
    <p class='ocr_par' dir='ltr' id='par_1_47' title="bbox 2231 1675 3803 1756">
     <span class='ocr_line' id='line_1_47' title="bbox 2231 1675 3803 1756; baseline -0.003 -16"><span class='ocrx_word' id='word_1_324' title='bbox 2231 1703 2378 1756; x_wconf 81' lang='grc' dir='ltr'>τραν</span> <span class='ocrx_word' id='word_1_325' title='bbox 2409 1687 2472 1740; x_wconf 84' lang='grc' dir='ltr'>τὸ</span> <span class='ocrx_word' id='word_1_326' title='bbox 2506 1687 2834 1754; x_wconf 74' lang='grc' dir='ltr'>πρόσωπόν</span> <span class='ocrx_word' id='word_1_327' title='bbox 2887 1702 3009 1754; x_wconf 83' lang='grc' dir='ltr'><strong>μου</strong></span> <span class='ocrx_word' id='word_1_328' title='bbox 3049 1684 3252 1750; x_wconf 80' lang='grc' dir='ltr'>τιθείς.</span> <span class='ocrx_word' id='word_1_329' title='bbox 3291 1683 3592 1752; x_wconf 80' lang='grc' dir='ltr'>Δυνάμεως</span> <span class='ocrx_word' id='word_1_330' title='bbox 3621 1680 3729 1750; x_wconf 76' lang='grc' dir='ltr'>γὰρ</span> <span class='ocrx_word' id='word_1_331' title='bbox 3747 1675 3803 1752; x_wconf 72' lang='grc' dir='ltr'><strong>ἦν</strong></span> 
     </span>
    </p>
   </div>
   <div class='ocr_carea' id='block_1_48' title="bbox 2233 1773 3804 1848">
    <p class='ocr_par' dir='ltr' id='par_1_48' title="bbox 2233 1773 3804 1848">
     <span class='ocr_line' id='line_1_48' title="bbox 2233 1773 3804 1848; baseline -0.003 -16"><span class='ocrx_word' id='word_1_332' title='bbox 2233 1779 2294 1833; x_wconf 86' lang='grc' dir='ltr'>τὸ</span> <span class='ocrx_word' id='word_1_333' title='bbox 2327 1779 2582 1848; x_wconf 78' lang='grc' dir='ltr'>πρᾶγμα,</span> <span class='ocrx_word' id='word_1_334' title='bbox 2613 1778 2679 1830; x_wconf 83' lang='grc' dir='ltr'><strong>δι’</strong></span> <span class='ocrx_word' id='word_1_335' title='bbox 2731 1779 2796 1848; x_wconf 77' lang='grc' dir='ltr'><strong>ἢν</strong></span> <span class='ocrx_word' id='word_1_336' title='bbox 2819 1776 3153 1848; x_wconf 72' lang='grc' dir='ltr'><strong>ἐκαρτέρουν</strong></span> <span class='ocrx_word' id='word_1_337' title='bbox 3181 1792 3197 1808; x_wconf 79' lang='grc' dir='ltr'><strong><em>ο</em></strong></span> <span class='ocrx_word' id='word_1_338' title='bbox 3223 1777 3308 1830; x_wconf 83' lang='grc' dir='ltr'>ὅτι</span> <span class='ocrx_word' id='word_1_339' title='bbox 3348 1773 3712 1844; x_wconf 79' lang='grc' dir='ltr'>καταϐέϐηκα</span> <span class='ocrx_word' id='word_1_340' title='bbox 3749 1776 3804 1828; x_wconf 81' lang='grc' dir='ltr'><strong>ἐκ</strong></span> 
     </span>
    </p>
   </div>
   <div class='ocr_carea' id='block_1_49' title="bbox 2232 1861 3806 1938">
    <p class='ocr_par' dir='ltr' id='par_1_49' title="bbox 2232 1861 3806 1938">
     <span class='ocr_line' id='line_1_49' title="bbox 2232 1861 3806 1938; baseline -0.004 -17"><span class='ocrx_word' id='word_1_341' title='bbox 2232 1868 2327 1922; x_wconf 81' lang='grc' dir='ltr'>τοῦ</span> <span class='ocrx_word' id='word_1_342' title='bbox 2357 1867 2610 1938; x_wconf 79' lang='grc' dir='ltr'>οὐρανοῦ,</span> <span class='ocrx_word' id='word_1_343' title='bbox 2635 1869 2732 1938; x_wconf 79' lang='grc' dir='ltr'><strong>οὐχ</strong></span> <span class='ocrx_word' id='word_1_344' title='bbox 2763 1867 2852 1920; x_wconf 77' lang='grc' dir='ltr'>ἵνα</span> <span class='ocrx_word' id='word_1_345' title='bbox 2880 1867 3018 1920; x_wconf 87' lang='grc' dir='ltr'>ποιῶ</span> <span class='ocrx_word' id='word_1_346' title='bbox 3050 1869 3110 1920; x_wconf 77' lang='grc' dir='ltr'>τὸ</span> <span class='ocrx_word' id='word_1_347' title='bbox 3142 1866 3355 1938; x_wconf 83' lang='grc' dir='ltr'>θέλημα</span> <span class='ocrx_word' id='word_1_348' title='bbox 3397 1865 3462 1918; x_wconf 85' lang='grc' dir='ltr'><strong>τδ</strong></span> <span class='ocrx_word' id='word_1_349' title='bbox 3497 1864 3654 1935; x_wconf 71' lang='grc' dir='ltr'>ἐμὸν,</span> <span class='ocrx_word' id='word_1_350' title='bbox 3683 1861 3806 1916; x_wconf 73' lang='grc' dir='ltr'><strong>ἀλλά</strong></span> 
     </span>
    </p>
   </div>
   <div class='ocr_carea' id='block_1_50' title="bbox 2231 1956 3806 2031">
    <p class='ocr_par' dir='ltr' id='par_1_50' title="bbox 2231 1956 3806 2031">
     <span class='ocr_line' id='line_1_50' title="bbox 2231 1956 3806 2031; baseline -0.004 -17"><span class='ocrx_word' id='word_1_351' title='bbox 2231 1961 2293 2015; x_wconf 81' lang='grc' dir='ltr'>τὸ</span> <span class='ocrx_word' id='word_1_352' title='bbox 2321 1961 2533 2031; x_wconf 81' lang='grc' dir='ltr'>θέλημα</span> <span class='ocrx_word' id='word_1_353' title='bbox 2561 1959 2656 2014; x_wconf 82' lang='grc' dir='ltr'>τοῦ</span> <span class='ocrx_word' id='word_1_354' title='bbox 2707 1959 3022 2031; x_wconf 75' lang='grc' dir='ltr'>πέμψαντός</span> <span class='ocrx_word' id='word_1_355' title='bbox 3086 1977 3177 2030; x_wconf 88' lang='grc' dir='ltr'><strong>με.</strong></span> <span class='ocrx_word' id='word_1_356' title='bbox 3230 1957 3403 2022; x_wconf 73' lang='grc' dir='ltr'>Αὐτὸς</span> <span class='ocrx_word' id='word_1_357' title='bbox 3442 1957 3556 2028; x_wconf 80' lang='grc' dir='ltr'>γάρ</span> <span class='ocrx_word' id='word_1_358' title='bbox 3594 1973 3692 2026; x_wconf 87' lang='grc' dir='ltr'><strong>μου</strong></span> <span class='ocrx_word' id='word_1_359' title='bbox 3721 1956 3806 2008; x_wconf 82' lang='grc' dir='ltr'>καὶ</span> 
     </span>
    </p>
   </div>
   <div class='ocr_carea' id='block_1_51' title="bbox 2232 2043 3806 2120">
    <p class='ocr_par' dir='ltr' id='par_1_51' title="bbox 2232 2043 3806 2120">
     <span class='ocr_line' id='line_1_51' title="bbox 2232 2043 3806 2120; baseline -0.004 -16"><span class='ocrx_word' id='word_1_360' title='bbox 2232 2053 2346 2114; x_wconf 81' lang='grc' dir='ltr'>τοῖς</span> <span class='ocrx_word' id='word_1_361' title='bbox 2391 2049 2756 2120; x_wconf 79' lang='grc' dir='ltr'><strong>ἀνθρωπίνοις</strong></span> <span class='ocrx_word' id='word_1_362' title='bbox 2806 2047 3074 2118; x_wconf 82' lang='grc' dir='ltr'>ἐϐοήθησε</span> <span class='ocrx_word' id='word_1_363' title='bbox 3133 2047 3387 2118; x_wconf 85' lang='grc' dir='ltr'>μέτροις.</span> <span class='ocrx_word' id='word_1_364' title='bbox 3430 2044 3681 2116; x_wconf 10' lang='grc' dir='ltr'>Δηλοῖῇδέ</span> <span class='ocrx_word' id='word_1_365' title='bbox 3721 2043 3806 2097; x_wconf 80' lang='grc' dir='ltr'>καὶ</span> 
     </span>
    </p>
   </div>
   <div class='ocr_carea' id='block_1_52' title="bbox 2231 2133 3805 2211">
    <p class='ocr_par' dir='ltr' id='par_1_52' title="bbox 2231 2133 3805 2211">
     <span class='ocr_line' id='line_1_52' title="bbox 2231 2133 3805 2211; baseline -0.004 -16"><span class='ocrx_word' id='word_1_366' title='bbox 2231 2143 2307 2206; x_wconf 83' lang='grc' dir='ltr'><strong>ὡς</strong></span> <span class='ocrx_word' id='word_1_367' title='bbox 2333 2142 2612 2211; x_wconf 77' lang='grc' dir='ltr'><strong>ἐπήμυνεν</strong></span> <span class='ocrx_word' id='word_1_368' title='bbox 2635 2139 2804 2210; x_wconf 80' lang='grc' dir='ltr'>αὐτῷ,</span> <span class='ocrx_word' id='word_1_369' title='bbox 2823 2139 2982 2210; x_wconf 86' lang='grc' dir='ltr'>δίκην</span> <span class='ocrx_word' id='word_1_370' title='bbox 3008 2138 3219 2199; x_wconf 64' lang='grc' dir='ltr'>ἐπιθεὶς</span> <span class='ocrx_word' id='word_1_371' title='bbox 3262 2140 3377 2201; x_wconf 84' lang='grc' dir='ltr'>τοῖς</span> <span class='ocrx_word' id='word_1_372' title='bbox 3408 2136 3720 2208; x_wconf 78' lang='grc' dir='ltr'>ὑϐρίσασιν,</span> <span class='ocrx_word' id='word_1_373' title='bbox 3743 2133 3805 2204; x_wconf 66' lang='grc' dir='ltr'>ἦν</span> 
     </span>
    </p>
   </div>
   <div class='ocr_carea' id='block_1_53' title="bbox 2233 2228 3804 2301">
    <p class='ocr_par' dir='ltr' id='par_1_53' title="bbox 2233 2228 3804 2301">
     <span class='ocr_line' id='line_1_53' title="bbox 2233 2228 3804 2301; baseline -0.004 -14"><span class='ocrx_word' id='word_1_374' title='bbox 2233 2233 2327 2287; x_wconf 74' lang='grc' dir='ltr'>καὶ</span> <span class='ocrx_word' id='word_1_375' title='bbox 2369 2233 2456 2286; x_wconf 82' lang='grc' dir='ltr'><strong>διὰ</strong></span> <span class='ocrx_word' id='word_1_376' title='bbox 2503 2232 2667 2301; x_wconf 83' lang='grc' dir='ltr'>τάχος</span> <span class='ocrx_word' id='word_1_377' title='bbox 2710 2231 2952 2298; x_wconf 76' lang='grc' dir='ltr'>ἐγγίζειν</span> <span class='ocrx_word' id='word_1_378' title='bbox 2989 2231 3144 2300; x_wconf 68' lang='grc' dir='ltr'>φησι,</span> <span class='ocrx_word' id='word_1_379' title='bbox 3189 2229 3628 2294; x_wconf 59' lang='grc' dir='ltr'>δικαιώσαντπ</span> <span class='ocrx_word' id='word_1_380' title='bbox 3656 2228 3804 2281; x_wconf 70' lang='grc' dir='ltr'>αὐτὸν</span> 
     </span>
    </p>
   </div>
   <div class='ocr_carea' id='block_1_54' title="bbox 2231 2316 3806 2391">
    <p class='ocr_par' dir='ltr' id='par_1_54' title="bbox 2231 2316 3806 2391">
     <span class='ocr_line' id='line_1_54' title="bbox 2231 2316 3806 2391; baseline -0.004 -15"><span class='ocrx_word' id='word_1_381' title='bbox 2231 2322 2325 2376; x_wconf 78' lang='grc' dir='ltr'><strong>τοῦ</strong></span> <span class='ocrx_word' id='word_1_382' title='bbox 2353 2321 2614 2391; x_wconf 84' lang='grc' dir='ltr'>Πατέρος.</span> <span class='ocrx_word' id='word_1_383' title='bbox 2641 2323 2883 2374; x_wconf 72' lang='grc' dir='ltr'>Δίκαιον</span> <span class='ocrx_word' id='word_1_384' title='bbox 2911 2319 3020 2390; x_wconf 72' lang='grc' dir='ltr'><strong>γὰρ</strong></span> <span class='ocrx_word' id='word_1_385' title='bbox 3054 2319 3209 2383; x_wconf 73' lang='grc' dir='ltr'>ὄντα,</span> <span class='ocrx_word' id='word_1_386' title='bbox 3238 2320 3333 2374; x_wconf 75' lang='grc' dir='ltr'>καὶ</span> <span class='ocrx_word' id='word_1_387' title='bbox 3359 2317 3483 2372; x_wconf 84' lang='grc' dir='ltr'>καθ’</span> <span class='ocrx_word' id='word_1_388' title='bbox 3503 2316 3703 2372; x_wconf 76' lang='grc' dir='ltr'>ἑαυτοῦ</span> <span class='ocrx_word' id='word_1_389' title='bbox 3738 2317 3806 2388; x_wconf 71' lang='grc' dir='ltr'>μὴ</span> 
     </span>
    </p>
   </div>
   <div class='ocr_carea' id='block_1_55' title="bbox 2232 2403 3806 2482">
    <p class='ocr_par' dir='ltr' id='par_1_55' title="bbox 2232 2403 3806 2482">
     <span class='ocr_line' id='line_1_55' title="bbox 2232 2403 3806 2482; baseline -0.003 -16"><span class='ocrx_word' id='word_1_390' title='bbox 2232 2414 2389 2466; x_wconf 83' lang='grc' dir='ltr'>δόντα</span> <span class='ocrx_word' id='word_1_391' title='bbox 2421 2411 2615 2476; x_wconf 75' lang='grc' dir='ltr'>λαϐὰς,</span> <span class='ocrx_word' id='word_1_392' title='bbox 2645 2411 2991 2478; x_wconf 73' lang='grc' dir='ltr'>ᾁποκτείνεῑν</span> <span class='ocrx_word' id='word_1_393' title='bbox 3021 2411 3348 2482; x_wconf 82' lang='grc' dir='ltr'>ἐτόλμησαν.</span> <span class='ocrx_word' id='word_1_394' title='bbox 3393 2409 3536 2462; x_wconf 80' lang='grc' dir='ltr'>Ἀνθ’</span> <span class='ocrx_word' id='word_1_395' title='bbox 3609 2403 3687 2464; x_wconf 80' lang='grc' dir='ltr'>ὧν</span> <span class='ocrx_word' id='word_1_396' title='bbox 3715 2411 3806 2461; x_wconf 77' lang='grc' dir='ltr'><strong>αὺ-</strong></span> 
     </span>
    </p>
   </div>
   <div class='ocr_carea' id='block_1_56' title="bbox 2229 2493 3806 2572">
    <p class='ocr_par' dir='ltr' id='par_1_56' title="bbox 2229 2493 3806 2572">
     <span class='ocr_line' id='line_1_56' title="bbox 2229 2493 3806 2572; baseline -0.003 -16"><span class='ocrx_word' id='word_1_397' title='bbox 2229 2505 2356 2567; x_wconf 80' lang='grc' dir='ltr'>τοὺς</span> <span class='ocrx_word' id='word_1_398' title='bbox 2383 2501 2638 2566; x_wconf 81' lang='grc' dir='ltr'>κολάσας,</span> <span class='ocrx_word' id='word_1_399' title='bbox 2669 2501 3042 2556; x_wconf 81' lang='grc' dir='ltr'>ἀνυπεύθυνον</span> <span class='ocrx_word' id='word_1_400' title='bbox 3094 2493 3362 2571; x_wconf 70' lang='grc' dir='ltr'>ὑπάρχειν</span> <span class='ocrx_word' id='word_1_401' title='bbox 3395 2500 3496 2570; x_wconf 76' lang='grc' dir='ltr'>ἐμὲ</span> <span class='ocrx_word' id='word_1_402' title='bbox 3531 2499 3806 2572; x_wconf 79' lang='grc' dir='ltr'>μεμαρτύ·</span> 
     </span>
    </p>
   </div>
   <div class='ocr_carea' id='block_1_57' title="bbox 2233 2589 3807 2666">
    <p class='ocr_par' dir='ltr' id='par_1_57' title="bbox 2233 2589 3807 2666">
     <span class='ocr_line' id='line_1_57' title="bbox 2233 2589 3807 2666; baseline 0 -20"><span class='ocrx_word' id='word_1_403' title='bbox 2233 2611 2420 2666; x_wconf 89' lang='grc' dir='ltr'>ρηκεν.</span> <span class='ocrx_word' id='word_1_404' title='bbox 2453 2594 2542 2647; x_wconf 85' lang='grc' dir='ltr'>Διό</span> <span class='ocrx_word' id='word_1_405' title='bbox 2561 2609 2728 2665; x_wconf 86' lang='grc' dir='ltr'>φησιν</span> <span class='ocrx_word' id='word_1_406' title='bbox 2751 2595 2779 2646; x_wconf 83' lang='grc' dir='ltr'><strong>ὁ</strong></span> <span class='ocrx_word' id='word_1_407' title='bbox 2806 2595 2996 2664; x_wconf 83' lang='grc' dir='ltr'>Πατήρ</span> <span class='ocrx_word' id='word_1_408' title='bbox 3013 2611 3060 2646; x_wconf 79' lang='grc' dir='ltr'><strong>ἰ</strong></span> <span class='ocrx_word' id='word_1_409' title='bbox 3082 2593 3194 2648; x_wconf 80' lang='grc' dir='ltr'><strong>Καὶ</strong></span> <span class='ocrx_word' id='word_1_410' title='bbox 3215 2592 3372 2646; x_wconf 83' lang='grc' dir='ltr'><strong>δώσω</strong></span> <span class='ocrx_word' id='word_1_411' title='bbox 3397 2591 3525 2656; x_wconf 76' lang='grc' dir='ltr'>τοὺς</span> <span class='ocrx_word' id='word_1_412' title='bbox 3547 2589 3807 2662; x_wconf 73' lang='grc' dir='ltr'>πονηροὺς</span> 
     </span>
    </p>
   </div>
   <div class='ocr_carea' id='block_1_58' title="bbox 2231 2681 3806 2757">
    <p class='ocr_par' dir='ltr' id='par_1_58' title="bbox 2231 2681 3806 2757">
     <span class='ocr_line' id='line_1_58' title="bbox 2231 2681 3806 2757; baseline -0.003 -17"><span class='ocrx_word' id='word_1_413' title='bbox 2231 2687 2352 2740; x_wconf 72' lang='grc' dir='ltr'>ἀντὶ</span> <span class='ocrx_word' id='word_1_414' title='bbox 2379 2686 2480 2757; x_wconf 82' lang='grc' dir='ltr'>τῆς</span> <span class='ocrx_word' id='word_1_415' title='bbox 2509 2686 2690 2756; x_wconf 78' lang='grc' dir='ltr'>ταφῆς</span> <span class='ocrx_word' id='word_1_416' title='bbox 2721 2685 2908 2748; x_wconf 79' lang='grc' dir='ltr'>αὑτοῦ,</span> <span class='ocrx_word' id='word_1_417' title='bbox 2938 2686 3031 2739; x_wconf 69' lang='grc' dir='ltr'>καὶ</span> <span class='ocrx_word' id='word_1_418' title='bbox 3059 2685 3188 2748; x_wconf 80' lang='grc' dir='ltr'>τοὺς</span> <span class='ocrx_word' id='word_1_419' title='bbox 3221 2683 3513 2746; x_wconf 74' lang='grc' dir='ltr'>πλουσίους</span> <span class='ocrx_word' id='word_1_420' title='bbox 3563 2684 3684 2737; x_wconf 73' lang='grc' dir='ltr'>ἀντὶ</span> <span class='ocrx_word' id='word_1_421' title='bbox 3720 2681 3806 2736; x_wconf 77' lang='grc' dir='ltr'>τοῦ</span> 
     </span>
    </p>
   </div>
   <div class='ocr_carea' id='block_1_59' title="bbox 2232 2773 3807 2846">
    <p class='ocr_par' dir='ltr' id='par_1_59' title="bbox 2232 2773 3807 2846">
     <span class='ocr_line' id='line_1_59' title="bbox 2232 2773 3807 2846; baseline -0.003 -15"><span class='ocrx_word' id='word_1_422' title='bbox 2232 2777 2466 2831; x_wconf 79' lang='grc' dir='ltr'>θανάτου</span> <span class='ocrx_word' id='word_1_423' title='bbox 2498 2775 2686 2832; x_wconf 79' lang='grc' dir='ltr'>αὑτοῦ.</span> <span class='ocrx_word' id='word_1_424' title='bbox 2729 2795 2748 2828; x_wconf 71' lang='grc' dir='ltr'><strong>ι</strong></span> <span class='ocrx_word' id='word_1_425' title='bbox 2776 2777 3128 2830; x_wconf 73' lang='grc' dir='ltr'>Φιλόπλουτοι</span> <span class='ocrx_word' id='word_1_426' title='bbox 3158 2775 3268 2846; x_wconf 86' lang='grc' dir='ltr'><strong>γὰρ</strong></span> <span class='ocrx_word' id='word_1_427' title='bbox 3297 2775 3591 2843; x_wconf 77' lang='grc' dir='ltr'>γεγονότες</span> <span class='ocrx_word' id='word_1_428' title='bbox 3629 2775 3680 2827; x_wconf 75' lang='lat' dir='ltr'><strong>oi</strong></span> <span class='ocrx_word' id='word_1_429' title='bbox 3708 2773 3807 2827; x_wconf 81' lang='grc' dir='ltr'><strong>τῶν</strong></span> 
     </span>
    </p>
   </div>
   <div class='ocr_carea' id='block_1_60' title="bbox 2243 2861 3809 2938">
    <p class='ocr_par' dir='ltr' id='par_1_60' title="bbox 2243 2861 3809 2938">
     <span class='ocr_line' id='line_1_60' title="bbox 2243 2861 3809 2938; baseline -0.003 -16"><span class='ocrx_word' id='word_1_430' title='bbox 2243 2868 2514 2922; x_wconf 74' lang='grc' dir='ltr'>Ἰουδαίων</span> <span class='ocrx_word' id='word_1_431' title='bbox 2555 2868 2888 2938; x_wconf 62' lang='grc' dir='ltr'>καθηγηταί,</span> <span class='ocrx_word' id='word_1_432' title='bbox 2944 2867 3085 2938; x_wconf 82' lang='grc' dir='ltr'>πρὸς</span> <span class='ocrx_word' id='word_1_433' title='bbox 3133 2867 3234 2938; x_wconf 79' lang='grc' dir='ltr'><strong>τὴν</strong></span> <span class='ocrx_word' id='word_1_434' title='bbox 3269 2861 3402 2920; x_wconf 80' lang='grc' dir='ltr'>’κατ’</span> <span class='ocrx_word' id='word_1_435' title='bbox 3446 2863 3618 2920; x_wconf 81' lang='grc' dir='ltr'>αὐτοῦ</span> <span class='ocrx_word' id='word_1_436' title='bbox 3657 2881 3809 2936; x_wconf 80' lang='grc' dir='ltr'>πονη-</span> 
     </span>
    </p>
   </div>
   <div class='ocr_carea' id='block_1_61' title="bbox 2235 2955 3801 3030">
    <p class='ocr_par' dir='ltr' id='par_1_61' title="bbox 2235 2955 3801 3030">
     <span class='ocr_line' id='line_1_61' title="bbox 2235 2955 3801 3030; baseline -0.002 -18"><span class='ocrx_word' id='word_1_437' title='bbox 2235 2959 2355 3030; x_wconf 88' lang='grc' dir='ltr'>ρίαν</span> <span class='ocrx_word' id='word_1_438' title='bbox 2388 2959 2708 3029; x_wconf 79' lang='grc' dir='ltr'>ἐτράποντο.</span> <span class='ocrx_word' id='word_1_439' title='bbox 2747 2958 2859 3012; x_wconf 78' lang='grc' dir='ltr'><strong>Καὶ</strong></span> <span class='ocrx_word' id='word_1_440' title='bbox 2923 2958 3034 3029; x_wconf 85' lang='grc' dir='ltr'>γὰρ</span> <span class='ocrx_word' id='word_1_441' title='bbox 3089 2957 3293 3020; x_wconf 81' lang='grc' dir='ltr'>εἰδότες</span> <span class='ocrx_word' id='word_1_442' title='bbox 3335 2955 3499 3010; x_wconf 79' lang='grc' dir='ltr'>αὐτὸν</span> <span class='ocrx_word' id='word_1_443' title='bbox 3547 2955 3801 3026; x_wconf 73' lang='grc' dir='ltr'>ἔφασκον·</span> 
     </span>
    </p>
   </div>
   <div class='ocr_carea' id='block_1_62' title="bbox 538 3045 2127 3134">
    <p class='ocr_par' dir='ltr' id='par_1_62' title="bbox 538 3045 2127 3116">
     <span class='ocr_line' id='line_1_62' title="bbox 538 3045 2127 3116; baseline 0.001 -16"><span class='ocrx_word' id='word_1_444' title='bbox 538 3061 664 3100; x_wconf 92' lang='lat' dir='ltr'><strong>eum</strong></span> <span class='ocrx_word' id='word_1_445' title='bbox 696 3047 959 3100; x_wconf 70' lang='lat' dir='ltr'><strong>malitiam</strong></span> <span class='ocrx_word' id='word_1_446' title='bbox 1013 3053 1428 3101; x_wconf 85' lang='lat' dir='ltr'><strong>converterunt.</strong></span> <span class='ocrx_word' id='word_1_447' title='bbox 1493 3045 1675 3116; x_wconf 84' lang='lat' dir='ltr'><strong>Ipsum</strong></span> <span class='ocrx_word' id='word_1_448' title='bbox 1729 3049 1873 3102; x_wconf 89' lang='lat' dir='ltr'><strong>enim</strong></span> <span class='ocrx_word' id='word_1_449' title='bbox 1906 3052 2127 3116; x_wconf 89' lang='lat' dir='ltr'><strong>conspi-</strong></span> 
     </span>
    </p>
   </div>
   <div class='ocr_carea' id='block_1_63' title="bbox 2236 3045 3808 3134">
    <p class='ocr_par' dir='ltr' id='par_1_63' title="bbox 2238 3046 3808 3120">
     <span class='ocr_line' id='line_1_63' title="bbox 2238 3046 3808 3120; baseline -0.003 -16"><span class='ocrx_word' id='word_1_450' title='bbox 2238 3069 2259 3104; x_wconf 74' lang='grc' dir='ltr'><strong>ι</strong></span> <span class='ocrx_word' id='word_1_451' title='bbox 2302 3046 2469 3113; x_wconf 75' lang='grc' dir='ltr'>Οὗτός</span> <span class='ocrx_word' id='word_1_452' title='bbox 2501 3051 2645 3102; x_wconf 85' lang='grc' dir='ltr'>ἐστιν</span> <span class='ocrx_word' id='word_1_453' title='bbox 2678 3052 2706 3103; x_wconf 85' lang='grc' dir='ltr'>ὁ</span> <span class='ocrx_word' id='word_1_454' title='bbox 2737 3049 3073 3120; x_wconf 79' lang='grc' dir='ltr'>κληρονόμος</span> <span class='ocrx_word' id='word_1_455' title='bbox 3095 3065 3110 3080; x_wconf 75' lang='grc' dir='ltr'><strong>ο</strong></span> <span class='ocrx_word' id='word_1_456' title='bbox 3166 3047 3323 3102; x_wconf 81' lang='grc' dir='ltr'>δεῦτε</span> <span class='ocrx_word' id='word_1_457' title='bbox 3349 3089 3364 3114; x_wconf 85' lang='grc'><strong>,</strong></span> <span class='ocrx_word' id='word_1_458' title='bbox 3405 3047 3808 3119; x_wconf 79' lang='grc' dir='ltr'>ἀποκτείνωμεν</span> 
     </span>
    </p>
   </div>
   <div class='ocr_carea' id='block_1_64' title="bbox 541 3134 2127 3202">
    <p class='ocr_par' dir='ltr' id='par_1_64' title="bbox 541 3134 2127 3202">
     <span class='ocr_line' id='line_1_64' title="bbox 541 3134 2127 3202; baseline 0.001 -13"><span class='ocrx_word' id='word_1_459' title='bbox 541 3136 670 3201; x_wconf 80' lang='lat' dir='ltr'><strong>cati,</strong></span> <span class='ocrx_word' id='word_1_460' title='bbox 697 3134 956 3190; x_wconf 75' lang='lat' dir='ltr'><strong>dixerunt</strong></span> <span class='ocrx_word' id='word_1_461' title='bbox 979 3153 1025 3190; x_wconf 73' lang='grc' dir='ltr'>ει</span> <span class='ocrx_word' id='word_1_462' title='bbox 1061 3135 1161 3190; x_wconf 91' lang='lat' dir='ltr'><strong>llic</strong></span> <span class='ocrx_word' id='word_1_463' title='bbox 1193 3143 1277 3190; x_wconf 87' lang='lat' dir='ltr'><strong>est</strong></span> <span class='ocrx_word' id='word_1_464' title='bbox 1319 3137 1515 3202; x_wconf 63' lang='lat' dir='ltr'><strong>haeres,</strong></span> <span class='ocrx_word' id='word_1_465' title='bbox 1552 3137 1772 3202; x_wconf 85' lang='lat' dir='ltr'><strong>venite;</strong></span> <span class='ocrx_word' id='word_1_466' title='bbox 1822 3137 2127 3192; x_wconf 80' lang='lat' dir='ltr'><strong>interﬁcia-</strong></span> 
     </span>
    </p>
   </div>
   <div class='ocr_carea' id='block_1_65' title="bbox 541 3227 994 3296">
    <p class='ocr_par' dir='ltr' id='par_1_65' title="bbox 541 3227 994 3296">
     <span class='ocr_line' id='line_1_65' title="bbox 541 3227 994 3296; baseline -0.007 -15"><span class='ocrx_word' id='word_1_467' title='bbox 541 3241 664 3281; x_wconf 81' lang='lat' dir='ltr'><strong>mus</strong></span> <span class='ocrx_word' id='word_1_468' title='bbox 681 3228 861 3296; x_wconf 85' lang='lat' dir='ltr'><strong>ipsum</strong></span> <span class='ocrx_word' id='word_1_469' title='bbox 887 3227 994 3280; x_wconf 74' lang='grc'><strong>⁸⁸.»</strong></span> 
     </span>
    </p>
   </div>
   <div class='ocr_carea' id='block_1_66' title="bbox 613 3315 2130 3390">
    <p class='ocr_par' dir='ltr' id='par_1_66' title="bbox 613 3315 2130 3390">
     <span class='ocr_line' id='line_1_66' title="bbox 613 3315 2130 3390; baseline 0.007 -24"><span class='ocrx_word' id='word_1_470' title='bbox 613 3315 767 3381; x_wconf 85' lang='lat' dir='ltr'><strong>Quod</strong></span> <span class='ocrx_word' id='word_1_471' title='bbox 803 3317 847 3370; x_wconf 88' lang='lat' dir='ltr'><strong>si</strong></span> <span class='ocrx_word' id='word_1_472' title='bbox 888 3317 961 3371; x_wconf 89' lang='lat' dir='ltr'><strong>sit</strong></span> <span class='ocrx_word' id='word_1_473' title='bbox 1002 3315 1224 3386; x_wconf 86' lang='lat' dir='ltr'><strong>aliquis,</strong></span> <span class='ocrx_word' id='word_1_474' title='bbox 1269 3316 1363 3387; x_wconf 90' lang='lat' dir='ltr'><strong>qui</strong></span> <span class='ocrx_word' id='word_1_475' title='bbox 1412 3335 1496 3372; x_wconf 86' lang='lat' dir='ltr'><strong>me</strong></span> <span class='ocrx_word' id='word_1_476' title='bbox 1538 3318 1686 3388; x_wconf 87' lang='lat' dir='ltr'><strong>justa</strong></span> <span class='ocrx_word' id='word_1_477' title='bbox 1739 3335 1964 3390; x_wconf 89' lang='lat' dir='ltr'><strong>passum</strong></span> <span class='ocrx_word' id='word_1_478' title='bbox 2005 3336 2130 3377; x_wconf 88' lang='lat' dir='ltr'><strong>esse</strong></span> 
     </span>
    </p>
   </div>
   <div class='ocr_carea' id='block_1_67' title="bbox 543 3408 2128 3484">
    <p class='ocr_par' dir='ltr' id='par_1_67' title="bbox 543 3408 2128 3484">
     <span class='ocr_line' id='line_1_67' title="bbox 543 3408 2128 3484; baseline 0.003 -22"><span class='ocrx_word' id='word_1_479' title='bbox 543 3408 872 3474; x_wconf 88' lang='lat' dir='ltr'><strong>arbitretur,</strong></span> <span class='ocrx_word' id='word_1_480' title='bbox 897 3408 1130 3462; x_wconf 78' lang='lat' dir='ltr'><strong>Accedat</strong></span> <span class='ocrx_word' id='word_1_481' title='bbox 1150 3409 1285 3477; x_wconf 88' lang='lat' dir='ltr'><strong>jam,</strong></span> <span class='ocrx_word' id='word_1_482' title='bbox 1311 3411 1631 3475; x_wconf 83' lang='lat' dir='ltr'><strong>utrationes</strong></span> <span class='ocrx_word' id='word_1_483' title='bbox 1655 3429 1807 3468; x_wconf 89' lang='lat' dir='ltr'><strong>meas</strong></span> <span class='ocrx_word' id='word_1_484' title='bbox 1835 3415 2128 3484; x_wconf 85' lang='lat' dir='ltr'><strong>improbet.</strong></span> 
     </span>
    </p>
   </div>
   <div class='ocr_carea' id='block_1_68' title="bbox 545 3500 2130 3577">
    <p class='ocr_par' dir='ltr' id='par_1_68' title="bbox 545 3500 2130 3577">
     <span class='ocr_line' id='line_1_68' title="bbox 545 3500 2130 3577; baseline 0.004 -23"><span class='ocrx_word' id='word_1_485' title='bbox 545 3500 652 3554; x_wconf 83' lang='lat' dir='ltr'><strong>Sed</strong></span> <span class='ocrx_word' id='word_1_486' title='bbox 690 3509 841 3554; x_wconf 88' lang='lat' dir='ltr'><strong>certe</strong></span> <span class='ocrx_word' id='word_1_487' title='bbox 874 3517 982 3554; x_wconf 90' lang='lat' dir='ltr'><strong>non</strong></span> <span class='ocrx_word' id='word_1_488' title='bbox 1017 3503 1240 3571; x_wconf 85' lang='lat' dir='ltr'><strong>poterit.</strong></span> <span class='ocrx_word' id='word_1_489' title='bbox 1279 3501 1348 3556; x_wconf 88' lang='lat' dir='ltr'><strong>Et</strong></span> <span class='ocrx_word' id='word_1_490' title='bbox 1377 3504 1580 3558; x_wconf 86' lang='lat' dir='ltr'><strong>alicubi</strong></span> <span class='ocrx_word' id='word_1_491' title='bbox 1613 3505 1760 3559; x_wconf 91' lang='lat' dir='ltr'><strong>enim</strong></span> <span class='ocrx_word' id='word_1_492' title='bbox 1792 3506 1973 3577; x_wconf 90' lang='lat' dir='ltr'><strong>inquit</strong></span> <span class='ocrx_word' id='word_1_493' title='bbox 2003 3521 2130 3576; x_wconf 87' lang='lat' dir='ltr'><strong>pro-</strong></span> 
     </span>
    </p>
   </div>
   <div class='ocr_carea' id='block_1_69' title="bbox 541 3591 2128 3668">
    <p class='ocr_par' dir='ltr' id='par_1_69' title="bbox 541 3591 2128 3668">
     <span class='ocr_line' id='line_1_69' title="bbox 541 3591 2128 3668; baseline 0.005 -24"><span class='ocrx_word' id='word_1_494' title='bbox 541 3592 734 3659; x_wconf 71' lang='lat' dir='ltr'><strong>pheta.</strong></span> <span class='ocrx_word' id='word_1_495' title='bbox 763 3609 780 3642; x_wconf 79' lang='grc' dir='ltr'><strong>ι</strong></span> <span class='ocrx_word' id='word_1_496' title='bbox 811 3591 996 3648; x_wconf 84' lang='lat' dir='ltr'><strong>Videte</strong></span> <span class='ocrx_word' id='word_1_497' title='bbox 1033 3601 1092 3646; x_wconf 92' lang='lat' dir='ltr'><strong>ut</strong></span> <span class='ocrx_word' id='word_1_498' title='bbox 1122 3593 1310 3664; x_wconf 87' lang='lat' dir='ltr'><strong>justus</strong></span> <span class='ocrx_word' id='word_1_499' title='bbox 1342 3597 1522 3666; x_wconf 84' lang='lat' dir='ltr'><strong>periit,</strong></span> <span class='ocrx_word' id='word_1_500' title='bbox 1552 3613 1726 3667; x_wconf 88' lang='lat' dir='ltr'><strong>neque</strong></span> <span class='ocrx_word' id='word_1_501' title='bbox 1760 3597 1811 3652; x_wconf 87' lang='lat' dir='ltr'><strong>id</strong></span> <span class='ocrx_word' id='word_1_502' title='bbox 1839 3599 2128 3668; x_wconf 86' lang='lat' dir='ltr'><strong>quisquam</strong></span> 
     </span>
    </p>
   </div>
   <div class='ocr_carea' id='block_1_70' title="bbox 543 3681 2132 3756">
    <p class='ocr_par' dir='ltr' id='par_1_70' title="bbox 543 3681 2132 3756">
     <span class='ocr_line' id='line_1_70' title="bbox 543 3681 2132 3756; baseline 0.006 -22"><span class='ocrx_word' id='word_1_503' title='bbox 543 3681 709 3736; x_wconf 89' lang='lat' dir='ltr'><strong>corde</strong></span> <span class='ocrx_word' id='word_1_504' title='bbox 736 3683 1029 3754; x_wconf 76' lang='lat' dir='ltr'><strong>excipit”.</strong></span> <span class='ocrx_word' id='word_1_505' title='bbox 1064 3703 1085 3737; x_wconf 69' lang='grc' dir='ltr'><strong>ι</strong></span> <span class='ocrx_word' id='word_1_506' title='bbox 1118 3687 1272 3756; x_wconf 76' lang='lat' dir='ltr'><strong>Apud</strong></span> <span class='ocrx_word' id='word_1_507' title='bbox 1314 3688 1572 3743; x_wconf 87' lang='lat' dir='ltr'><strong>eumdem</strong></span> <span class='ocrx_word' id='word_1_508' title='bbox 1608 3701 1662 3744; x_wconf 90' lang='lat' dir='ltr'><strong>et</strong></span> <span class='ocrx_word' id='word_1_509' title='bbox 1690 3689 1910 3744; x_wconf 67' lang='lat' dir='ltr'><strong>Iudaeos</strong></span> <span class='ocrx_word' id='word_1_510' title='bbox 1947 3690 2020 3743; x_wconf 88' lang='lat' dir='ltr'><strong>ita</strong></span> <span class='ocrx_word' id='word_1_511' title='bbox 2059 3691 2132 3744; x_wconf 86' lang='lat' dir='ltr'><strong>lo-</strong></span> 
     </span>
    </p>
   </div>
   <div class='ocr_carea' id='block_1_71' title="bbox 543 3776 2130 3850">
    <p class='ocr_par' dir='ltr' id='par_1_71' title="bbox 543 3776 2130 3850">
     <span class='ocr_line' id='line_1_71' title="bbox 543 3776 2130 3850; baseline 0.005 -24"><span class='ocrx_word' id='word_1_512' title='bbox 543 3787 776 3842; x_wconf 86' lang='lat' dir='ltr'><strong>quentes</strong></span> <span class='ocrx_word' id='word_1_513' title='bbox 817 3777 1061 3846; x_wconf 85' lang='lat' dir='ltr'><strong>reperias</strong></span> <span class='ocrx_word' id='word_1_514' title='bbox 1097 3794 1110 3830; x_wconf 92' lang='lat'>:</span> <span class='ocrx_word' id='word_1_515' title='bbox 1141 3776 1403 3846; x_wconf 78' lang='lat' dir='ltr'><strong>Ligcmus</strong></span> <span class='ocrx_word' id='word_1_516' title='bbox 1445 3779 1683 3849; x_wconf 87' lang='lat' dir='ltr'><strong>justum,-</strong></span> <span class='ocrx_word' id='word_1_517' title='bbox 1731 3781 1860 3850; x_wconf 87' lang='lat' dir='ltr'><strong>quia</strong></span> <span class='ocrx_word' id='word_1_518' title='bbox 1919 3779 2130 3834; x_wconf 90' lang='lat' dir='ltr'><strong>inutilis</strong></span> 
     </span>
    </p>
   </div>
   <div class='ocr_carea' id='block_1_72' title="bbox 541 3865 2130 3942">
    <p class='ocr_par' dir='ltr' id='par_1_72' title="bbox 541 3865 2130 3942">
     <span class='ocr_line' id='line_1_72' title="bbox 541 3865 2130 3942; baseline 0.002 -22"><span class='ocrx_word' id='word_1_519' title='bbox 541 3877 624 3921; x_wconf 88' lang='lat' dir='ltr'><strong>est</strong></span> <span class='ocrx_word' id='word_1_520' title='bbox 647 3867 802 3922; x_wconf 83' lang='lat' dir='ltr'><strong>nobis</strong></span> <span class='ocrx_word' id='word_1_521' title='bbox 832 3868 900 3922; x_wconf 77' lang='lat'><strong>&quot;.</strong></span> <span class='ocrx_word' id='word_1_522' title='bbox 939 3886 960 3918; x_wconf 73' lang='grc' dir='ltr'><strong>ι</strong></span> <span class='ocrx_word' id='word_1_523' title='bbox 1000 3865 1112 3923; x_wconf 88' lang='lat' dir='ltr'><strong>Nec</strong></span> <span class='ocrx_word' id='word_1_524' title='bbox 1139 3869 1419 3924; x_wconf 89' lang='lat' dir='ltr'><strong>immerito</strong></span> <span class='ocrx_word' id='word_1_525' title='bbox 1445 3871 1656 3940; x_wconf 89' lang='lat' dir='ltr'><strong>justum</strong></span> <span class='ocrx_word' id='word_1_526' title='bbox 1689 3871 2007 3942; x_wconf 87' lang='lat' dir='ltr'><strong>appellavit,</strong></span> <span class='ocrx_word' id='word_1_527' title='bbox 2033 3870 2130 3940; x_wconf 91' lang='lat' dir='ltr'><strong>qui</strong></span> 
     </span>
    </p>
   </div>
   <div class='ocr_carea' id='block_1_73' title="bbox 426 3959 2130 4033">
    <p class='ocr_par' dir='ltr' id='par_1_73' title="bbox 426 3959 2130 4033">
     <span class='ocr_line' id='line_1_73' title="bbox 426 3959 2130 4033; baseline 0.004 -20"><span class='ocrx_word' id='word_1_528' title='bbox 426 3989 428 3991; x_wconf 52' lang='grc'>&gt;</span> <span class='ocrx_word' id='word_1_529' title='bbox 542 3967 828 4028; x_wconf 89' lang='lat' dir='ltr'><strong>peccatum</strong></span> <span class='ocrx_word' id='word_1_530' title='bbox 865 3975 970 4014; x_wconf 92' lang='lat' dir='ltr'><strong>non</strong></span> <span class='ocrx_word' id='word_1_531' title='bbox 995 3959 1241 4028; x_wconf 85' lang='lat' dir='ltr'><strong>admisit,</strong></span> <span class='ocrx_word' id='word_1_532' title='bbox 1273 3970 1328 4016; x_wconf 91' lang='lat' dir='ltr'><strong>et</strong></span> <span class='ocrx_word' id='word_1_533' title='bbox 1363 3963 1418 4016; x_wconf 90' lang='lat' dir='ltr'><strong>in</strong></span> <span class='ocrx_word' id='word_1_534' title='bbox 1443 3962 1600 4033; x_wconf 90' lang='lat' dir='ltr'><strong>cujus</strong></span> <span class='ocrx_word' id='word_1_535' title='bbox 1631 3978 1727 4018; x_wconf 90' lang='lat' dir='ltr'><strong>ore</strong></span> <span class='ocrx_word' id='word_1_536' title='bbox 1757 3963 1916 4018; x_wconf 87' lang='lat' dir='ltr'><strong>dolus</strong></span> <span class='ocrx_word' id='word_1_537' title='bbox 1943 3963 2130 4020; x_wconf 83' lang='lat' dir='ltr'><strong>nullus</strong></span> 
     </span>
    </p>
   </div>
   <div class='ocr_carea' id='block_1_74' title="bbox 543 4051 2185 4124">
    <p class='ocr_par' dir='ltr' id='par_1_74' title="bbox 543 4051 2185 4124">
     <span class='ocr_line' id='line_1_74' title="bbox 543 4051 2185 4124; baseline 0.001 -22"><span class='ocrx_word' id='word_1_538' title='bbox 543 4060 794 4118; x_wconf 86' lang='lat' dir='ltr'><strong>repertus</strong></span> <span class='ocrx_word' id='word_1_539' title='bbox 839 4062 926 4106; x_wconf 90' lang='lat' dir='ltr'><strong>est</strong></span> <span class='ocrx_word' id='word_1_540' title='bbox 951 4051 1020 4104; x_wconf 70' lang='grc'><strong>’⁸.</strong></span> <span class='ocrx_word' id='word_1_541' title='bbox 1047 4051 1208 4116; x_wconf 86' lang='lat' dir='ltr'><strong>Quod</strong></span> <span class='ocrx_word' id='word_1_542' title='bbox 1239 4060 1422 4106; x_wconf 89' lang='lat' dir='ltr'><strong>autem</strong></span> <span class='ocrx_word' id='word_1_543' title='bbox 1459 4055 1576 4123; x_wconf 78' lang='lat' dir='ltr'><strong>quis</strong></span> <span class='ocrx_word' id='word_1_544' title='bbox 1605 4070 1780 4108; x_wconf 81' lang='lat' dir='ltr'><strong>secum</strong></span> <span class='ocrx_word' id='word_1_545' title='bbox 1821 4055 2130 4124; x_wconf 67' lang='lat' dir='ltr'><strong>litigatum:</strong></span> <span class='ocrx_word' id='word_1_546' title='bbox 2180 4099 2185 4104; x_wconf 86' lang='lat'><strong>.</strong></span> 
     </span>
    </p>
   </div>
   <div class='ocr_carea' id='block_1_75' title="bbox 543 4141 2129 4216">
    <p class='ocr_par' dir='ltr' id='par_1_75' title="bbox 543 4141 2129 4216">
     <span class='ocr_line' id='line_1_75' title="bbox 543 4141 2129 4216; baseline 0.005 -22"><span class='ocrx_word' id='word_1_547' title='bbox 543 4144 646 4205; x_wconf 78' lang='lat' dir='ltr'><strong>sit,</strong></span> <span class='ocrx_word' id='word_1_548' title='bbox 711 4143 935 4213; x_wconf 67' lang='lat' dir='ltr'><strong>qurerit,</strong></span> <span class='ocrx_word' id='word_1_549' title='bbox 983 4141 1032 4198; x_wconf 91' lang='lat' dir='ltr'><strong>ei</strong></span> <span class='ocrx_word' id='word_1_550' title='bbox 1086 4143 1356 4198; x_wconf 85' lang='lat' dir='ltr'><strong>dissimile</strong></span> <span class='ocrx_word' id='word_1_551' title='bbox 1398 4159 1505 4198; x_wconf 90' lang='lat' dir='ltr'><strong>non</strong></span> <span class='ocrx_word' id='word_1_552' title='bbox 1571 4143 1774 4212; x_wconf 79' lang='lat' dir='ltr'><strong>fuerit,</strong></span> <span class='ocrx_word' id='word_1_553' title='bbox 1841 4161 1950 4215; x_wconf 93' lang='lat' dir='ltr'><strong>quo</strong></span> <span class='ocrx_word' id='word_1_554' title='bbox 2005 4147 2129 4216; x_wconf 79' lang='lat' dir='ltr'><strong>quis</strong></span> 
     </span>
    </p>
   </div>
   <div class='ocr_carea' id='block_1_76' title="bbox 545 4233 2132 4306">
    <p class='ocr_par' dir='ltr' id='par_1_76' title="bbox 545 4233 2132 4306">
     <span class='ocr_line' id='line_1_76' title="bbox 545 4233 2132 4306; baseline 0.003 -19"><span class='ocrx_word' id='word_1_555' title='bbox 545 4247 606 4288; x_wconf 84' lang='lat' dir='ltr'><strong>se</strong></span> <span class='ocrx_word' id='word_1_556' title='bbox 667 4233 734 4288; x_wconf 90' lang='lat' dir='ltr'><strong>de</strong></span> <span class='ocrx_word' id='word_1_557' title='bbox 799 4243 1024 4303; x_wconf 84' lang='lat' dir='ltr'><strong>peccato</strong></span> <span class='ocrx_word' id='word_1_558' title='bbox 1076 4243 1226 4288; x_wconf 87' lang='lat' dir='ltr'><strong>esset</strong></span> <span class='ocrx_word' id='word_1_559' title='bbox 1289 4236 1608 4306; x_wconf 77' lang='lat' dir='ltr'><strong>arguiturus</strong></span> <span class='ocrx_word' id='word_1_560' title='bbox 1679 4238 1996 4306; x_wconf 88' lang='lat' dir='ltr'><strong>postulavit.</strong></span> <span class='ocrx_word' id='word_1_561' title='bbox 2069 4237 2132 4292; x_wconf 84' lang='lat' dir='ltr'><strong>In</strong></span> 
     </span>
    </p>
   </div>
   <div class='ocr_carea' id='block_1_77' title="bbox 544 4325 2130 4395">
    <p class='ocr_par' dir='ltr' id='par_1_77' title="bbox 544 4325 2130 4395">
     <span class='ocr_line' id='line_1_77' title="bbox 544 4325 2130 4395; baseline 0.003 -17"><span class='ocrx_word' id='word_1_562' title='bbox 544 4325 802 4380; x_wconf 85' lang='lat' dir='ltr'><strong>omnibus</strong></span> <span class='ocrx_word' id='word_1_563' title='bbox 869 4325 1015 4380; x_wconf 87' lang='lat' dir='ltr'><strong>enim</strong></span> <span class='ocrx_word' id='word_1_564' title='bbox 1082 4325 1224 4378; x_wconf 88' lang='lat' dir='ltr'><strong>idem</strong></span> <span class='ocrx_word' id='word_1_565' title='bbox 1291 4326 1448 4394; x_wconf 84' lang='lat' dir='ltr'><strong>plane</strong></span> <span class='ocrx_word' id='word_1_566' title='bbox 1519 4327 1810 4383; x_wconf 86' lang='lat' dir='ltr'><strong>nobiscum</strong></span> <span class='ocrx_word' id='word_1_567' title='bbox 1883 4327 2022 4395; x_wconf 83' lang='lat' dir='ltr'><strong>fuit,</strong></span> <span class='ocrx_word' id='word_1_568' title='bbox 2083 4329 2130 4385; x_wconf 90' lang='lat' dir='ltr'><strong>si</strong></span> 
     </span>
    </p>
   </div>
   <div class='ocr_carea' id='block_1_78' title="bbox 545 4414 1722 4486">
    <p class='ocr_par' dir='ltr' id='par_1_78' title="bbox 545 4414 1722 4486">
     <span class='ocr_line' id='line_1_78' title="bbox 545 4414 1722 4486; baseline 0.003 -17"><span class='ocrx_word' id='word_1_569' title='bbox 545 4425 828 4485; x_wconf 86' lang='lat' dir='ltr'><strong>peccatqu</strong></span> <span class='ocrx_word' id='word_1_570' title='bbox 907 4415 1170 4486; x_wconf 79' lang='lat' dir='ltr'><strong>excipias.</strong></span> <span class='ocrx_word' id='word_1_571' title='bbox 1241 4414 1430 4486; x_wconf 82' lang='lat' dir='ltr'><strong>Itaque</strong></span> <span class='ocrx_word' id='word_1_572' title='bbox 1505 4417 1722 4473; x_wconf 90' lang='lat' dir='ltr'><strong>dicebat</strong></span> 
     </span>
    </p>
   </div>
   <div class='ocr_carea' id='block_1_79' title="bbox 547 4505 2131 4582">
    <p class='ocr_par' dir='ltr' id='par_1_79' title="bbox 547 4505 2131 4582">
     <span class='ocr_line' id='line_1_79' title="bbox 547 4505 2131 4582; baseline 0.007 -24"><span class='ocrx_word' id='word_1_573' title='bbox 547 4506 806 4576; x_wconf 88' lang='lat' dir='ltr'><strong>princeps</strong></span> <span class='ocrx_word' id='word_1_574' title='bbox 846 4507 1034 4560; x_wconf 90' lang='lat' dir='ltr'><strong>mundi</strong></span> <span class='ocrx_word' id='word_1_575' title='bbox 1061 4505 1238 4575; x_wconf 84' lang='lat' dir='ltr'><strong>hujus,</strong></span> <span class='ocrx_word' id='word_1_576' title='bbox 1273 4517 1328 4562; x_wconf 91' lang='lat' dir='ltr'><strong>et</strong></span> <span class='ocrx_word' id='word_1_577' title='bbox 1358 4509 1412 4562; x_wconf 87' lang='lat' dir='ltr'><strong>in</strong></span> <span class='ocrx_word' id='word_1_578' title='bbox 1447 4525 1532 4564; x_wconf 91' lang='lat' dir='ltr'><strong>me</strong></span> <span class='ocrx_word' id='word_1_579' title='bbox 1570 4524 1679 4565; x_wconf 90' lang='lat' dir='ltr'><strong>non</strong></span> <span class='ocrx_word' id='word_1_580' title='bbox 1705 4511 1944 4568; x_wconf 88' lang='lat' dir='ltr'><strong>inveniet</strong></span> <span class='ocrx_word' id='word_1_581' title='bbox 1970 4514 2131 4582; x_wconf 88' lang='lat' dir='ltr'><strong>quid-</strong></span> 
     </span>
    </p>
   </div>
   <div class='ocr_carea' id='block_1_80' title="bbox 545 4597 2129 4672">
    <p class='ocr_par' dir='ltr' id='par_1_80' title="bbox 545 4597 2129 4672">
     <span class='ocr_line' id='line_1_80' title="bbox 545 4597 2129 4672; baseline 0.006 -23"><span class='ocrx_word' id='word_1_582' title='bbox 545 4612 711 4667; x_wconf 89' lang='lat' dir='ltr'><strong>quam</strong></span> <span class='ocrx_word' id='word_1_583' title='bbox 742 4597 809 4652; x_wconf 82' lang='lat'><strong>”.</strong></span> <span class='ocrx_word' id='word_1_584' title='bbox 846 4616 864 4648; x_wconf 76' lang='grc' dir='ltr'><strong>ι</strong></span> <span class='ocrx_word' id='word_1_585' title='bbox 900 4598 997 4652; x_wconf 86' lang='lat' dir='ltr'><strong>Est</strong></span> <span class='ocrx_word' id='word_1_586' title='bbox 1029 4614 1162 4653; x_wconf 85' lang='lat' dir='ltr'><strong>vero</strong></span> <span class='ocrx_word' id='word_1_587' title='bbox 1191 4599 1326 4654; x_wconf 90' lang='lat' dir='ltr'><strong>illud</strong></span> <span class='ocrx_word' id='word_1_588' title='bbox 1360 4619 1372 4654; x_wconf 93' lang='lat'>:</span> <span class='ocrx_word' id='word_1_589' title='bbox 1406 4601 1543 4668; x_wconf 76' lang='lat' dir='ltr'><strong>Quis</strong></span> <span class='ocrx_word' id='word_1_590' title='bbox 1571 4612 1671 4666; x_wconf 82' lang='lat' dir='ltr'><strong>est,</strong></span> <span class='ocrx_word' id='word_1_591' title='bbox 1703 4605 1792 4672; x_wconf 82' lang='lat' dir='ltr'><strong>qui</strong></span> <span class='ocrx_word' id='word_1_592' title='bbox 1827 4605 1995 4672; x_wconf 84' lang='lat' dir='ltr'><strong>litiget</strong></span> <span class='ocrx_word' id='word_1_593' title='bbox 2017 4621 2129 4659; x_wconf 86' lang='lat' dir='ltr'><strong>me-</strong></span> 
     </span>
    </p>
   </div>
   <div class='ocr_carea' id='block_1_81' title="bbox 545 4688 2130 4765">
    <p class='ocr_par' dir='ltr' id='par_1_81' title="bbox 545 4688 2130 4765">
     <span class='ocr_line' id='line_1_81' title="bbox 545 4688 2130 4765; baseline 0.008 -25"><span class='ocrx_word' id='word_1_594' title='bbox 545 4689 711 4743; x_wconf 80' lang='lat' dir='ltr'><strong>cum?</strong></span> <span class='ocrx_word' id='word_1_595' title='bbox 745 4688 972 4757; x_wconf 78' lang='lat' dir='ltr'><strong>perfecti</strong></span> <span class='ocrx_word' id='word_1_596' title='bbox 1010 4699 1064 4744; x_wconf 89' lang='lat' dir='ltr'><strong>et</strong></span> <span class='ocrx_word' id='word_1_597' title='bbox 1102 4690 1366 4760; x_wconf 78' lang='lat' dir='ltr'><strong>inculpati</strong></span> <span class='ocrx_word' id='word_1_598' title='bbox 1415 4694 1516 4748; x_wconf 76' lang='lat' dir='ltr'><strong>viri</strong></span> <span class='ocrx_word' id='word_1_599' title='bbox 1559 4696 1774 4764; x_wconf 82' lang='lat' dir='ltr'><strong>signum</strong></span> <span class='ocrx_word' id='word_1_600' title='bbox 1806 4713 1820 4762; x_wconf 92' lang='lat'><strong>;</strong></span> <span class='ocrx_word' id='word_1_601' title='bbox 1861 4711 2024 4765; x_wconf 91' lang='lat' dir='ltr'><strong>quem</strong></span> <span class='ocrx_word' id='word_1_602' title='bbox 2056 4699 2130 4752; x_wconf 86' lang='lat' dir='ltr'><strong>ita</strong></span> 
     </span>
    </p>
   </div>
   <div class='ocr_carea' id='block_1_82' title="bbox 549 4777 2128 4854">
    <p class='ocr_par' dir='ltr' id='par_1_82' title="bbox 549 4777 2128 4854">
     <span class='ocr_line' id='line_1_82' title="bbox 549 4777 2128 4854; baseline 0.009 -24"><span class='ocrx_word' id='word_1_603' title='bbox 549 4777 684 4831; x_wconf 80' lang='lat' dir='ltr'><strong>nihil</strong></span> <span class='ocrx_word' id='word_1_604' title='bbox 713 4788 915 4845; x_wconf 78' lang='lat' dir='ltr'><strong>movet,</strong></span> <span class='ocrx_word' id='word_1_605' title='bbox 969 4781 1110 4850; x_wconf 88' lang='lat' dir='ltr'><strong>apud</strong></span> <span class='ocrx_word' id='word_1_606' title='bbox 1147 4781 1399 4839; x_wconf 88' lang='lat' dir='ltr'><strong>homines</strong></span> <span class='ocrx_word' id='word_1_607' title='bbox 1439 4784 1736 4854; x_wconf 86' lang='lat' dir='ltr'><strong>judicium,</strong></span> <span class='ocrx_word' id='word_1_608' title='bbox 1785 4796 1848 4840; x_wconf 84' lang='lat' dir='ltr'><strong>ut</strong></span> <span class='ocrx_word' id='word_1_609' title='bbox 1893 4788 1962 4842; x_wconf 87' lang='lat' dir='ltr'><strong>ab</strong></span> <span class='ocrx_word' id='word_1_610' title='bbox 2010 4789 2128 4846; x_wconf 85' lang='lat' dir='ltr'><strong>istis</strong></span> 
     </span>
    </p>
   </div>
   <div class='ocr_carea' id='block_1_83' title="bbox 546 4869 2128 4943">
    <p class='ocr_par' dir='ltr' id='par_1_83' title="bbox 546 4869 2128 4943">
     <span class='ocr_line' id='line_1_83' title="bbox 546 4869 2128 4943; baseline 0.008 -21"><span class='ocrx_word' id='word_1_611' title='bbox 546 4869 710 4923; x_wconf 87' lang='lat' dir='ltr'><strong>etiam</strong></span> <span class='ocrx_word' id='word_1_612' title='bbox 742 4871 1138 4930; x_wconf 79' lang='lat' dir='ltr'><strong>condemnatus</strong></span> <span class='ocrx_word' id='word_1_613' title='bbox 1182 4883 1394 4943; x_wconf 86' lang='lat' dir='ltr'><strong>taceat;</strong></span> <span class='ocrx_word' id='word_1_614' title='bbox 1437 4877 2013 4934; x_wconf 66' lang='lat' dir='ltr'><strong>adversarios&#39;autcm</strong></span> <span class='ocrx_word' id='word_1_615' title='bbox 2061 4880 2128 4935; x_wconf 88' lang='lat' dir='ltr'><strong>ad</strong></span> 
     </span>
    </p>
   </div>
   <div class='ocr_carea' id='block_1_84' title="bbox 546 4963 2130 5044">
    <p class='ocr_par' dir='ltr' id='par_1_84' title="bbox 546 4963 2130 5044">
     <span class='ocr_line' id='line_1_84' title="bbox 546 4963 2130 5044; baseline 0.007 -26"><span class='ocrx_word' id='word_1_616' title='bbox 546 4964 704 5029; x_wconf 88' lang='lat' dir='ltr'><strong>illud,</strong></span> <span class='ocrx_word' id='word_1_617' title='bbox 737 4965 883 5031; x_wconf 76' lang='lat' dir='ltr'><strong>quod</strong></span> <span class='ocrx_word' id='word_1_618' title='bbox 935 4967 1076 5036; x_wconf 85' lang='lat' dir='ltr'><strong>apud</strong></span> <span class='ocrx_word' id='word_1_619' title='bbox 1115 4963 1285 5022; x_wconf 79' lang='lat' dir='ltr'><strong>Deum</strong></span> <span class='ocrx_word' id='word_1_620' title='bbox 1335 4968 1536 5038; x_wconf 75' lang='lat' dir='ltr'><strong>agitur,</strong></span> <span class='ocrx_word' id='word_1_621' title='bbox 1567 4979 1744 5025; x_wconf 89' lang='lat' dir='ltr'><strong>vocet.</strong></span> <span class='ocrx_word' id='word_1_622' title='bbox 1791 4971 1860 5025; x_wconf 83' lang='lat' dir='ltr'><strong>At</strong></span> <span class='ocrx_word' id='word_1_623' title='bbox 1893 4989 1955 5028; x_wconf 91' lang='lat' dir='ltr'><strong>eo</strong></span> <span class='ocrx_word' id='word_1_624' title='bbox 1986 4975 2130 5044; x_wconf 83' lang='lat' dir='ltr'><strong>ipso,</strong></span> 
     </span>
    </p>
   </div>
   <div class='ocr_carea' id='block_1_85' title="bbox 549 5055 2127 5130">
    <p class='ocr_par' dir='ltr' id='par_1_85' title="bbox 549 5055 2127 5130">
     <span class='ocr_line' id='line_1_85' title="bbox 549 5055 2127 5130; baseline 0.007 -21"><span class='ocrx_word' id='word_1_625' title='bbox 549 5055 693 5126; x_wconf 84' lang='lat' dir='ltr'><strong>quod</strong></span> <span class='ocrx_word' id='word_1_626' title='bbox 724 5057 841 5126; x_wconf 76' lang='lat' dir='ltr'><strong>quis</strong></span> <span class='ocrx_word' id='word_1_627' title='bbox 875 5074 928 5112; x_wconf 83' lang='lat' dir='ltr'><strong>se</strong></span> <span class='ocrx_word' id='word_1_628' title='bbox 953 5058 1178 5113; x_wconf 76' lang='lat' dir='ltr'><strong>lwsurus</strong></span> <span class='ocrx_word' id='word_1_629' title='bbox 1205 5062 1296 5125; x_wconf 78' lang='lat' dir='ltr'><strong>sit,</strong></span> <span class='ocrx_word' id='word_1_630' title='bbox 1343 5063 1563 5130; x_wconf 63' lang='lat' dir='ltr'><strong>quierit,</strong></span> <span class='ocrx_word' id='word_1_631' title='bbox 1596 5063 1718 5118; x_wconf 68' lang='lat' dir='ltr'><strong>vita:</strong></span> <span class='ocrx_word' id='word_1_632' title='bbox 1754 5081 1812 5120; x_wconf 88' lang='lat' dir='ltr'><strong>se</strong></span> <span class='ocrx_word' id='word_1_633' title='bbox 1841 5082 1968 5122; x_wconf 89' lang='lat' dir='ltr'><strong>esse</strong></span> <span class='ocrx_word' id='word_1_634' title='bbox 2017 5081 2127 5120; x_wconf 92' lang='lat' dir='ltr'><strong>au-</strong></span> 
     </span>
    </p>
   </div>
   <div class='ocr_carea' id='block_1_86' title="bbox 548 5149 2126 5222">
    <p class='ocr_par' dir='ltr' id='par_1_86' title="bbox 548 5149 2126 5222">
     <span class='ocr_line' id='line_1_86' title="bbox 548 5149 2126 5222; baseline 0.006 -18"><span class='ocrx_word' id='word_1_635' title='bbox 548 5161 760 5204; x_wconf 85' lang='lat' dir='ltr'><strong>ctorem</strong></span> <span class='ocrx_word' id='word_1_636' title='bbox 779 5149 1146 5216; x_wconf 74' lang='lat' dir='ltr'><strong>demonstrat,</strong></span> <span class='ocrx_word' id='word_1_637' title='bbox 1169 5169 1652 5222; x_wconf 83' lang='lat' dir='ltr'><strong>vanasqueeorum</strong></span> <span class='ocrx_word' id='word_1_638' title='bbox 1679 5156 1849 5213; x_wconf 80' lang='lat' dir='ltr'><strong>fuisse</strong></span> <span class='ocrx_word' id='word_1_639' title='bbox 1871 5158 2126 5222; x_wconf 86' lang='lat' dir='ltr'><strong>insidias,</strong></span> 
     </span>
    </p>
   </div>
   <div class='ocr_carea' id='block_1_87' title="bbox 547 5240 2125 5316">
    <p class='ocr_par' dir='ltr' id='par_1_87' title="bbox 547 5240 2125 5316">
     <span class='ocr_line' id='line_1_87' title="bbox 547 5240 2125 5316; baseline 0.006 -22"><span class='ocrx_word' id='word_1_640' title='bbox 547 5241 665 5310; x_wconf 88' lang='lat' dir='ltr'><strong>qui,</strong></span> <span class='ocrx_word' id='word_1_641' title='bbox 698 5248 756 5294; x_wconf 92' lang='lat' dir='ltr'><strong>ut</strong></span> <span class='ocrx_word' id='word_1_642' title='bbox 782 5251 862 5296; x_wconf 89' lang='lat' dir='ltr'><strong>est</strong></span> <span class='ocrx_word' id='word_1_643' title='bbox 893 5241 946 5294; x_wconf 92' lang='lat' dir='ltr'><strong>in</strong></span> <span class='ocrx_word' id='word_1_644' title='bbox 977 5240 1214 5297; x_wconf 76' lang='lat' dir='ltr'><strong>Psalmis</strong></span> <span class='ocrx_word' id='word_1_645' title='bbox 1245 5260 1257 5298; x_wconf 91' lang='lat'><strong>:</strong></span> <span class='ocrx_word' id='word_1_646' title='bbox 1297 5261 1316 5295; x_wconf 78' lang='grc' dir='ltr'><strong>ι</strong></span> <span class='ocrx_word' id='word_1_647' title='bbox 1351 5244 1596 5300; x_wconf 86' lang='lat' dir='ltr'><strong>lnicrunt</strong></span> <span class='ocrx_word' id='word_1_648' title='bbox 1627 5249 1944 5310; x_wconf 85' lang='lat' dir='ltr'><strong>consilium,</strong></span> <span class='ocrx_word' id='word_1_649' title='bbox 1978 5249 2125 5316; x_wconf 86' lang='lat' dir='ltr'><strong>quod</strong></span> 
     </span>
    </p>
   </div>
   <div class='ocr_carea' id='block_1_88' title="bbox 550 5331 2123 5406">
    <p class='ocr_par' dir='ltr' id='par_1_88' title="bbox 550 5331 2123 5406">
     <span class='ocr_line' id='line_1_88' title="bbox 550 5331 2123 5406; baseline 0.005 -20"><span class='ocrx_word' id='word_1_650' title='bbox 550 5331 799 5388; x_wconf 85' lang='lat' dir='ltr'><strong>stabilire</strong></span> <span class='ocrx_word' id='word_1_651' title='bbox 852 5348 961 5386; x_wconf 86' lang='lat' dir='ltr'><strong>non</strong></span> <span class='ocrx_word' id='word_1_652' title='bbox 1013 5341 1270 5404; x_wconf 86' lang='lat' dir='ltr'><strong>poterunt</strong></span> <span class='ocrx_word' id='word_1_653' title='bbox 1302 5335 1368 5390; x_wconf 72' lang='lat'><strong>&quot;.</strong></span> <span class='ocrx_word' id='word_1_654' title='bbox 1414 5355 1432 5387; x_wconf 72' lang='grc' dir='ltr'><strong>ι</strong></span> <span class='ocrx_word' id='word_1_655' title='bbox 1473 5337 1576 5403; x_wconf 87' lang='lat' dir='ltr'><strong>Qui</strong></span> <span class='ocrx_word' id='word_1_656' title='bbox 1625 5338 1794 5406; x_wconf 88' lang='lat' dir='ltr'><strong>enim,</strong></span> <span class='ocrx_word' id='word_1_657' title='bbox 1842 5341 1950 5394; x_wconf 86' lang='lat' dir='ltr'><strong>vita</strong></span> <span class='ocrx_word' id='word_1_658' title='bbox 1998 5355 2123 5394; x_wconf 89' lang='lat' dir='ltr'><strong>cum</strong></span> 
     </span>
    </p>
   </div>
   <div class='ocr_carea' id='block_1_89' title="bbox 651 5439 1676 5513">
    <p class='ocr_par' dir='ltr' id='par_1_89' title="bbox 651 5439 1676 5513">
     <span class='ocr_line' id='line_1_89' title="bbox 651 5439 1676 5513; baseline 0.012 -19"><span class='ocrx_word' id='word_1_659' title='bbox 651 5439 698 5513; x_wconf 76' lang='lat'><strong>_&quot;</strong></span> <span class='ocrx_word' id='word_1_660' title='bbox 720 5443 827 5497; x_wconf 81' lang='lat' dir='ltr'><strong>lsa.</strong></span> <span class='ocrx_word' id='word_1_661' title='bbox 861 5459 980 5505; x_wconf 78' lang='lat' dir='ltr'><strong>Lm,</strong></span> <span class='ocrx_word' id='word_1_662' title='bbox 1002 5444 1056 5500; x_wconf 91' lang='lat'><strong>9.</strong></span> <span class='ocrx_word' id='word_1_663' title='bbox 1131 5444 1178 5478; x_wconf 83' lang='grc'><strong>⁸⁹</strong></span> <span class='ocrx_word' id='word_1_664' title='bbox 1207 5445 1394 5504; x_wconf 80' lang='lat' dir='ltr'><strong>Matth.</strong></span> <span class='ocrx_word' id='word_1_665' title='bbox 1447 5465 1556 5513; x_wconf 71' lang='lat' dir='ltr'><strong>XXI,</strong></span> <span class='ocrx_word' id='word_1_666' title='bbox 1587 5449 1676 5506; x_wconf 80' lang='lat'><strong>58.</strong></span> 
     </span>
    </p>
   </div>
   <div class='ocr_carea' id='block_1_90' title="bbox 553 5508 1613 5585">
    <p class='ocr_par' dir='ltr' id='par_1_90' title="bbox 553 5508 1613 5585">
     <span class='ocr_line' id='line_1_90' title="bbox 553 5508 1613 5585; baseline 0.009 -22"><span class='ocrx_word' id='word_1_667' title='bbox 553 5508 598 5541; x_wconf 67' lang='grc'>’³</span> <span class='ocrx_word' id='word_1_668' title='bbox 628 5509 787 5565; x_wconf 74' lang='lat' dir='ltr'><strong>Joau.</strong></span> <span class='ocrx_word' id='word_1_669' title='bbox 812 5529 921 5578; x_wconf 77' lang='lat' dir='ltr'><strong>xw,</strong></span> <span class='ocrx_word' id='word_1_670' title='bbox 959 5515 1050 5567; x_wconf 80' lang='lat'><strong>50.</strong></span> <span class='ocrx_word' id='word_1_671' title='bbox 1128 5515 1174 5548; x_wconf 79' lang='grc'><strong>’⁵⁸</strong></span> <span class='ocrx_word' id='word_1_672' title='bbox 1202 5517 1350 5571; x_wconf 82' lang='lat' dir='ltr'><strong>Psal.</strong></span> <span class='ocrx_word' id='word_1_673' title='bbox 1399 5535 1490 5585; x_wconf 76' lang='lat' dir='ltr'><strong>xx,</strong></span> <span class='ocrx_word' id='word_1_674' title='bbox 1530 5508 1613 5573; x_wconf 62' lang='grc' dir='ltr'>Η.</span> 
     </span>
    </p>
   </div>
   <div class='ocr_carea' id='block_1_91' title="bbox 2237 3142 2482 3199">
    <p class='ocr_par' dir='ltr' id='par_1_91' title="bbox 2237 3142 2482 3199">
     <span class='ocr_line' id='line_1_91' title="bbox 2237 3142 2482 3199; baseline -0.012 0"><span class='ocrx_word' id='word_1_675' title='bbox 2237 3142 2420 3199; x_wconf 83' lang='grc' dir='ltr'>αὐτόν.</span> <span class='ocrx_word' id='word_1_676' title='bbox 2463 3165 2482 3196; x_wconf 75' lang='grc' dir='ltr'><strong>ι</strong></span> 
     </span>
    </p>
   </div>
   <div class='ocr_carea' id='block_1_92' title="bbox 2310 3315 3808 3388">
    <p class='ocr_par' dir='ltr' id='par_1_92' title="bbox 2310 3315 3808 3388">
     <span class='ocr_line' id='line_1_92' title="bbox 2310 3315 3808 3388; baseline -0.003 -15"><span class='ocrx_word' id='word_1_677' title='bbox 2310 3320 2444 3373; x_wconf 83' lang='grc' dir='ltr'>Είδὲ</span> <span class='ocrx_word' id='word_1_678' title='bbox 2465 3315 2676 3388; x_wconf 81' lang='grc' dir='ltr'>νομίζει</span> <span class='ocrx_word' id='word_1_679' title='bbox 2704 3335 2786 3380; x_wconf 87' lang='grc' dir='ltr'><strong>τις</strong></span> <span class='ocrx_word' id='word_1_680' title='bbox 2815 3317 3040 3380; x_wconf 84' lang='grc' dir='ltr'>δικαίως</span> <span class='ocrx_word' id='word_1_681' title='bbox 3074 3333 3142 3388; x_wconf 82' lang='grc' dir='ltr'><strong>με</strong></span> <span class='ocrx_word' id='word_1_682' title='bbox 3168 3316 3514 3382; x_wconf 78' lang='grc' dir='ltr'>πεπονθέναι,</span> <span class='ocrx_word' id='word_1_683' title='bbox 3544 3315 3808 3384; x_wconf 71' lang='grc' dir='ltr'>παρέστω</span> 
     </span>
    </p>
   </div>
   <div class='ocr_carea' id='block_1_93' title="bbox 2239 3386 3808 3480">
    <p class='ocr_par' dir='ltr' id='par_1_93' title="bbox 2239 3386 3808 3480">
     <span class='ocr_line' id='line_1_93' title="bbox 2239 3386 3808 3480; baseline -0.003 -17"><span class='ocrx_word' id='word_1_684' title='bbox 2239 3410 2375 3480; x_wconf 82' lang='grc' dir='ltr'>πρὸς</span> <span class='ocrx_word' id='word_1_685' title='bbox 2406 3386 2646 3478; x_wconf 53' lang='grc' dir='ltr'>ἔλεγχον.</span> <span class='ocrx_word' id='word_1_686' title='bbox 2687 3407 2828 3462; x_wconf 82' lang='grc' dir='ltr'>Ἀλλ’</span> <span class='ocrx_word' id='word_1_687' title='bbox 2859 3409 2922 3461; x_wconf 83' lang='grc' dir='ltr'>οὐ</span> <span class='ocrx_word' id='word_1_688' title='bbox 2967 3386 3274 3476; x_wconf 72' lang='grc' dir='ltr'>δυνήσεται.</span> <span class='ocrx_word' id='word_1_689' title='bbox 3309 3406 3417 3459; x_wconf 74' lang='grc' dir='ltr'><strong>Καὶ</strong></span> <span class='ocrx_word' id='word_1_690' title='bbox 3439 3405 3678 3476; x_wconf 78' lang='grc' dir='ltr'>ἀλλαχοῦ</span> <span class='ocrx_word' id='word_1_691' title='bbox 3713 3405 3808 3476; x_wconf 74' lang='grc' dir='ltr'>γὰρ</span> 
     </span>
    </p>
   </div>
   <div class='ocr_carea' id='block_1_94' title="bbox 2236 3499 3808 3576">
    <p class='ocr_par' dir='ltr' id='par_1_94' title="bbox 2236 3499 3808 3576">
     <span class='ocr_line' id='line_1_94' title="bbox 2236 3499 3808 3576; baseline -0.005 -16"><span class='ocrx_word' id='word_1_692' title='bbox 2236 3509 2265 3560; x_wconf 86' lang='grc' dir='ltr'>ὁ</span> <span class='ocrx_word' id='word_1_693' title='bbox 2289 3506 2577 3576; x_wconf 79' lang='grc' dir='ltr'>προφήτης</span> <span class='ocrx_word' id='word_1_694' title='bbox 2603 3502 2788 3573; x_wconf 84' lang='grc' dir='ltr'>φησίν·</span> <span class='ocrx_word' id='word_1_695' title='bbox 2833 3521 2851 3554; x_wconf 78' lang='grc' dir='ltr'><strong>ι</strong></span> <span class='ocrx_word' id='word_1_696' title='bbox 2883 3504 3052 3556; x_wconf 85' lang='grc' dir='ltr'>Ἴδετε</span> <span class='ocrx_word' id='word_1_697' title='bbox 3082 3503 3156 3566; x_wconf 85' lang='grc' dir='ltr'>ὡς</span> <span class='ocrx_word' id='word_1_698' title='bbox 3178 3501 3390 3564; x_wconf 84' lang='grc' dir='ltr'>δίκαιος</span> <span class='ocrx_word' id='word_1_699' title='bbox 3419 3499 3696 3564; x_wconf 80' lang='grc' dir='ltr'>ἀπώλετο,</span> <span class='ocrx_word' id='word_1_700' title='bbox 3727 3500 3808 3554; x_wconf 83' lang='grc' dir='ltr'>καὶ</span> 
     </span>
    </p>
   </div>
   <div class='ocr_carea' id='block_1_95' title="bbox 2237 3588 3808 3668">
    <p class='ocr_par' dir='ltr' id='par_1_95' title="bbox 2237 3588 3808 3668">
     <span class='ocr_line' id='line_1_95' title="bbox 2237 3588 3808 3668; baseline -0.006 -17"><span class='ocrx_word' id='word_1_701' title='bbox 2237 3599 2411 3662; x_wconf 71' lang='grc' dir='ltr'>οὐδεὶς</span> <span class='ocrx_word' id='word_1_702' title='bbox 2445 3597 2814 3668; x_wconf 79' lang='grc' dir='ltr'>ἐκδέχεταιτῇ</span> <span class='ocrx_word' id='word_1_703' title='bbox 2865 3595 3086 3666; x_wconf 64' lang='grc' dir='ltr'>καρδία.</span> <span class='ocrx_word' id='word_1_704' title='bbox 3130 3613 3150 3646; x_wconf 75' lang='grc' dir='ltr'><strong>ι</strong></span> <span class='ocrx_word' id='word_1_705' title='bbox 3194 3588 3404 3665; x_wconf 79' lang='grc' dir='ltr'>Παρ’ᾧ</span> <span class='ocrx_word' id='word_1_706' title='bbox 3430 3593 3532 3648; x_wconf 76' lang='grc' dir='ltr'>καὶ</span> <span class='ocrx_word' id='word_1_707' title='bbox 3578 3591 3808 3647; x_wconf 78' lang='grc' dir='ltr'>Ἰουδαῖοί</span> 
     </span>
    </p>
   </div>
   <div class='ocr_carea' id='block_1_96' title="bbox 2238 3679 3807 3760">
    <p class='ocr_par' dir='ltr' id='par_1_96' title="bbox 2238 3679 3807 3760">
     <span class='ocr_line' id='line_1_96' title="bbox 2238 3679 3807 3760; baseline -0.005 -16"><span class='ocrx_word' id='word_1_708' title='bbox 2238 3707 2403 3760; x_wconf 79' lang='grc' dir='ltr'>φασι·</span> <span class='ocrx_word' id='word_1_709' title='bbox 2445 3709 2465 3740; x_wconf 78' lang='grc' dir='ltr'><strong>ι</strong></span> <span class='ocrx_word' id='word_1_710' title='bbox 2491 3689 2756 3760; x_wconf 84' lang='grc' dir='ltr'>Δήσωμεν</span> <span class='ocrx_word' id='word_1_711' title='bbox 2780 3679 2872 3740; x_wconf 82' lang='grc' dir='ltr'><strong>τδν</strong></span> <span class='ocrx_word' id='word_1_712' title='bbox 2905 3687 3136 3748; x_wconf 80' lang='grc' dir='ltr'>δίκαιον,</span> <span class='ocrx_word' id='word_1_713' title='bbox 3188 3685 3270 3739; x_wconf 80' lang='grc' dir='ltr'>ὅτι</span> <span class='ocrx_word' id='word_1_714' title='bbox 3319 3685 3664 3756; x_wconf 75' lang='grc' dir='ltr'>δύσχρηστος</span> <span class='ocrx_word' id='word_1_715' title='bbox 3690 3685 3807 3754; x_wconf 75' lang='grc' dir='ltr'>ἡμῖν</span> 
     </span>
    </p>
   </div>
   <div class='ocr_carea' id='block_1_97' title="bbox 2237 3775 3807 3848">
    <p class='ocr_par' dir='ltr' id='par_1_97' title="bbox 2237 3775 3807 3848">
     <span class='ocr_line' id='line_1_97' title="bbox 2237 3775 3807 3848; baseline -0.003 -16"><span class='ocrx_word' id='word_1_716' title='bbox 2237 3780 2407 3832; x_wconf 76' lang='grc' dir='ltr'>ἐστιν.</span> <span class='ocrx_word' id='word_1_717' title='bbox 2466 3795 2485 3828; x_wconf 71' lang='grc' dir='ltr'><strong>ι</strong></span> <span class='ocrx_word' id='word_1_718' title='bbox 2517 3777 2756 3840; x_wconf 76' lang='grc' dir='ltr'>Εἰκότως</span> <span class='ocrx_word' id='word_1_719' title='bbox 2779 3777 3007 3842; x_wconf 84' lang='grc' dir='ltr'>δίκαιον,</span> <span class='ocrx_word' id='word_1_720' title='bbox 3049 3794 3068 3828; x_wconf 78' lang='lat' dir='ltr'><strong>t</strong></span> <span class='ocrx_word' id='word_1_721' title='bbox 3108 3775 3182 3830; x_wconf 82' lang='grc' dir='ltr'><strong>Οὐ</strong></span> <span class='ocrx_word' id='word_1_722' title='bbox 3213 3775 3324 3848; x_wconf 84' lang='grc' dir='ltr'>γὰρ</span> <span class='ocrx_word' id='word_1_723' title='bbox 3362 3775 3625 3846; x_wconf 72' lang='grc' dir='ltr'>ἐποίησεν</span> <span class='ocrx_word' id='word_1_724' title='bbox 3645 3776 3807 3846; x_wconf 77' lang='grc' dir='ltr'>ἁμαρ-</span> 
     </span>
    </p>
   </div>
   <div class='ocr_carea' id='block_1_98' title="bbox 2236 3855 3805 3938">
    <p class='ocr_par' dir='ltr' id='par_1_98' title="bbox 2236 3855 3805 3938">
     <span class='ocr_line' id='line_1_98' title="bbox 2236 3855 3805 3938; baseline -0.004 -14"><span class='ocrx_word' id='word_1_725' title='bbox 2236 3871 2382 3936; x_wconf 85' lang='grc' dir='ltr'>τίαν,</span> <span class='ocrx_word' id='word_1_726' title='bbox 2413 3870 2536 3922; x_wconf 80' lang='grc' dir='ltr'>οὐδὲ</span> <span class='ocrx_word' id='word_1_727' title='bbox 2563 3868 2762 3938; x_wconf 81' lang='grc' dir='ltr'>εὑρέθη</span> <span class='ocrx_word' id='word_1_728' title='bbox 2793 3869 2942 3933; x_wconf 85' lang='grc' dir='ltr'>δόλος</span> <span class='ocrx_word' id='word_1_729' title='bbox 2977 3869 3034 3922; x_wconf 88' lang='grc' dir='ltr'><strong>ἐν</strong></span> <span class='ocrx_word' id='word_1_730' title='bbox 3065 3867 3144 3938; x_wconf 81' lang='grc' dir='ltr'>τῷ</span> <span class='ocrx_word' id='word_1_731' title='bbox 3169 3869 3400 3938; x_wconf 83' lang='grc' dir='ltr'>στόματι</span> <span class='ocrx_word' id='word_1_732' title='bbox 3431 3868 3624 3922; x_wconf 75' lang='grc' dir='ltr'>αὐτοῦ.</span> <span class='ocrx_word' id='word_1_733' title='bbox 3669 3855 3690 3920; x_wconf 61' lang='grc' dir='ltr'><strong>ι</strong></span> <span class='ocrx_word' id='word_1_734' title='bbox 3729 3864 3805 3936; x_wconf 76' lang='grc' dir='ltr'><strong>Τῷ</strong></span> 
     </span>
    </p>
   </div>
   <div class='ocr_carea' id='block_1_99' title="bbox 2237 3959 3805 4030">
    <p class='ocr_par' dir='ltr' id='par_1_99' title="bbox 2237 3959 3805 4030">
     <span class='ocr_line' id='line_1_99' title="bbox 2237 3959 3805 4030; baseline -0.001 -16"><span class='ocrx_word' id='word_1_735' title='bbox 2237 3961 2316 4028; x_wconf 82' lang='grc' dir='ltr'>δὲ,</span> <span class='ocrx_word' id='word_1_736' title='bbox 2339 3963 2426 4026; x_wconf 79' lang='grc' dir='ltr'><strong>Τις</strong></span> <span class='ocrx_word' id='word_1_737' title='bbox 2458 3963 2490 4014; x_wconf 82' lang='grc' dir='ltr'><strong>ό</strong></span> <span class='ocrx_word' id='word_1_738' title='bbox 2515 3960 2867 4029; x_wconf 83' lang='grc' dir='ltr'>κρινόμενός</span> <span class='ocrx_word' id='word_1_739' title='bbox 2889 3979 2991 4030; x_wconf 84' lang='grc' dir='ltr'><strong>μοι</strong></span> <span class='ocrx_word' id='word_1_740' title='bbox 3014 3977 3033 4024; x_wconf 93' lang='grc'><strong><em>;</em></strong></span> <span class='ocrx_word' id='word_1_741' title='bbox 3063 3961 3206 4014; x_wconf 78' lang='grc' dir='ltr'>ἔοικε</span> <span class='ocrx_word' id='word_1_742' title='bbox 3229 3961 3310 4025; x_wconf 86' lang='grc' dir='ltr'><strong>τὺ,</strong></span> <span class='ocrx_word' id='word_1_743' title='bbox 3339 3978 3358 4012; x_wconf 79' lang='grc' dir='ltr'><strong>ι</strong></span> <span class='ocrx_word' id='word_1_744' title='bbox 3387 3960 3486 4025; x_wconf 79' lang='grc' dir='ltr'>Τίς</span> <span class='ocrx_word' id='word_1_745' title='bbox 3513 3959 3725 4028; x_wconf 79' lang='grc' dir='ltr'>ἐλέγξει</span> <span class='ocrx_word' id='word_1_746' title='bbox 3749 3975 3805 4030; x_wconf 80' lang='grc' dir='ltr'><strong>με</strong></span> 
     </span>
    </p>
   </div>
   <div class='ocr_carea' id='block_1_100' title="bbox 2240 4048 3808 4121">
    <p class='ocr_par' dir='ltr' id='par_1_100' title="bbox 2240 4048 3808 4121">
     <span class='ocr_line' id='line_1_100' title="bbox 2240 4048 3808 4121; baseline -0.002 -17"><span class='ocrx_word' id='word_1_747' title='bbox 2240 4049 2370 4120; x_wconf 75' lang='grc' dir='ltr'>περὶ</span> <span class='ocrx_word' id='word_1_748' title='bbox 2390 4048 2669 4121; x_wconf 81' lang='grc' dir='ltr'>ἁμαρτίας</span> <span class='ocrx_word' id='word_1_749' title='bbox 2693 4065 2708 4114; x_wconf 89' lang='lat'><strong>;</strong></span> <span class='ocrx_word' id='word_1_750' title='bbox 2734 4067 2752 4101; x_wconf 77' lang='grc' dir='ltr'><strong>ι</strong></span> <span class='ocrx_word' id='word_1_751' title='bbox 2786 4049 2928 4102; x_wconf 73' lang='grc' dir='ltr'>κατὰ</span> <span class='ocrx_word' id='word_1_752' title='bbox 2957 4050 3137 4102; x_wconf 74' lang='grc' dir='ltr'>πάντα</span> <span class='ocrx_word' id='word_1_753' title='bbox 3169 4049 3278 4118; x_wconf 76' lang='grc' dir='ltr'><strong>γὰρ</strong></span> <span class='ocrx_word' id='word_1_754' title='bbox 3306 4049 3456 4118; x_wconf 55' lang='grc' dir='ltr'>ἡμῖν,</span> <span class='ocrx_word' id='word_1_755' title='bbox 3476 4049 3624 4120; x_wconf 84' lang='grc' dir='ltr'>πλὴν</span> <span class='ocrx_word' id='word_1_756' title='bbox 3646 4049 3808 4118; x_wconf 84' lang='grc' dir='ltr'>ἀμαρ-</span> 
     </span>
    </p>
   </div>
   <div class='ocr_carea' id='block_1_101' title="bbox 2239 4139 3804 4210">
    <p class='ocr_par' dir='ltr' id='par_1_101' title="bbox 2239 4139 3804 4210">
     <span class='ocr_line' id='line_1_101' title="bbox 2239 4139 3804 4210; baseline -0.002 -16"><span class='ocrx_word' id='word_1_757' title='bbox 2239 4141 2360 4204; x_wconf 87' lang='grc' dir='ltr'>τίας</span> <span class='ocrx_word' id='word_1_758' title='bbox 2380 4181 2394 4207; x_wconf 92' lang='grc'><strong>,</strong></span> <span class='ocrx_word' id='word_1_759' title='bbox 2421 4139 2722 4210; x_wconf 85' lang='grc' dir='ltr'>ὡμοίωται.</span> <span class='ocrx_word' id='word_1_760' title='bbox 2758 4140 2959 4207; x_wconf 86' lang='grc' dir='ltr'>Διόπερ</span> <span class='ocrx_word' id='word_1_761' title='bbox 2987 4139 3172 4208; x_wconf 73' lang='grc' dir='ltr'>ἔλεγεν</span> <span class='ocrx_word' id='word_1_762' title='bbox 3192 4153 3208 4168; x_wconf 72' lang='grc' dir='ltr'><strong>ο</strong></span> <span class='ocrx_word' id='word_1_763' title='bbox 3244 4157 3263 4190; x_wconf 78' lang='grc' dir='ltr'><strong>ι</strong></span> <span class='ocrx_word' id='word_1_764' title='bbox 3290 4141 3554 4210; x_wconf 83' lang='grc' dir='ltr'>Ἔρχεται</span> <span class='ocrx_word' id='word_1_765' title='bbox 3585 4141 3617 4192; x_wconf 80' lang='grc' dir='ltr'>ὁ</span> <span class='ocrx_word' id='word_1_766' title='bbox 3644 4140 3804 4208; x_wconf 72' lang='grc' dir='ltr'>ἄρχων</span> 
     </span>
    </p>
   </div>
   <div class='ocr_carea' id='block_1_102' title="bbox 2216 4229 3799 4301">
    <p class='ocr_par' dir='ltr' id='par_1_102' title="bbox 2216 4229 3799 4301">
     <span class='ocr_line' id='line_1_102' title="bbox 2216 4229 3799 4301; baseline -0.004 -15"><span class='ocrx_word' id='word_1_767' title='bbox 2216 4231 2334 4286; x_wconf 73' lang='grc' dir='ltr'>τοῦ</span> <span class='ocrx_word' id='word_1_768' title='bbox 2385 4231 2592 4301; x_wconf 83' lang='grc' dir='ltr'>κόσμου</span> <span class='ocrx_word' id='word_1_769' title='bbox 2651 4229 2866 4292; x_wconf 82' lang='grc' dir='ltr'>τούτου,</span> <span class='ocrx_word' id='word_1_770' title='bbox 2919 4231 3012 4283; x_wconf 75' lang='grc' dir='ltr'>καὶ</span> <span class='ocrx_word' id='word_1_771' title='bbox 3067 4231 3124 4283; x_wconf 85' lang='grc' dir='ltr'>ἐν</span> <span class='ocrx_word' id='word_1_772' title='bbox 3169 4231 3292 4299; x_wconf 71' lang='grc' dir='ltr'>ἐμοὶ</span> <span class='ocrx_word' id='word_1_773' title='bbox 3333 4231 3562 4300; x_wconf 79' lang='grc' dir='ltr'>εὑρήσει</span> <span class='ocrx_word' id='word_1_774' title='bbox 3595 4229 3799 4282; x_wconf 64' lang='grc' dir='ltr'>οὐδέν..</span> 
     </span>
    </p>
   </div>
   <div class='ocr_carea' id='block_1_103' title="bbox 2252 4317 3805 4394">
    <p class='ocr_par' dir='ltr' id='par_1_103' title="bbox 2252 4317 3805 4394">
     <span class='ocr_line' id='line_1_103' title="bbox 2252 4317 3805 4394; baseline -0.003 -17"><span class='ocrx_word' id='word_1_775' title='bbox 2252 4321 2468 4394; x_wconf 81' lang='grc' dir='ltr'>Ἀνδρδς</span> <span class='ocrx_word' id='word_1_776' title='bbox 2499 4322 2558 4376; x_wconf 81' lang='grc' dir='ltr'>δὲ</span> <span class='ocrx_word' id='word_1_777' title='bbox 2585 4321 2789 4375; x_wconf 81' lang='grc' dir='ltr'>τελείου</span> <span class='ocrx_word' id='word_1_778' title='bbox 2821 4321 3127 4392; x_wconf 83' lang='grc' dir='ltr'>χαρακτὴρ,</span> <span class='ocrx_word' id='word_1_779' title='bbox 3155 4319 3234 4385; x_wconf 74' lang='grc' dir='ltr'>τὸ,</span> <span class='ocrx_word' id='word_1_780' title='bbox 3280 4318 3379 4386; x_wconf 81' lang='grc' dir='ltr'>Τίς</span> <span class='ocrx_word' id='word_1_781' title='bbox 3405 4323 3440 4374; x_wconf 85' lang='grc' dir='ltr'><strong>ό</strong></span> <span class='ocrx_word' id='word_1_782' title='bbox 3471 4317 3805 4390; x_wconf 74' lang='grc' dir='ltr'>κρινόμενός</span> 
     </span>
    </p>
   </div>
   <div class='ocr_carea' id='block_1_104' title="bbox 1797 4406 3803 4490">
    <p class='ocr_par' dir='ltr' id='par_1_104' title="bbox 1797 4406 3803 4490">
     <span class='ocr_line' id='line_1_104' title="bbox 1797 4406 3803 4490; baseline -0.007 -17"><span class='ocrx_word' id='word_1_783' title='bbox 1797 4437 1811 4476; x_wconf 87' lang='lat'>:</span> <span class='ocrx_word' id='word_1_784' title='bbox 1875 4438 1894 4472; x_wconf 80' lang='grc' dir='ltr'><strong>ι</strong></span> <span class='ocrx_word' id='word_1_785' title='bbox 1963 4419 2126 4478; x_wconf 78' lang='lat' dir='ltr'><strong>Venit</strong></span> <span class='ocrx_word' id='word_1_786' title='bbox 2162 4429 2214 4490; x_wconf 75' lang='grc' dir='ltr'>ι)</span> <span class='ocrx_word' id='word_1_787' title='bbox 2238 4431 2373 4485; x_wconf 87' lang='grc' dir='ltr'>μοι;</span> <span class='ocrx_word' id='word_1_788' title='bbox 2411 4406 2456 4481; x_wconf 79' lang='grc' dir='ltr'><strong>ᾧ</strong></span> <span class='ocrx_word' id='word_1_789' title='bbox 2509 4413 2675 4482; x_wconf 82' lang='grc' dir='ltr'>μηδὲν</span> <span class='ocrx_word' id='word_1_790' title='bbox 2720 4413 2754 4484; x_wconf 80' lang='grc' dir='ltr'><strong>ἡ</strong></span> <span class='ocrx_word' id='word_1_791' title='bbox 2805 4411 2936 4483; x_wconf 81' lang='grc' dir='ltr'>παρ’</span> <span class='ocrx_word' id='word_1_792' title='bbox 2967 4411 3279 4482; x_wconf 87' lang='grc' dir='ltr'>ἀνθρώποις</span> <span class='ocrx_word' id='word_1_793' title='bbox 3311 4411 3518 4482; x_wconf 86' lang='grc' dir='ltr'>κρίσις,</span> <span class='ocrx_word' id='word_1_794' title='bbox 3559 4411 3639 4476; x_wconf 83' lang='grc' dir='ltr'><strong>ὡς</strong></span> <span class='ocrx_word' id='word_1_795' title='bbox 3667 4411 3803 4480; x_wconf 78' lang='grc' dir='ltr'>σιγᾷν</span> 
     </span>
    </p>
   </div>
   <div class='ocr_carea' id='block_1_105' title="bbox 2241 4500 3804 4575">
    <p class='ocr_par' dir='ltr' id='par_1_105' title="bbox 2241 4500 3804 4575">
     <span class='ocr_line' id='line_1_105' title="bbox 2241 4500 3804 4575; baseline -0.004 -17"><span class='ocrx_word' id='word_1_796' title='bbox 2241 4505 2338 4574; x_wconf 84' lang='grc' dir='ltr'>μὲν</span> <span class='ocrx_word' id='word_1_797' title='bbox 2371 4505 2462 4558; x_wconf 83' lang='grc' dir='ltr'><strong>ὑπ’</strong></span> <span class='ocrx_word' id='word_1_798' title='bbox 2489 4503 2670 4556; x_wconf 76' lang='grc' dir='ltr'>αὐτῶν</span> <span class='ocrx_word' id='word_1_799' title='bbox 2696 4501 3216 4573; x_wconf 79' lang='grc' dir='ltr'>καταδικαζόμενον,</span> <span class='ocrx_word' id='word_1_800' title='bbox 3251 4503 3439 4556; x_wconf 82' lang='grc' dir='ltr'>καλεῖν</span> <span class='ocrx_word' id='word_1_801' title='bbox 3473 4501 3531 4556; x_wconf 81' lang='grc' dir='ltr'><strong>δέ</strong></span> <span class='ocrx_word' id='word_1_802' title='bbox 3569 4503 3702 4575; x_wconf 78' lang='grc' dir='ltr'>πρὸς</span> <span class='ocrx_word' id='word_1_803' title='bbox 3721 4500 3804 4566; x_wconf 79' lang='grc' dir='ltr'>τὴν</span> 
     </span>
    </p>
   </div>
   <div class='ocr_carea' id='block_1_106' title="bbox 2238 4591 3803 4669">
    <p class='ocr_par' dir='ltr' id='par_1_106' title="bbox 2238 4591 3803 4669">
     <span class='ocr_line' id='line_1_106' title="bbox 2238 4591 3803 4669; baseline -0.004 -19"><span class='ocrx_word' id='word_1_804' title='bbox 2238 4598 2391 4668; x_wconf 75' lang='grc' dir='ltr'>παρὰ</span> <span class='ocrx_word' id='word_1_805' title='bbox 2421 4595 2542 4666; x_wconf 84' lang='grc' dir='ltr'><strong>Θεῷ</strong></span> <span class='ocrx_word' id='word_1_806' title='bbox 2569 4595 2747 4669; x_wconf 78' lang='grc' dir='ltr'>κρίσιν</span> <span class='ocrx_word' id='word_1_807' title='bbox 2766 4595 2896 4657; x_wconf 83' lang='grc' dir='ltr'>τοὺς</span> <span class='ocrx_word' id='word_1_808' title='bbox 2925 4595 3223 4656; x_wconf 77' lang='grc' dir='ltr'>ἐναντίους.</span> <span class='ocrx_word' id='word_1_809' title='bbox 3252 4594 3326 4648; x_wconf 77' lang='grc' dir='ltr'><strong>Τὸ</strong></span> <span class='ocrx_word' id='word_1_810' title='bbox 3347 4594 3428 4658; x_wconf 81' lang='grc' dir='ltr'>δὲ,</span> <span class='ocrx_word' id='word_1_811' title='bbox 3445 4596 3540 4660; x_wconf 82' lang='grc' dir='ltr'><strong>τίς</strong></span> <span class='ocrx_word' id='word_1_812' title='bbox 3561 4591 3803 4648; x_wconf 79' lang='grc' dir='ltr'>κακώσει</span> 
     </span>
    </p>
   </div>
   <div class='ocr_carea' id='block_1_107' title="bbox 2231 4681 3803 4759">
    <p class='ocr_par' dir='ltr' id='par_1_107' title="bbox 2231 4681 3803 4759">
     <span class='ocr_line' id='line_1_107' title="bbox 2231 4681 3803 4759; baseline -0.006 -16"><span class='ocrx_word' id='word_1_813' title='bbox 2231 4704 2346 4759; x_wconf 65' lang='lat' dir='ltr'><strong>ps;</strong></span> <span class='ocrx_word' id='word_1_814' title='bbox 2383 4688 2641 4759; x_wconf 78' lang='grc' dir='ltr'>ἐμφαίνει</span> <span class='ocrx_word' id='word_1_815' title='bbox 2675 4687 2768 4740; x_wconf 76' lang='grc' dir='ltr'>τὸν</span> <span class='ocrx_word' id='word_1_816' title='bbox 2811 4685 3054 4757; x_wconf 78' lang='grc' dir='ltr'>ἀρχηγὸν</span> <span class='ocrx_word' id='word_1_817' title='bbox 3112 4688 3211 4756; x_wconf 82' lang='grc' dir='ltr'>τῆς</span> <span class='ocrx_word' id='word_1_818' title='bbox 3264 4684 3429 4755; x_wconf 78' lang='grc' dir='ltr'>ζωῆς.</span> <span class='ocrx_word' id='word_1_819' title='bbox 3474 4684 3688 4738; x_wconf 75' lang='grc' dir='ltr'>Οὐκοῦν</span> <span class='ocrx_word' id='word_1_820' title='bbox 3737 4681 3803 4744; x_wconf 82' lang='grc' dir='ltr'><strong>είς</strong></span> 
     </span>
    </p>
   </div>
   <div class='ocr_carea' id='block_1_108' title="bbox 2240 4778 3799 4854">
    <p class='ocr_par' dir='ltr' id='par_1_108' title="bbox 2240 4778 3799 4854">
     <span class='ocr_line' id='line_1_108' title="bbox 2240 4778 3799 4854; baseline -0.024 3"><span class='ocrx_word' id='word_1_821' title='bbox 2240 4784 2415 4854; x_wconf 80' lang='grc' dir='ltr'>μάτην</span> <span class='ocrx_word' id='word_1_822' title='bbox 2473 4783 2505 4852; x_wconf 75' lang='grc' dir='ltr'><strong>ἡ</strong></span> <span class='ocrx_word' id='word_1_823' title='bbox 2547 4781 2751 4834; x_wconf 77' lang='grc' dir='ltr'>τούτων</span> <span class='ocrx_word' id='word_1_824' title='bbox 2800 4779 3088 4850; x_wconf 77' lang='grc' dir='ltr'>ἐπιϐουλὴ,</span> <span class='ocrx_word' id='word_1_825' title='bbox 3149 4780 3292 4832; x_wconf 76' lang='grc' dir='ltr'>κατὰ</span> <span class='ocrx_word' id='word_1_826' title='bbox 3335 4778 3398 4832; x_wconf 80' lang='grc' dir='ltr'>τὸ</span> <span class='ocrx_word' id='word_1_827' title='bbox 3443 4779 3502 4830; x_wconf 79' lang='grc' dir='ltr'><strong>ἐν</strong></span> <span class='ocrx_word' id='word_1_828' title='bbox 3540 4778 3799 4848; x_wconf 67' lang='grc' dir='ltr'>ψαλμοῖς·</span> 
     </span>
    </p>
   </div>
   <div class='ocr_carea' id='block_1_109' title="bbox 2242 4869 3798 4942">
    <p class='ocr_par' dir='ltr' id='par_1_109' title="bbox 2242 4869 3798 4942">
     <span class='ocr_line' id='line_1_109' title="bbox 2242 4869 3798 4942; baseline -0.008 -15"><span class='ocrx_word' id='word_1_829' title='bbox 2242 4895 2260 4927; x_wconf 82' lang='grc' dir='ltr'><strong>ι</strong></span> <span class='ocrx_word' id='word_1_830' title='bbox 2314 4872 2730 4927; x_wconf 86' lang='grc' dir='ltr'>Ἐϐουλεύσαντο</span> <span class='ocrx_word' id='word_1_831' title='bbox 2770 4870 2986 4942; x_wconf 78' lang='grc' dir='ltr'>βουλὴν,</span> <span class='ocrx_word' id='word_1_832' title='bbox 3006 4871 3074 4940; x_wconf 82' lang='grc' dir='ltr'>ἢν</span> <span class='ocrx_word' id='word_1_833' title='bbox 3093 4871 3153 4923; x_wconf 79' lang='grc' dir='ltr'>οὐ</span> <span class='ocrx_word' id='word_1_834' title='bbox 3181 4871 3253 4940; x_wconf 85' lang='grc' dir='ltr'>μὴ</span> <span class='ocrx_word' id='word_1_835' title='bbox 3279 4869 3546 4922; x_wconf 82' lang='grc' dir='ltr'>δύνωνται</span> <span class='ocrx_word' id='word_1_836' title='bbox 3569 4869 3798 4939; x_wconf 74' lang='grc' dir='ltr'>στῆσαι.»</span> 
     </span>
    </p>
   </div>
   <div class='ocr_carea' id='block_1_110' title="bbox 2235 4957 3802 5035">
    <p class='ocr_par' dir='ltr' id='par_1_110' title="bbox 2235 4957 3802 5035">
     <span class='ocr_line' id='line_1_110' title="bbox 2235 4957 3802 5035; baseline -0.009 -15"><span class='ocrx_word' id='word_1_837' title='bbox 2235 4965 2362 5030; x_wconf 88' lang='grc' dir='ltr'>Πῶς</span> <span class='ocrx_word' id='word_1_838' title='bbox 2390 4965 2520 5035; x_wconf 78' lang='grc' dir='ltr'>γὰρ,</span> <span class='ocrx_word' id='word_1_839' title='bbox 2553 4962 2628 5016; x_wconf 83' lang='grc' dir='ltr'>ὢν</span> <span class='ocrx_word' id='word_1_840' title='bbox 2653 4962 2788 5033; x_wconf 73' lang='grc' dir='ltr'>ζωὴ,</span> <span class='ocrx_word' id='word_1_841' title='bbox 2819 4961 3048 5031; x_wconf 74' lang='grc' dir='ltr'>θανάτῳ</span> <span class='ocrx_word' id='word_1_842' title='bbox 3064 4959 3380 5030; x_wconf 66' lang='grc' dir='ltr'>κατείχετος</span> <span class='ocrx_word' id='word_1_843' title='bbox 3404 4959 3542 5013; x_wconf 65' lang='grc' dir='ltr'>καθὸ</span> <span class='ocrx_word' id='word_1_844' title='bbox 3585 4959 3642 5012; x_wconf 80' lang='grc' dir='ltr'>δὲ</span> <span class='ocrx_word' id='word_1_845' title='bbox 3663 4957 3802 5026; x_wconf 80' lang='grc' dir='ltr'>γέγο-</span> 
     </span>
    </p>
   </div>
   <div class='ocr_carea' id='block_1_111' title="bbox 2233 5043 3799 5130">
    <p class='ocr_par' dir='ltr' id='par_1_111' title="bbox 2233 5043 3799 5130">
     <span class='ocr_line' id='line_1_111' title="bbox 2233 5043 3799 5130; baseline -0.009 -17"><span class='ocrx_word' id='word_1_846' title='bbox 2233 5076 2324 5114; x_wconf 85' lang='grc' dir='ltr'><strong>νεν</strong></span> <span class='ocrx_word' id='word_1_847' title='bbox 2353 5057 2663 5130; x_wconf 76' lang='grc' dir='ltr'>ἄνθρωπος,</span> <span class='ocrx_word' id='word_1_848' title='bbox 2697 5055 2848 5108; x_wconf 82' lang='grc' dir='ltr'>δοκεῖ</span> <span class='ocrx_word' id='word_1_849' title='bbox 2865 5053 3022 5107; x_wconf 82' lang='grc' dir='ltr'>τοῦτο</span> <span class='ocrx_word' id='word_1_850' title='bbox 3049 5051 3302 5122; x_wconf 85' lang='grc' dir='ltr'>δέχεσθαι</span> <span class='ocrx_word' id='word_1_851' title='bbox 3336 5049 3488 5121; x_wconf 81' lang='grc' dir='ltr'>παρὰ</span> <span class='ocrx_word' id='word_1_852' title='bbox 3512 5048 3612 5102; x_wconf 80' lang='grc' dir='ltr'>τοῦ</span> <span class='ocrx_word' id='word_1_853' title='bbox 3645 5043 3799 5101; x_wconf 79' lang='grc' dir='ltr'>Πατέ-</span> 
     </span>
    </p>
   </div>
   <div class='ocr_carea' id='block_1_112' title="bbox 2238 5137 3800 5226">
    <p class='ocr_par' dir='ltr' id='par_1_112' title="bbox 2238 5137 3800 5226">
     <span class='ocr_line' id='line_1_112' title="bbox 2238 5137 3800 5226; baseline -0.011 -20"><span class='ocrx_word' id='word_1_854' title='bbox 2238 5170 2350 5226; x_wconf 89' lang='grc' dir='ltr'>ρος.</span> <span class='ocrx_word' id='word_1_855' title='bbox 2391 5151 2479 5214; x_wconf 83' lang='grc' dir='ltr'>Ὦς</span> <span class='ocrx_word' id='word_1_856' title='bbox 2516 5150 2627 5222; x_wconf 85' lang='grc' dir='ltr'><strong>γὰρ</strong></span> <span class='ocrx_word' id='word_1_857' title='bbox 2655 5147 3058 5219; x_wconf 76' lang='grc' dir='ltr'>Θεὸς,’ἥγειρεν</span> <span class='ocrx_word' id='word_1_858' title='bbox 3093 5143 3286 5198; x_wconf 80' lang='grc' dir='ltr'>ἑαυτὸν</span> <span class='ocrx_word' id='word_1_859' title='bbox 3311 5143 3485 5212; x_wconf 85' lang='grc' dir='ltr'>λέγων</span> <span class='ocrx_word' id='word_1_860' title='bbox 3505 5158 3520 5172; x_wconf 77' lang='grc' dir='ltr'><strong>ο</strong></span> <span class='ocrx_word' id='word_1_861' title='bbox 3560 5159 3582 5192; x_wconf 79' lang='lat' dir='ltr'><strong>r</strong></span> <span class='ocrx_word' id='word_1_862' title='bbox 3609 5137 3800 5194; x_wconf 72' lang='grc' dir='ltr'>Λύσατε</span> 
     </span>
    </p>
   </div>
   <div class='ocr_carea' id='block_1_113' title="bbox 2235 5229 3795 5312">
    <p class='ocr_par' dir='ltr' id='par_1_113' title="bbox 2235 5229 3795 5312">
     <span class='ocr_line' id='line_1_113' title="bbox 2235 5229 3795 5312; baseline -0.015 -10"><span class='ocrx_word' id='word_1_863' title='bbox 2235 5249 2328 5302; x_wconf 73' lang='grc' dir='ltr'><strong>τὸν</strong></span> <span class='ocrx_word' id='word_1_864' title='bbox 2350 5246 2476 5302; x_wconf 75' lang='grc' dir='ltr'>ναὸν</span> <span class='ocrx_word' id='word_1_865' title='bbox 2497 5245 2710 5308; x_wconf 79' lang='grc' dir='ltr'>τοῦτον,</span> <span class='ocrx_word' id='word_1_866' title='bbox 2737 5243 2832 5296; x_wconf 79' lang='grc' dir='ltr'>καὶ</span> <span class='ocrx_word' id='word_1_867' title='bbox 2851 5243 2910 5296; x_wconf 80' lang='grc' dir='ltr'><strong>ἐν</strong></span> <span class='ocrx_word' id='word_1_868' title='bbox 2938 5239 3118 5312; x_wconf 74' lang='grc' dir='ltr'>τρισὶν</span> <span class='ocrx_word' id='word_1_869' title='bbox 3137 5237 3374 5309; x_wconf 82' lang='grc' dir='ltr'>ἡμέραις</span> <span class='ocrx_word' id='word_1_870' title='bbox 3389 5233 3570 5306; x_wconf 84' lang='grc' dir='ltr'>ἐγερῶ</span> <span class='ocrx_word' id='word_1_871' title='bbox 3589 5229 3762 5288; x_wconf 79' lang='grc' dir='ltr'>αὐτόν.</span> <span class='ocrx_word' id='word_1_872' title='bbox 3779 5246 3795 5278; x_wconf 78' lang='grc' dir='ltr'><strong>ι</strong></span> 
     </span>
    </p>
   </div>
   <div class='ocr_carea' id='block_1_114' title="bbox 2247 5317 3799 5410">
    <p class='ocr_par' dir='ltr' id='par_1_114' title="bbox 2247 5317 3799 5410">
     <span class='ocr_line' id='line_1_114' title="bbox 2247 5317 3799 5410; baseline -0.013 -15"><span class='ocrx_word' id='word_1_873' title='bbox 2247 5341 2362 5410; x_wconf 79' lang='grc' dir='ltr'><strong>Ἐφ’</strong></span> <span class='ocrx_word' id='word_1_874' title='bbox 2397 5337 2479 5403; x_wconf 76' lang='grc' dir='ltr'>οἷς</span> <span class='ocrx_word' id='word_1_875' title='bbox 2512 5354 2648 5408; x_wconf 72' lang='grc' dir='ltr'>φησι</span> <span class='ocrx_word' id='word_1_876' title='bbox 2681 5336 2820 5408; x_wconf 75' lang='grc' dir='ltr'>πρὸς</span> <span class='ocrx_word' id='word_1_877' title='bbox 2881 5331 3108 5396; x_wconf 81' lang='grc' dir='ltr'>αὐτούς’</span> <span class='ocrx_word' id='word_1_878' title='bbox 3169 5328 3327 5384; x_wconf 83' lang='grc' dir='ltr'>Ἰδοὺ</span> <span class='ocrx_word' id='word_1_879' title='bbox 3369 5325 3598 5392; x_wconf 66' lang='grc' dir='ltr'>πάντες</span> <span class='ocrx_word' id='word_1_880' title='bbox 3651 5317 3799 5392; x_wconf 75' lang='grc' dir='ltr'>ὑμεῖς</span> 
     </span>
    </p>
   </div>
   <div class='ocr_carea' id='block_1_115' title="bbox 1808 5427 2127 5523">
    <p class='ocr_par' dir='ltr' id='par_1_115' title="bbox 1808 5449 2124 5507">
     <span class='ocr_line' id='line_1_115' title="bbox 1808 5449 2124 5507; baseline 0.009 -4"><span class='ocrx_word' id='word_1_881' title='bbox 1808 5450 1854 5482; x_wconf 76' lang='grc' dir='ltr'><strong>⁸ο</strong></span> <span class='ocrx_word' id='word_1_882' title='bbox 1891 5449 1994 5506; x_wconf 88' lang='lat' dir='ltr'><strong>lsa.</strong></span> <span class='ocrx_word' id='word_1_883' title='bbox 2033 5467 2124 5507; x_wconf 77' lang='lat' dir='ltr'><strong>mn</strong></span> 
     </span>
    </p>
   </div>
   <div class='ocr_carea' id='block_1_116' title="bbox 2236 5427 3764 5523">
    <p class='ocr_par' dir='ltr' id='par_1_116' title="bbox 2247 5427 3764 5523">
     <span class='ocr_line' id='line_1_116' title="bbox 2247 5427 3764 5523; baseline -0.014 -13"><span class='ocrx_word' id='word_1_884' title='bbox 2247 5495 2263 5510; x_wconf 93' lang='lat'><strong>.</strong></span> <span class='ocrx_word' id='word_1_885' title='bbox 2335 5455 2380 5488; x_wconf 80' lang='lat'>&quot;</span> <span class='ocrx_word' id='word_1_886' title='bbox 2435 5454 2566 5523; x_wconf 84' lang='lat' dir='ltr'><strong>Sap.</strong></span> <span class='ocrx_word' id='word_1_887' title='bbox 2608 5467 2670 5517; x_wconf 85' lang='grc' dir='ltr'><strong>ιι,</strong></span> <span class='ocrx_word' id='word_1_888' title='bbox 2708 5449 2791 5505; x_wconf 69' lang='grc'><strong>12.</strong></span> <span class='ocrx_word' id='word_1_889' title='bbox 2867 5447 2912 5480; x_wconf 74' lang='grc'><strong>⁸⁸</strong></span> <span class='ocrx_word' id='word_1_890' title='bbox 2950 5443 3050 5501; x_wconf 88' lang='lat' dir='ltr'><strong>lsa.</strong></span> <span class='ocrx_word' id='word_1_891' title='bbox 3099 5455 3221 5508; x_wconf 80' lang='lat' dir='ltr'><strong>uti,</strong></span> <span class='ocrx_word' id='word_1_892' title='bbox 3253 5439 3324 5508; x_wconf 87' lang='lat'><strong>7;</strong></span> <span class='ocrx_word' id='word_1_893' title='bbox 3367 5437 3565 5494; x_wconf 81' lang='lat' dir='ltr'><strong>chtr.</strong></span> <span class='ocrx_word' id='word_1_894' title='bbox 3597 5452 3658 5498; x_wconf 86' lang='lat' dir='ltr'><strong>ll,</strong></span> <span class='ocrx_word' id='word_1_895' title='bbox 3697 5427 3764 5486; x_wconf 68' lang='lat'><strong>23</strong></span> 
     </span>
    </p>
   </div>
   <div class='ocr_carea' id='block_1_117' title="bbox 1861 5607 2542 5667">
    <p class='ocr_par' dir='ltr' id='par_1_117' title="bbox 1861 5607 2542 5667">
     <span class='ocr_line' id='line_1_117' title="bbox 1861 5607 2542 5667; baseline 0.003 -7"><span class='ocrx_word' id='word_1_896' title='bbox 1861 5611 2096 5666; x_wconf 61' lang='lat' dir='ltr'><strong>VARUS</strong></span> <span class='ocrx_word' id='word_1_897' title='bbox 2133 5607 2542 5667; x_wconf 71' lang='lat' dir='ltr'><strong>LEC&#39;I‘IONES.</strong></span> 
     </span>
    </p>
   </div>
   <div class='ocr_carea' id='block_1_118' title="bbox 629 5691 1350 5763">
    <p class='ocr_par' dir='ltr' id='par_1_118' title="bbox 629 5691 1350 5763">
     <span class='ocr_line' id='line_1_118' title="bbox 629 5691 1350 5763; baseline 0.014 -24"><span class='ocrx_word' id='word_1_898' title='bbox 629 5699 656 5730; x_wconf 78' lang='grc' dir='ltr'><strong><em>κ</em></strong></span> <span class='ocrx_word' id='word_1_899' title='bbox 690 5705 776 5758; x_wconf 72' lang='grc' dir='ltr'><strong>γρ,</strong></span> <span class='ocrx_word' id='word_1_900' title='bbox 801 5691 1020 5755; x_wconf 71' lang='grc' dir='ltr'>ἐλπίζω.</span> <span class='ocrx_word' id='word_1_901' title='bbox 1099 5703 1126 5742; x_wconf 66' lang='grc'><strong><em>1</em></strong></span> <span class='ocrx_word' id='word_1_902' title='bbox 1157 5712 1243 5763; x_wconf 64' lang='grc' dir='ltr'><strong>ῃ).</strong></span> <span class='ocrx_word' id='word_1_903' title='bbox 1273 5695 1350 5750; x_wconf 73' lang='grc' dir='ltr'><strong>τό.</strong></span> 
     </span>
    </p>
   </div>
  </div>
