3980 6306
132 267 267 334 2593

1193 268 1733 330 COMMENTARII
1782 272 1855 329 IN
1895 271 2181 331 ISAIAM.

3240 267 3273 326 2
3286 262 3383 327 ιρι

133 386 208 451 ὡς
242 378 490 451 ἱμάτιον,
522 375 1048 447 παλαιωθήσεσθε,
1089 377 1188 432 καὶ
1213 379 1334 446 σὴς
1373 380 1709 448 καταφάγε-

1817 384 1908 446 sit,
1949 384 2141 434 mortis
2190 380 2310 449 lcgil
2335 395 2400 433 us
2439 379 3033 446 teneatttr?Qualcttus
3072 395 3199 436 vero
3228 381 3388 434 honc

131 490 218 531 ται
241 470 414 541 ὑμᾶς.
447 470 517 523 Ἤ
536 468 745 538 εὐρὼς,
786 468 929 524 κατά
965 469 1268 541 Σύμμαχον
1298 484 1311 499 ⁸
1362 471 1395 539 ἢ
1438 472 1701 540 βρωτὴρ,

133 568 202 629 ὡς
243 563 493 626 Ἀκύλας.
546 563 625 614 Δι’
682 554 759 613 ὧν
800 560 1058 630 σημαίνει
1100 563 1199 630 τὴν
1251 562 1557 614 παλαίωσιν
1604 562 1705 631 τῆς

133 656 246 710 κατ’
274 653 434 707 αὑτοῦ
455 650 775 721 σωματικῆς
799 649 1077 719 λατρείας.
1102 652 1336 721 ΙΙᾶνγάρ
1363 651 1421 702 τὸ
1454 652 1710 703 παλαιού-

136 763 285 817 μενον
327 744 420 797 καὶ
471 742 778 813 γηράσκον,
835 741 1004 809 ἐγγὺς
1060 740 1395 811 ἀφανισμοῦ.
1449 740 1613 809 Σῆτα
1648 741 1706 817 δὲ

132 840 271 905 λέγει
305 834 845 905 καταϐιϐρωσκοντα,
873 837 973 904 τὴν
1006 833 1312 902 συνείδησιν
1339 827 1412 886 ὧν
1441 824 1706 903 τετολμήέ

133 946 302 992 κασιν,
331 927 567 997 ὁρῶντες
619 926 717 997 τὴν
750 924 960 979 ἑαυτῶν
1003 925 1101 995 μὲν
1132 923 1425 993 ἀποϐολὴν,
1455 922 1554 993 τὴν
1586 926 1707 974 επις

135 1018 361 1089 στροφὴν
384 1018 439 1070 δὲ
461 1018 556 1088 τὴν
600 1019 690 1071 ἐπὶ
724 1017 859 1070 Θεὸν
912 1016 1021 1071 τῶν
1075 1016 1266 1069 ἐθνῶν.
1299 1017 1388 1067 Διὸ
1430 1014 1523 1068 καὶ
1569 1013 1707 1084 πρὸς

132 1110 204 1180 τῷ
234 1110 374 1163 τέλει
403 1110 501 1180 τῆς
537 1111 724 1179 βίϐλου
765 1108 955 1181 φησίν·
987 1129 1004 1161 ι
1055 1108 1114 1161 '0
1163 1106 1378 1177 σκώληξ
1430 1107 1611 1161 αὐτῶν
1641 1106 1701 1158 οὐ

133 1202 456 1272 τελευτήσει,
490 1202 583 1254 καὶ
611 1202 670 1254 τὸ
706 1200 816 1272 πῦρ
849 1200 908 1253 οὐ
947 1199 1331 1270 σϐεσοήσεται,
1368 1200 1462 1253 καὶ
1487 1197 1702 1252 ἔσονται

135 1293 209 1354 εἰς
232 1291 430 1353 ὄνειδος
460 1293 604 1364 πάσῃ
635 1296 699 1364 τῇ
731 1295 823 1362 γῇ.
869 1312 887 1344 ι

1808 472 1933 535 fuit,
1976 473 2077 526 hoc
2141 472 2318 541 ipsum
2385 471 2599 525 videtur
2648 488 2678 524 a
2740 472 2902 526 Patre
2962 472 3262 539 accepisse.
3321 470 3390 525 Se

1807 564 1953 618 enim
2009 573 2267 633 tanquam
2317 562 2462 618 Deus
2522 564 2641 632 ipse
2686 564 2999 628 suscitavit,
3057 564 3150 633 qui
3196 562 3386 617 dixit:

1813 672 1832 704 ι
1864 653 2075 707 Solvite
2119 654 2383 722 templum
2435 654 2558 717 hoc,
2622 650 2701 706 ct'
2731 651 2913 709 tribus
2958 652 3155 707 diebus
3208 651 3387 721 ipsum

1807 745 2062 798 excitabo
2092 745 2159 798 ⁸⁵.
2209 764 2226 796 ι
2267 744 2499 798 Eosdem
2533 744 2795 812 deinceps
2845 743 3032 798 verbis
3084 743 3203 798 istis
3247 743 3389 797 allo-

1807 837 1994 904 quitur
2032 854 2045 889 :
2083 835 2237 899 Ecce,
2260 853 2436 890 omnes
2478 853 2587 899 vos,
2635 837 2792 905 quasi
2843 837 3209 890 vestimentum
3254 843 3391 889 vete-

1810 929 2050 991 raseetis,
2089 938 2137 981 et
2169 929 2312 985 tinea
2346 926 2578 982 comedet
2602 910 2736 992 Oros;
2768 926 3103 997 siverubigo,
3146 927 3390 981 utinter-

1809 1027 2056 1088 pretatnr
2113 1017 2511 1091 Symmachus,
2581 1020 2700 1074 sive
2745 1019 3083 1084 rermis,.ut
3141 1018 3392 1087 Aquilas.

1811 1107 2023 1172 Quibus
2058 1112 2240 1165 verbis
2267 1111 2573 1179 corporalis
2603 1110 2722 1179 ejus
2748 1110 2933 1164 cultus
2958 1111 3392 1179 antiquationem

1811 1202 2043 1255 instare
2069 1203 2489 1255 demonstravit.
2532 1200 2733 1255 Parum
2768 1204 2913 1256 enim
2947 1201 3118 1257 distat
3153 1202 3220 1255 ab
3254 1201 3392 1255 inte-

1811 1292 1919 1344 ritu
1944 1292 2208 1360 quidquid
2236 1293 2447 1346 senium
2481 1301 2921 1361 vetustatemque
2949 1293 3175 1362 patitur.
3212 1290 3392 1345 Tinam

136 1388 297 1442 parre
354 1382 701 1452 depasrcnlis
795 1383 1051 1448 nomine,
1132 1398 1359 1444 eorum,
1406 1397 1524 1452 quae
1575 1380 1934 1446 admiserunt,
1988 1385 2383 1439 ciniscicnliam
2428 1383 2593 1456 576
2646 1386 2919 1455 intelligit,
2970 1400 3093 1440 cum
3166 1384 3267 1454 ipsi
3333 1400 3404 1454 se.

136 1480 306 1548 rejici.
330 1487 520 1547 gentes
539 1486 719 1531 autem
753 1477 817 1530 ad
841 1476 1007 1531 Deum
1044 1479 1291 1531 converti
1323 1479 1702 1531 intuebuntur.
1751 1477 1929 1547 Atque
1967 1480 2092 1533 hinc
2127 1487 2210 1534 cst
2244 1480 2391 1550 quod
2423 1488 2668 1535 extremo
2710 1481 2988 1550 propheta:
3053 1480 3190 1534 Iihro
3255 1479 3392 1534 scri-

137 1568 323 1625 bitur:
376 1586 394 1617 ι
441 1566 894 1622 Vermiseorum
936 1583 1043 1622 non
1088 1569 1389 1633 morietur,
1439 1579 1492 1623 et
1546 1567 1689 1636 ignis
1746 1582 1852 1621 non
1913 1572 2330 1642 exstinguetur,
2405 1579 2459 1624 et
2505 1584 2662 1625 erunt
2712 1574 2765 1624 in
2819 1571 3078 1649 probrum
3126 1570 3395 1625 universae

136 1671 286 1715 terra:
304 1658 369 1711 ".
420 1677 438 1709 ι

200 1751 361 1819 Δέγοι
391 1749 434 1802 δ’
466 1748 532 1802 ἂν
552 1748 712 1817 mira
765 1750 859 1803 καὶ
910 1751 1007 1811 τὰς
1052 1750 1328 1822 ἁμαρτίας
1378 1751 1579 1806 αὐτῶν.
1619 1750 1709 1816 Ἐξ

1842 1811 1846 1817 ε
1888 1748 2045 1803 Dicas
2082 1749 2315 1805 fortasse
2354 1759 2408 1805 et
2436 1753 2628 1804 tineam
2663 1767 2852 1805 eorum
2894 1761 3120 1819 peccata
3170 1765 3234 1805 eo
3274 1750 3393 1819 ipso

98 1842 101 1845 ’
137 1842 305 1894 αὐτῶν
336 1843 445 1910 γὰρ
475 1840 695 1910 ἔχουσαι
728 1842 788 1894 τὸ
829 1838 990 1912 εἶναι,
1032 1846 1151 1896 κατ’
1177 1844 1354 1898 αὐτῶν
1380 1844 1477 1914 τὴν
1504 1842 1709 1914 βλάϐην

135 1934 470 2002 ἐργάζουται.
536 1933 692 1986 Ἐπεὶ
738 1934 833 1986 καὶ
890 1934 951 1988 τδ
1023 1935 1237 2003 ίμάτιον
1291 1936 1466 2006 τροφὴ
1500 1936 1712 2003 γίνεται

136 2014 282 2091 ᾧπερ
334 2024 596 2090 ἐγέννησε
654 2024 920 2092 σκώληκι.
963 2025 1238 2099 Λογισμὸς
1294 2026 1351 2080 δὲ
1387 2019 1544 2090 οὗτος
1575 2025 1714 2097 πρὸς

136 2112 193 2166 τὸ
232 2115 303 2183 μὴ
326 2112 611 2180 φοϐεῖσθαι
648 2114 716 2168 τὰ
751 2115 808 2180 ἐξ
828 2116 1130 2187 ἀνθρώπων
1155 2118 1264 2171 τῶν
1300 2118 1710 2188 ἀπολλυμένων,

138 2202 225 2255 καὶ
254 2203 479 2267 ἔνδειξις
508 2207 607 2274 τῆς
660 2205 755 2257 τοῦ
809 2206 1061 2273 λέγοντος
1094 2206 1428 2277 ἀφθαρσίας.
1463 2206 1622 2278 Δηλοϊ
1656 2206 1712 2260 δὲ

137 2290 225 2341 καὶ
249 2289 343 2360 τὴν
376 2293 498 2343 κατ’
544 2292 731 2357 αὐτῶν
801 2295 1074 2366 τιμωρίαν
1118 2296 1214 2349 καὶ
1262 2294 1470 2362 σητῶν
1516 2297 1713 2359 αὐτοὺς

138 2378 285 2450 δίκην
331 2381 723 2437 ἐκδαπανῶσαν
778 2388 901 2449 ταῖς
952 2390 1282 2457 συμφοραῖς,
1324 2388 1434 2441 Καὶ
1476 2387 1711 2459 ἀλλαχοῦ

138 2473 290 2542 γάρὸ
320 2476 610 2546 προφήτης
660 2478 829 2549 φησί’
866 2496 883 2530 ι
928 2480 994 2532 Τί
1037 2480 1117 2532 ἔτι
1167 2480 1514 2551 πληγήσεσθε
1540 2498 1713 2553 προσ-

137 2564 369 2628 τιθέντες
398 2566 713 2635 ἀμαρτίας;
750 2569 906 2622 Πᾶσα
946 2570 1156 2639 κεφαλὴ
1204 2574 1284 2635 εἰς
1333 2573 1515 2637 πόνον,
1557 2591 1575 2625 ι
1620 2573 1716 2626 καὶ

137 2655 199 2707 τὰ
231 2656 449 2725 ἐφεξῆς.
480 2658 557 2711 Δι’
586 2650 661 2711 ὧν
702 2658 881 2713 αὐτῶν
936 2661 1086 2732 δηλοῖ
1114 2664 1212 2733 τὴν
1266 2664 1568 2731 ἀπώλειαν,
1623 2667 1717 2721 καὶ

138 2745 312 2816 χώρας
353 2748 715 2820 ἀλλοτρίωσιν
740 2792 754 2816 ,
803 2752 904 2826 ,καὶ
956 2753 1165 2818 πόλεως
1207 2755 1550 2826 ὲμπρησμόν.
1583 2750 1718 2810 Εἷτά

139 2854 284 2906 φησι,
320 2840 420 2906 Τίς
442 2841 512 2916 ἐν
539 2842 677 2910 ὑμῖν
702 2830 755 2896 ¹(5
798 2846 1171 2914 φοϐούμενος
1190 2848 1297 2899 τὸν
1324 2848 1574 2915 Κύριον;
1617 2846 1716 2918 τὴν

137 2928 361 3001 ἀπορίαν
413 2932 618 2985 τούτων
668 2935 865 3005 δηλῶν,
911 2938 1097 2990 καὶτὸ
1137 2940 1383 2993 σπάνιον.
1430 2938 1645 3011 [Τοῦ-ιο,
1677 2940 1715 3009 ἣ

135 3020 370 3072 τοιοῦτον
431 3021 506 3094 τι]
558 3023 615 3075 δὲ
662 3022 816 3093 ζητεί
846 3027 873 3078 6
906 3025 980 3097 μὴ
1032 3021 1199 3082 θέλων
1229 3029 1318 3081 τὸν
1351 3029 1582 3083 θάνατον
1620 3030 1715 3083 τοῦ

137 3109 486 3180 ἁμαρτωλοῦ,
519 3114 593 3177 ὼς
636 3115 734 3185 τὴν
787 3117 1078 3186 μετάνοιαν
1130 3119 1317 3174 αὑτοῦ.
1375 3121 1468 3174 Διό
1512 3138 1713 3193 φησιν·
1744 3089 1789 3148 C

140 3203 257 3256 Ἐτι
281 3206 374 3258 καὶ
413 3204 508 3258 νῦν
560 3206 704 3275 ὑμᾶς
759 3209 1139 3280 ἀνακαλοῦμαι
1174 3213 1232 3263 ἐν
1255 3210 1333 3282 τῷ
1358 3212 1460 3280 τῆς
1494 3212 1718 3281 ἀγνοίας

136 3297 329 3360 σκότῳ
372 3296 785 3365 τυγχάνονταςο
813 3301 908 3352 καὶ
952 3303 1066 3363 τοῖς
1116 3301 1389 3355 ἐπιεικέσι
1442 3303 1718 3374 προτείνει

139 3384 567 3457 φιλανθρωπίαν.
596 3388 807 3461 Ἐσώοη
871 3391 981 3461 γὰρ
1006 3391 1067 3444 τὸ
1112 3393 1486 3463 κατάλειμμα,
1514 3388 1576 3446 οὗ
1624 3394 1718 3447 καὶ

136 3478 353 3548 ἀπαρχὴ
410 3478 500 3531 τοῦ
533 3480 782 3550 Σωτῆρος
810 3483 858 3534 oi
891 3482 1154 3551 μαθηταί.
1181 3484 1291 3537 Καὶ
1332 3484 1619 3555 ἄνθρωπος
1659 3485 1719 3540 δὲ

136 3569 397 3636 γεγονὼς,
430 3569 568 3635 παῖς
598 3566 734 3623 εἷναί
782 3589 917 3641 φησι
964 3573 1059 3626 τοῦ
1111 3573 1270 3631 Θεοῦ.
1307 3576 1417 3630 Καὶ
1444 3577 1505 3630 τὸ
1538 3577 1720 3632 ἀκοῦ-

136 3675 231 3712 σαι
269 3657 377 3730 τῆς
434 3660 621 3716 αὑτοῦ
675 3662 898 3732 φωνῆς,
943 3665 1003 3718 οὐ
1062 3666 1228 3736 νόμου
1280 3670 1592 3740 παράϐασις
1626 3665 1717 3742 ἦν,

136 3749 267 3803 ἀλλὰ
296 3743 500 3820 μᾶλλον
525 3752 837 3822 βεϐαίωσις,
898 3763 1412 3828 σκιαγραφήσαντος
1457 3761 1555 3831 τὴν
1585 3761 1721 3832 ἀλή-

137 3838 305 3906 θειαν,
351 3843 497 3897 κατά
546 3844 639 3897 τὸν
690 3845 1011 3900 Ἀπόστολον
1060 3848 1328 3917 λέγοντα·
1394 3851 1577 3920 Νόμον
1625 3849 1719 3907 οὖν

134 3938 521 4009 καταργοῦμεν
562 3938 652 3993 διὰ
706 3938 807 4009 τῆς
847 3942 1125 4011 πίστεως;
1174 3944 1251 4015 μὴ
1292 3946 1523 4015 γένοιτο.
1560 3948 1719 4003 Ἀλλά

134 4028 296 4098 νόμον
330 4026 646 4099 ἱστάνομεν.
706 4033 1024 4103 Γέγραπται
1055 4035 1164 4105 γὰρ
1194 4038 1278 4089 ὄτι
1309 4039 1337 4090 6
1366 4038 1572 4101 δίκαιός
1619 4056 1718 4109 μου

135 4119 196 4173 ἐκ
224 4120 466 4183 πίστεως
507 4110 752 4190 ζήσεται.
820 4125 1002 4198 Πέρας
1035 4126 1144 4199 γὰρ
1183 4128 1348 4197 νόμον
1379 4131 1473 4182 καὶ
1505 4147 1719 4201 προφη-

132 4210 555 4282 τῶνὸΧριστδς
614 4213 842 4268 δικαιῶν
890 4220 947 4270 ὲν
1004 4217 1187 4273 πίστει
1217 4220 1308 4273 τὸν
1362 4221 1557 4292 ἀσεϐῆ.
1593 4223 1719 4288 Τοῖς

131 4302 188 4355 δὲ
211 4303 308 4357 νῦν
335 4304 693 4375 καλουμένοις
718 4309 902 4378 ἔλεγεν
934 4313 960 4363 ὁ
990 4312 1180 4383 Πατήρ
1199 4325 1213 4339 ⁸
1250 4330 1269 4363 ι
1306 4307 1473 4376 Οὗτός
1516 4315 1662 4368 ἐστιν
1688 4316 1719 4369 ὁ
1766 4350 1785 4367 κ

1814 1843 2148 1911 signiﬁcare,
2203 1842 2351 1911 quod
2404 1842 2711 1897 ineosdem
2753 1857 2781 1895 a
2817 1842 3020 1911 quibus
3061 1850 3181 1910 orta
3239 1853 3388 1905 sunt,

1814 1935 2115 2003 perniciem
2160 1936 2501 1989 moliuntur:
2539 1951 2646 1987 non
2682 1936 2840 1988 aliter
2869 1949 3034 2004 quam
3061 1934 3228 1989 venui
3262 1933 3391 2001 ipsi,

1813 2041 1844 2079 a
1875 2042 1985 2095 qua
2016 2026 2199 2081 editus
2233 2036 2338 2088 est,
2373 2027 2426 2080 in
2454 2027 2637 2081 cibum
2680 2036 2879 2079 vestem
2917 2027 3066 2079 abire
3094 2025 3391 2080 cernimus.

1814 2118 1893 2172 Ad
1940 2116 1994 2172 id
2024 2125 2204 2171 autem
2258 2126 2313 2170 et
2349 2117 2537 2171 isthmc
2578 2117 2951 2171 consideratio
2982 2116 3298 2181 contulerit,
3335 2122 3395 2169 ut

1815 2208 2124 2269 hominum.
2169 2208 2262 2276 qui
2301 2215 2511 2275 petunt,
2550 2222 2659 2260 non
2702 2222 2866 2276 quam
2911 2205 3238 2261 metuendus
3272 2220 3396 2261 esse

1817 2310 2073 2365 conatus,
2109 2299 2203 2353 scd
2256 2298 2398 2371 ejus,
2454 2302 2547 2368 qui
2602 2298 2868 2367 loquitur,
2927 2297 3392 2365 inc0rruptiuuem

1816 2391 2397 2458 immortalitatemque
2432 2388 2863 2442 meminerimus.
2917 2386 3168 2442 Ostendit
3195 2400 3325 2439 vero
3341 2398 3395 2439 et

1816 2498 1911 2539 cos
1944 2482 2353 2537 calamitatibus
2394 2482 2446 2534 in
2494 2481 2782 2544 ultionem,
2826 2489 3084 2549 tanquam
3119 2480 3272 2533 tineis
3307 2478 3395 2533 ab-

1817 2572 1981 2628 sumi.
2047 2571 2183 2624 Nam
2224 2581 2279 2624 et
2325 2570 2527 2624 alicubi
2583 2571 2726 2638 apud
2761 2570 3080 2639 prophetam
3116 2570 3393 2638 legimus:

1812 2661 1981 2728 «Quid
1995 2661 2176 2717 adhuc
2207 2660 2600 2731 percntiamini
2634 2661 2898 2715 addentes
2927 2660 3193 2730 peccata?
3225 2657 3398 2714 Omne

1820 2765 1986 2822 caput
2041 2753 2095 2806 in
2150 2754 2391 2806 laborem
2424 2752 2494 2815 ⁸⁷,
2535 2770 2555 2803 ι
2605 2759 2658 2806 et
2691 2767 2811 2820 quae
2859 2751 3164 2820 deinceps:
3195 2749 3397 2819 quibus

1821 2857 2008 2896 eorum
2056 2842 2361 2901 interitum,
2398 2841 2751 2909 regionisque
2792 2839 3201 2903 alienationem,
3246 2837 3395 2909 urbis

1822 2933 2138 2987 incendium
2190 2932 2427 3002 denique
2496 2908 2840 3002 significavit.
2890 2930 3093 2985 Deinde
3154 2908 3397 3000 adjict’t:

1825 3022 1954 3088 Quis
1985 3023 2138 3076 estin
2172 3023 2336 3089 vobis,
2370 3024 2461 3093 qui
2486 3024 2632 3076 timet
2668 3022 2992 3078 Dominum?
3025 3022 3306 3089 nimirum,
3341 3032 3400 3079 ιιι

1821 3115 2009 3167 talium
2040 3113 2321 3183 penuriam
2360 3115 2801 3184 paucitatemque
2821 3114 3183 3187 demonstret.
3209 3111 3265 3167 Id
3295 3128 3399 3166 au-

1820 3212 1925 3260 tem
1954 3207 2039 3259 ille
2062 3206 2316 3273 postulat,
2352 3206 2657 3273 peccatoris
2692 3206 3089 3274 pmnitentiam,
3123 3219 3230 3257 non
3250 3219 3399 3258 moro

1821 3310 1926 3354 tem
1947 3296 2219 3351 desiderat
2234 3297 2302 3350 ".
2328 3295 2602 3366 ltaqneait
2617 3296 2802 3359 etiam,
2825 3311 2973 3349 nunc
2993 3309 3089 3349 vos
3105 3296 3159 3348 in
3177 3293 3399 3363 ignora-

1821 3392 1985 3445 tionis
2024 3390 2250 3443 tenebris
2283 3397 2563 3443 versantes
2597 3390 2791 3442 itetum
2818 3395 2980 3457 atque
3016 3388 3209 3442 iterum
3243 3399 3398 3440 voco.

1820 3483 1892 3538 lis
1914 3483 2130 3547 deinde,
2179 3483 2270 3551 qui
2304 3481 2442 3552 frugi
2479 3492 2632 3546 sunt,
2683 3490 2735 3535 et
2764 3481 3054 3542 mansueti,
3089 3479 3403 3533 humanita-

1823 3584 1927 3629 tem
1961 3575 2258 3643 protendit.
2287 3573 2428 3626 Sunt
2450 3574 2595 3628 enim
2630 3582 2862 3627 servata:
2888 3572 3401 3642 reliquiaquarum

1822 3664 2079 3736 primitiae
2111 3666 2213 3733 ipsi
2255 3662 2480 3716 fuerunt
2529 3661 2833 3716 Salvatoris
2879 3661 3159 3730 discipuli.
3203 3660 3404 3713 Deinde
3438 3676 3441 3679 ‘

1823 3744 1882 3809 ut
1927 3756 2106 3817 homo,
2159 3770 2291 3822 puer
2340 3752 2431 3806 Dei
2468 3752 2717 3809 dicitur:
2756 3752 2818 3804 Et
2837 3751 2978 3818 quod
3022 3752 3087 3804 de
3125 3748 3239 3818 ejus
3283 3763 3403 3802 voce

1822 3848 2087 3902 audienda
2114 3847 2356 3909 additur,
2389 3844 2525 3913 legis
2558 3851 2643 3898 est
2672 3842 3047 3908 confirmatio,
3082 3856 3189 3894 non
3226 3850 3405 3896 trans-

1825 3942 2037 4011 gressio
2087 3952 2208 4008 qute
2251 3936 2539 3991 veritatem
2589 3934 3001 3989 adumbrabat:
3039 3932 3198 4001 juxta
3249 3932 3398 4001 Apo-

1821 4033 2042 4097 stolum,
2071 4031 2160 4083 ubi
2188 4029 2288 4083 ait:
2342 4046 2359 4080 ι
2392 4027 2588 4096 Legem
2617 4026 2783 4096 igitur
2813 4024 3190 4080 destruimus?
3225 4023 3400 4078 Absit.

1821 4124 1933 4177 hno
1976 4124 2308 4179 stabilimus.
2370 4120 2636 4175 Scribitur
2670 4118 2815 4173 enim
2854 4139 2868 4172 :
2905 4116 3096 4172 Justus
3148 4131 3301 4171 meus
3337 4131 3405 4170 ex

1821 4217 1926 4271 lide
1953 4217 2106 4269 vivit.
2144 4214 2238 4270 Est
2280 4214 2425 4268 enim
2472 4211 2726 4265 Christus
2756 4209 2891 4279 legis
2920 4216 2973 4264 et
3011 4210 3402 4279 pmphctarum

1823 4310 1945 4363 finis
1998 4309 2245 4373 ultimus,
2291 4308 2384 4376 qui
2431 4306 2660 4375 impium
2698 4320 2767 4359 ex
2823 4302 2932 4357 ﬁde
2985 4299 3342 4361 iustilicat".
3379 4318 3399 4352 ι

133 4391 259 4456 Υίὸς
283 4404 416 4463 μου’
445 4396 474 4446 6
537 4398 846 4467 ἀγαπητὸς,
903 4400 1131 4454 ἀκούετε
1177 4403 1367 4456 αὑτοῦ.
1400 4424 1418 4456 ι
1454 4405 1609 4468 Τινὲς
1664 4406 1714 4458 δὲ

1827 4404 1919 4458 Eis
1942 4412 2143 4464 autem,
2185 4401 2277 4471 qui
2321 4414 2468 4454 nunc
2500 4406 2789 4464 vocantur,
2822 4397 2902 4452 sic
2941 4396 3157 4451 Patrem
3200 4395 3406 4450 allocu-

132 4485 353 4556 ἄμεινόν
384 4505 568 4557 φασιν,
600 4490 674 4554 ὡς
707 4491 799 4545 τὸν
829 4492 1102 4546 θεοσεϐεἰν
1125 4494 1388 4549 δοκοῦντα
1423 4499 1551 4568 παρ’
1581 4499 1707 4551 ἰου-

129 4576 296 4643 δαίοις
341 4581 615 4634 ἀνακαλεῖ
667 4584 804 4652 πρὸς
859 4587 1170 4655 μετάνοιαν,
1206 4588 1299 4641 καὶ
1348 4589 1424 4653 ὡς
1488 4589 1717 4660 μηδενὸς

130 4670 484 4739 πειθομένου,
516 4671 585 4725 ἐν
621 4674 820 4740 σκότῳ
875 4677 1040 4745 φησὶν
1095 4677 1361 4749 ὑπάρχειν
1398 4679 1595 4743 αὐτοὺς
1624 4682 1717 4735 καὶ

129 4763 326 4832 φωτὸς
383 4764 733 4834 ἐστερῆσθαι.
788 4766 830 4817 Τ
833 4770 959 4820 οὖτο
1004 4767 1059 4821 δὲ
1104 4772 1214 4833 τοῖς
1267 4773 1583 4836 ἀποστόλοις
1618 4773 1718 4844 οὐχ

131 4855 161 4907 i‘.

154 4857 434 4926 ξρμοττεν,
465 4857 585 4909 οὐδὲ
618 4860 681 4910 τὸ
714 4857 835 4927 πῦρ
878 4861 1140 4930 σωρεύειν
1195 4862 1315 4914 καθ’
1350 4864 1583 4930 ἑαυτῶν,
1620 4864 1720 4919 καὶ

146 4947 509 5013 κατισχύειν
556 4946 671 5015 τὴν
722 4949 938 5018 φλόγα.
995 4951 1383 5021 Ἐπιμένοντας
1434 4952 1490 5005 δέ
1541 4971 1727 5025 φησιν,

141 5036 286 5105 ὑμᾶς
315 5037 385 5106 τῇ
409 5038 638 5108 ἀπιστίᾳ
664 5038 723 5091 τὸ
747 5040 846 5110 τῆς
895 5041 1117 5093 αἰωνίου
1151 5041 1424 5102 κολάσεως
1448 5043 1726 5113 ἐκδέχεται

130 5125 247 5194 πῦρ
272 5145 285 5157 ο
312 5122 397 5191 οἷς
437 5132 692 5196 παραινεῖ
734 5137 759 5165 ³
810 5132 1076 5201 πρότερον
1121 5133 1212 5186 ἐπὶ
1258 5131 1338 5198 τῷ
1370 5134 1565 5201 Κυρίῳ
1615 5151 1721 5188 πε-

128 5219 430 5284 ποιθέναι,
471 5219 601 5273 Θεὸν
638 5221 833 5275 ἑαυτὸν
880 5217 1021 5276 εἶναι
1070 5222 1267 5294 λέγων,
1309 5223 1404 5279 καὶ
1456 5228 1721 5299 ταπεινῆς

1819 4509 1935 4555 tum
1976 4510 2113 4567 esse.
2148 4495 2413 4566 reperias,
2472 4514 2489 4546 ι
2549 4494 2648 4550 Ηίο
2689 4500 2774 4549 est
2828 4491 3017 4546 Filius
3076 4504 3232 4545 meus
3280 4489 3410 4543 dile-

1821 4601 1968 4655 ctus,
2001 4590 2179 4659 ipSum
2216 4589 2465 4644 audite'.
2509 4606 2527 4640 ι
2568 4588 2737 4642 Aiunt
2773 4585 3022 4641 nonnulli
3050 4601 3173 4641 eum
3207 4584 3408 4652 potius.

1820 4683 1912 4753 qui
1946 4682 2068 4751 pius
2099 4695 2220 4734 esse
2242 4679 2460 4733 videtur
2482 4678 2625 4748 apud
2653 4675 2872 4732 Judzeos
2894 4718 2907 4743 ,
2927 4676 2993 4731 ad
3031 4672 3411 4746 ptrnitentiam

1808 4786 2145 4845 provocare,
2183 4772 2447 4839 nulloque
2489 4782 2758 4838 persuaso
2807 4770 2862 4821 in
2902 4766 3124 4821 tenebris
3167 4781 3264 4820 eos
3297 4779 3413 4818 ver-

1832 4866 1961 4931 sari,
2008 4865 2220 4932 lucoque
2272 4861 2499 4915 destitui
2538 4858 2848 4929 significare
2887 4875 2901 4912 :
2938 4859 3083 4929 quod
3119 4856 3411 4926 discipulis
3482 4904 3485 4909 ,

1831 4971 2176 5027 nequaquam
2216 4951 2557 5018 convenerit,
2593 4959 2652 5004 ut
2700 4966 2875 5020 neque
2912 4951 3081 5019 ignem
3118 4933 3409 5003 adversum

1828 5065 1886 5104 se
1913 5062 2191 5111 acervane,
2223 5046 2598 5111 ﬂammamque
2629 5043 2934 5111 obﬁrmare.
2968 5039 3121 5107 Quod
3148 5041 3191 5094 si
3227 5040 3407 5093 incre-

1827 5142 1963 5206 duli,
1996 5139 2193 5208 inquit,
2225 5136 2385 5209 577
2418 5150 2540 5190 esse
2576 5133 2951 5204 perrexeritis,
2979 5147 3076 5186 vos
3118 5132 3407 5199 sempiter-
3466 5202 3472 5209 .

1826 5249 1910 5288 me
1931 5229 2185 5307 vindicta:
2222 5230 2361 5301 ignis
2394 5227 2632 5298 excipiat
2656 5238 2895 5295 necesse
2922 5236 3006 5280 est
3037 5240 3052 5290 ;
3091 5238 3198 5293 quo
3233 5222 3409 5293 prius,

198 5391 249 5489 ξς
280 5385 449 5489 ἰείη.
497 5413 560 5467 ιι,
597 5397 682 5454 19.
760 5402 805 5435 ⁸⁸
833 5401 939 5459 lsa.
969 5419 1116 5469 var,
1146 5404 1237 5462 9.4.
1314 5408 1489 5463 "lsa.
1526 5423 1566 5472 ι,
1599 5425 1650 5462 v.

1817 5407 2001 5489 Ezech.
2039 5425 2198 5474 xvm,
2235 5408 2326 5463 9.5.
2400 5406 2446 5438 ”
2477 5407 2636 5462 Rom.
2664 5423 2716 5474 ι,
2749 5406 2802 5461 4.
2885 5409 2899 5437 ¹
2940 5407 3132 5462 Matth.
3170 5420 3251 5471 Ill,
3283 5401 3350 5458 17
3381 5417 3411 5470 ε

129 5477 267 5526 xm,
311 5466 367 5519 5.

1438 5595 1672 5652 unus
1707 5549 2115 5651 LECTIUMS.
2166 5608 2171 5617 ~

203 5689 225 5718 ³
272 5682 363 5737 lc.
393 5683 645 5755 παρῄνει.
