3954 6308
563 253 701 319 2195

1907 270 2260 332 PBOCOPII
2298 273 2539 334 GAZ/EI
2611 347 2616 351 η

3701 282 3828 345 Ξίθῧ

563 381 626 426 ιιι
665 370 896 427 Domino
946 374 1271 445 conﬁderent
1322 378 1672 448 admonebat,
1709 399 1831 438 cum
1877 387 2048 442 Deum
2085 405 2146 444 se

2257 391 2458 456 ἑννοίας
2475 395 2539 446 ὲκ
2563 394 2656 446 τοῦ
2685 395 2866 466 σάρκα
2917 399 3104 468 φορεῖν
3157 397 3348 451 ἑαυτὸν
3381 397 3711 469 ἀποτρέπων
3738 403 3821 456 αὖα

562 460 902 530 praedicans,
947 465 1015 519 ab
1049 465 1356 536 humilique
1389 467 1456 523 de
1497 486 1556 526 se
1597 473 1930 543 cogitatione
1955 519 1967 542 ,
2025 477 2152 548 quia

563 565 787 608 carnem
810 564 1047 625 gereret,
1079 571 1342 625 avocans,
1367 561 1572 631 virgam
1599 577 1660 619 se
1689 574 1741 620 et
1779 565 2162 625 fulcimentum

565 640 768 698 factum
797 660 920 703 esse
949 658 1242 704 assereret.

637 755 828 826 Neque
871 761 1018 816 enim
1071 762 1300 820 credere
1354 766 1594 832 valeant,
1641 769 1735 840 qui
1771 770 2002 841 gloriam
2041 789 2068 824 a
2103 788 2164 829 se

567 855 784 914 mutuo,
835 866 945 906 non
981 867 1010 906 a
1047 851 1180 919 Deo,
1217 855 1310 924 qui
1344 856 1496 928 virga
1535 859 1718 916 dictus
1744 870 1850 926 est,
1884 873 2156 932 quaerant,

568 941 753 994 omnia
773 943 1065 1013 siquidem,
1091 954 1150 1000 ut
1179 951 1316 1003 bene
1339 949 1450 1004 sint
1475 955 1714 1006 sustinet
1755 953 1946 1024 :juxta
1976 957 2108 1013 illud
2143 968 2156 1003 =

575 1047 593 1078 ε
636 1026 802 1100 Virga
867 1040 958 1085 tua
1011 1042 1060 1088 et
1102 1034 1328 1090 baculus
1379 1047 1506 1093 tuus
1563 1039 1682 1110 ipsa
1732 1057 1820 1097 me
1873 1045 2159 1100 consolata

569 1129 700 1174 sunt
728 1124 770 1174 '.
821 1139 840 1172 ι
893 1123 990 1177 Est
1021 1125 1168 1178 enim
1203 1126 1524 1183 inconstans
1579 1138 1634 1186 et
1681 1130 1892 1186 lubrica
1929 1141 2156 1210 natura,

571 1219 805 1281 egetque
854 1216 1149 1284 potentiori
1183 1217 1250 1272 ad
1282 1219 1626 1274 retinendum
1665 1222 1850 1292 aliquo
1881 1238 1895 1276 :
1922 1241 2032 1293 quo
2063 1240 2160 1294 po-

573 1303 708 1360 titus
759 1305 852 1374 qui
895 1306 1083 1373 justus
1135 1320 1239 1374 est,
1294 1325 1462 1380 supra
1515 1321 1723 1381 petram
1773 1313 1878 1369 sibi
1921 1322 2156 1371 statutos

513 1388 516 1392 ’
570 1409 695 1450 esse
721 1395 888 1464 pedes
919 1395 1150 1452 ailirmat
1180 1399 1222 1452 ³.
1251 1398 1521 1453 Cmterum
1560 1403 1774 1456 versari
1830 1405 1884 1458 in
1930 1405 2155 1460 tenebris

574 1482 796 1538 Judaaos
829 1492 882 1540 et
933 1486 1136 1542 Paulus
1166 1487 1282 1556 ipse
1311 1489 1579 1554 ostendit,
1611 1508 1732 1544 cum
1769 1493 1936 1562 hujus
1966 1496 2150 1550 saeculi

572 1577 744 1629 Deum
797 1588 1008 1632 mentes
1079 1579 1380 1634 intidelium
1442 1597 1752 1638 excmcasse
1810 1587 1944 1640 dicit
1994 1589 2034 1641 ".
2089 1589 2154 1643 Et

571 1661 741 1719 Isaias
763 1703 777 1728 ,
810 1680 934 1720 cum
970 1667 1144 1720 lucem
1178 1668 1289 1722 illis
1320 1673 1774 1738 exspectantibus
1825 1673 1996 1731 fat-tas
2030 1692 2152 1732 esse

573 1751 849 1805 tenebras.
910 1751 1050 1807 Hinc
1091 1761 1146 1809 et
1199 1755 1291 1810 illa
1347 1757 1552 1812 Christi
1606 1779 1620 1816 :
1664 1779 1682 1811 ι
1741 1761 1850 1832 Εὸο
1885 1781 2004 1820 sum
2058 1769 2148 1822 lux

569 1842 761 1894 mundi
786 1843 830 1906 ⁸,
879 1861 898 1894 ι
943 1851 997 1896 ct
1027 1860 1148 1914 qua:
1180 1844 1462 1918 deinceps.
1501 1849 1567 1904 Et
1603 1852 1694 1905 illa
1729 1855 1893 1909 etiam
1936 1875 1948 1910 :
1988 1875 2006 1907 ι
2043 1856 2147 1924 Qui

571 1932 743 1985 credit
770 1932 823 1986 in
856 1947 940 1988 me
972 1949 1081 1989 non
1111 1936 1398 2004 judicatur
1429 1939 1484 1995 ⁶ε
1513 1951 1572 1996 ιιι
1595 1957 1692 1998 eos
1725 1945 1793 1998 ab
1841 1946 1986 2016 ignis
2028 1951 2150 2002 vin-

568 2021 716 2076 dicta
769 2036 1044 2080 avocaret.
1100 2027 1372 2084 Cteterum
1442 2033 1588 2102 quod
1647 2035 1922 2103 obﬁrmate
1978 2041 2148 2108 ignem

569 2111 738 2178 dixit;
790 2115 986 2183 judicii
1048 2119 1410 2174 acerbitatem
1471 2124 1985 2197 vehementiamque
2051 2131 2148 2186 de-

569 2206 914 2260 monstravit.
951 2206 1117 2261 Multa
1148 2209 1420 2278 siquidem
1463 2214 1606 2283 ignis
1633 2228 1890 2287 suggesta
1925 2225 2148 2278 materia

569 2291 899 2364 adaugetur;
939 2311 1102 2366 parva
1131 2311 1311 2354 autem
1337 2305 1682 2374 elanguescit
1707 2325 1721 2372 ;
1746 2321 1802 2364 et
1827 2324 2148 2386 consumpta

567 2384 958 2455 exstinguitur.
1015 2387 1187 2444 Judaei
1243 2392 1430 2464 itaque
1485 2399 1794 2468 prophetis,
1837 2405 1930 2472 qui
1971 2384 2150 2462 adse

569 2473 723 2528 missi
759 2485 966 2544 essent,
997 2481 1197 2548 partim
1233 2482 1399 2551 ferro,
1439 2491 1639 2556 partim
1664 2492 1941 2562 lapidibus
1977 2499 2148 2554 inter-

567 2565 973 2638 emptis,ignem
998 2573 1050 2625 in
1082 2587 1142 2628 se
1169 2575 1541 2646 accenderunt,
1573 2582 1954 2657 ﬂammamque
1988 2589 2151 2659 obﬁr-

569 2666 825 2723 marunt;
859 2675 983 2713 cum
1016 2663 1233 2719 sublato
1267 2666 1504 2735 hmrede,
1538 2671 1744 2728 Christi
1774 2675 2145 2748 disciplinam,

569 2748 704 2818 legis
743 2751 956 2806 umbris
993 2755 1220 2821 addicti,
1252 2775 1368 2812 non
1397 2763 1759 2821 admiserunt.
1795 2770 1902 2826 Eos
1942 2773 2146 2842 itaque,

571 2849 832 2911 tanquam
880 2859 940 2900 se
995 2846 1128 2917 legis
1162 2851 1384 2918 quidem
1438 2853 1604 2908 lucem
1641 2857 1842 2916 habere
1870 2872 2144 2934 putarent,

569 2945 697 2984 vere
726 2941 908 2988 tamen
933 2950 1043 2990 non
1072 2937 1359 3007 haberent,
1399 2958 1428 2996 a
1461 2961 1562 3000 sua
1593 2948 1708 3015 ipSe
1735 2961 1885 3006 arcet
1918 2953 2149 3010 tinnilia-

2265 481 2410 546 τοὺς,
2443 484 2606 538 αὐτόν
2639 503 2696 539 τε
2726 489 2996 542 ποιεῖσθαι
3024 489 3218 560 ρἀδον
3255 489 3347 542 καὶ
3360 491 3660 562 στήριγμα.

2333 771 2409 824 Οὐ
2431 772 2538 842 γὰρ
2575 773 2840 842 ἠδύναντο
2897 774 3178 830 πιστεύειν
3232 775 3394 840 δόξαν
3441 779 3577 849 παρ’
3605 779 3831 852 ἀλλήὶων

2262 861 2652 934 λαμὸάνοντες,
2711 866 2806 920 καὶ
2841 865 2938 937 τὴν
2975 866 3133 934 δόξαν
3161 868 3262 938 τήν
3297 867 3452 940 παρὰ
3475 868 3572 923 τοῦ
3621 870 3758 925 Θεοῦ
3777 874 3830 926 οὐ

2263 954 2574 1026 ζητοῦντες,
2632 954 2690 1020 ὃς
2731 954 2946 1028 εἴρηται
3005 956 3221 1028 ῥάϐδος.
3275 958 3484 1028 Ἀνέχει
3527 959 3641 1030 γὰρ
3670 961 3833 1014 πάντα

2262 1045 2399 1116 πρὸς
2422 1046 2483 1100 τὸ
2516 1043 2658 1101 εἶναι
2691 1048 2872 1112 καλῶς
2905 1048 3047 1103 κατὰ
3090 1049 3152 1103 τό
3174 1065 3189 1079 °
3237 1067 3256 1101 ι
3308 1049 3371 1102 Ἦ
3403 1050 3604 1120 ῥάϐδος
3631 1069 3726 1107 σου
3755 1056 3837 1107 καὶ

2261 1139 2292 1206 ἡ
2318 1137 2589 1210 βακτηρία
2621 1156 2738 1205 σου,
2763 1140 2926 1195 αὐταί
2950 1158 3017 1212 με
3043 1141 3450 1212 παρεκάλεσαν.
3494 1162 3514 1195 ι
3551 1144 3841 1217 ὀλισθηρᾰ

2259 1230 2424 1300 γὰρὴ
2479 1221 2660 1300 φύσις,
2717 1231 2812 1284 καὶ⁹
2861 1231 3034 1285 δεῖται
3087 1231 3185 1286 τοῦ
3243 1234 3739 1304 περικρατοῦντος.
3777 1231 3841 1290 0³3

2255 1321 2433 1392 τυχὼν
2466 1325 2493 1376 ὁ
2521 1319 2726 1386 δίκαιος
2763 1322 2914 1392 λέγει
2939 1341 2953 1354 ο
2990 1342 3012 1378 ι
3049 1325 3322 1396 Ἐστησεν
3354 1326 3449 1378 ἐπὶ
3489 1327 3703 1397 πέτραν
3730 1328 3842 1392 τοὺς

2262 1411 2434 1475 πόδας
2459 1430 2581 1482 μου.
2613 1431 2632 1464 ι
2678 1414 2781 1467 Ἐν
2807 1415 3010 1477 σκότῳ
3036 1414 3095 1468 δὲ
3127 1409 3272 1469 εἶναι
3304 1417 3742 1482 τοὺςῚουδαίους
3764 1421 3840 1472 καὶ

2255 1505 2282 1556 δ
2311 1503 2521 1565 Παῦλος
2546 1504 2739 1573 δηλῶν,
2777 1523 2796 1556 ‹
2818 1504 2878 1558 ’0
2909 1505 3039 1570 Θεὸς
3063 1505 3156 1560 τοῦ
3185 1506 3378 1570 αἰῶνος
3405 1507 3631 1572 τούτου,
3666 1511 3839 1578 φησιν,

2255 1597 2528 1665 ἐτύφλωσε
2560 1598 2624 1649 τὰ
2653 1598 2897 1666 νοήματα
2930 1597 3035 1650 τῶν
3067 1598 3166 1650 imi
3185 1616 3347 1653 στων.
3393 1619 3412 1650 ι
3449 1601 3562 1654 Καὶ
3617 1601 3839 1664 ἰισσῖας

2187 1725 2228 1778 Β
2260 1687 2444 1756 φησίν·
2488 1704 2506 1737 ι
2557 1687 3002 1778 ’Υπομεινάντων
3026 1689 3208 1743 αὐτῶν
3237 1689 3376 1759 φῶς,
3417 1691 3647 1759 ἐγένετο
3677 1693 3838 1756 αὐτοῖς

2258 1776 2470 1837 σκότος.
2507 1793 2526 1826 ι
2564 1777 2656 1828 Διὸ
2693 1777 2926 1848 Χριστὸς
2957 1777 3142 1845 ἔλεγεν
3165 1794 3179 1807 ·
3233 1798 3252 1830 ι
3300 1779 3444 1848 Ἐγώ
3484 1781 3609 1850 είμι
3649 1781 3712 1835 τὸ
3742 1781 3838 1850 ςῶς

2253 1864 2346 1917 τοῦ
2376 1865 2607 1935 κόσμου,
2647 1884 2666 1916 ι
2701 1867 2798 1920 καὶ
2833 1865 2902 1919 τὰ
2958 1866 3113 1935 ἑξῆς.
3171 1869 3282 1922 Καὶ
3315 1869 3412 1922 τοῦ
3441 1870 3547 1940 τῆς
3573 1870 3838 1934 κολάσεως

2251 1954 2305 2006 δὲ
2337 1955 2509 2023 πυρὸς
2541 1957 2867 2028 ἀποτρέπων
2899 1959 3097 2021 αὐτοὺς
3151 1958 3383 2027 ἔλεγεν·
3419 1980 3438 2012 ι
3485 1962 3546 2014 ’0
3577 1962 3839 2016 πιστεύων

2256 2045 2337 2108 είς
2359 2045 2450 2097 τὸν
2475 2045 2631 2108 Υίὸν,
2656 2048 2716 2099 οὐ
2769 2047 3036 2117 κρίνεται.
3081 2067 3102 2100 ι
3147 2050 3436 2104 Ἐπίτασιν
3461 2050 3523 2104 δὲ
3548 2051 3840 2122 παρίστησι

2259 2135 2496 2204 κρίσεως
2519 2137 2600 2200 τὸ,
2631 2138 2967 2208 Κατισχύετε
3009 2139 3207 2208 φλόγα.
3239 2141 3412 2211 ’Ὑλης
3446 2143 3549 2212 μὲν
3581 2143 3699 2212 γὰρ
3721 2145 3840 2196 πολ-

2259 2225 2356 2298 λῆς
2382 2228 2831 2298 προσαγομένης,
2854 2229 3026 2294 αῦξει
3055 2231 3119 2284 τὸ
3137 2231 3279 2300 νεῦρ’
3319 2231 3510 2302 ὀλίγης
3537 2233 3621 2297 δὲ,
3649 2233 3837 2287 ἀτονεῖ·

2251 2317 2660 2392 δαπανηθείσης
2701 2321 2794 2387 δὲ,
2859 2321 3170 2382 σϐέννυται.
3219 2323 3464 2378 Ἰουδαῖοι
3512 2325 3702 2378 τοίνυν
3742 2326 3838 2396 πῦρ

2251 2411 2375 2464 καθ’
2407 2411 2616 2466 ἑαυτῶν
2635 2413 2898 2478 ἔκαυσαν,
2929 2415 3355 2479 ἀποκτείναντες
3374 2417 3503 2480 τοὺς
3536 2420 3837 2490 προφήτας,

2252 2503 2344 2556 καὶ
2377 2501 2825 2574 ὶιιθοὸολήσαντες
2853 2505 2984 2569 τοὺς
3037 2507 3506 2577 ἀπεσταλμένους.
3550 2511 3839 2578 Κατίσχυο

2249 2614 2372 2652 σαν
2399 2599 2456 2651 δὲ
2483 2600 2580 2669 τὴν
2615 2597 2849 2653 ἑαυτῶν
2868 2600 3090 2670 φλόγα,
3114 2601 3207 2656 τὸν
3241 2599 3591 2672 κληρονόμον
3612 2604 3838 2656 ἀπεκτοο

2251 2691 2422 2754 νότες,
2456 2691 2507 2744 οἳ
2552 2690 2651 2761 τὴν
2709 2689 2798 2744 διὰ
2847 2689 3089 2760 Χριστοῦ
3126 2691 3413 2745 παίδευσιν
3445 2693 3551 2746 οὐκ
3573 2691 3836 2759 ἐδέξαντο,

2251 2785 2370 2845 ταῖς
2403 2783 2494 2835 τοῦ
2519 2773 2686 2853 νόμου
2737 2785 2919 2845 σκιαῖς
2948 2783 3354 2854 ἐπιμείναντες.
3383 2783 3590 2856 Διόπερ
3621 2785 3702 2848 ὡς
3726 2783 3838 2856 φῶς

2254 2875 2352 2942 μὲν
2377 2874 2523 2944 ἔχειν
2551 2875 2837 2945 οἰομένους
2859 2874 2930 2928 ἰδ’
2947 2875 3192 2944 νομικὸν,
3235 2877 3297 2928 οὐ
3338 2877 3448 2947 μὴν
3466 2876 3703 2946 ἔχοντας
3731 2878 3837 2948 dir,-

2253 2965 2380 3029 θῶς,
2412 2967 2512 3035 τῆς
2547 2968 2682 3039 πρὸς
2735 2964 2899 3022 αὐτὸν
2937 2968 3287 3039 οἰκειότητος
3335 2969 3739 3038 ἀποπέμπεται
3764 2971 3840 3023 li-

571 3021 733 3076 ritate
757 3030 811 3077 et
840 3027 1277 3096 consuetudine;
1304 3046 1428 3086 cum
1457 3034 1510 3088 in
1537 3035 1736 3092 Iuntina
1760 3041 1896 3110 ignis
1917 3047 2146 3115 proprii.

2257 3021 2397 3122 YCDJ’
2431 3021 2766 3125 ήορεύεονθε
2789 3055 2870 3123 τῷ
2891 3059 3040 3128 ερωτὶ
3077 3021 3189 3111 τού
3222 3021 3420 3126 πικρὸς
3439 3021 3600 3129 ὑμὲιν
3643 3060 3742 3114 καὶ
3775 3059 3837 3127 τῇ

569 3123 618 3164 et
667 3119 721 3167 in
749 3114 990 3183 ﬂarrzma,
1026 3135 1186 3189 quam
1217 3125 1624 3193 succenderunt,
1651 3129 1808 3199 jubet
1841 3114 2143 3195 ambulare.

568 3209 758 3280 Neque
783 3229 914 3270 vero
945 3215 1108 3272 illatae
1135 3217 1285 3288 ipsos
1321 3221 1374 3274 in
1399 3221 1679 3280 Christum
1720 3229 1934 3300 injuriae
1957 3231 2148 3304 poenas

570 3303 743 3358 luisse
767 3305 1006 3376 ignorari
1037 3311 1278 3378 patitur;
1327 3325 1463 3386 cum~
1484 3325 1700 3386 propter
1741 3337 1798 3375 se
1825 3303 2010 3380 ist/uec
2041 3329 2149 3384 illis

571 3395 718 3463 facta
754 3413 887 3462 esse,
911 3410 959 3452 et
977 3400 1032 3452 in
1055 3416 1278 3456 interere
1297 3406 1622 3462 dormituro:
1647 3412 1867 3480 subiicit
1903 3433 1917 3470 :
1947 3419 2150 3488 quibus

570 3501 825 3554 agrorum
866 3491 1200 3558 vastitatem,
1228 3495 1494 3569 urbisque
1524 3499 1912 3574 direptionem,
1961 3514 2148 3582 templi

569 3578 806 3647 denique
862 3580 1176 3638 incendium
1215 3585 1578 3644 demonstrat.
1635 3593 1976 3654 Dormierunt
2015 3578 2146 3658 vero

567 3671 730 3724 etiam
764 3673 818 3726 in
861 3689 1122 3740 mwrore;
1165 3681 1272 3744 vel,
1307 3674 1382 3734 ut'
1415 3681 1490 3735 ait
1518 3681 1921 3757 Symmachus,
1960 3694 2015 3746 in
2045 3696 2145 3749 do-

565 3761 714 3826 lore;
771 3765 874 3828 vel,
932 3774 991 3820 ut
1038 3766 1288 3837 Aquilas,
1341 3771 1396 3824 in
1459 3773 1919 3844 defatigationem.
1957 3780 2146 3852 Neque

565 3857 710 3908 enim
753 3857 845 3924 qui
889 3857 1030 3912 facta
1067 3875 1163 3930 per
1193 3859 1476 3918 Christum
1522 3865 1901 3940 redemptione
1931 3875 2140 3946 indigni

564 3948 730 4019 573
785 3959 935 4018 sunt,
993 3953 1111 4021 ipsa
1165 3956 1518 4024 praemiorum
1571 3976 1708 4031 spe,
1758 3981 1868 4020 non
1915 3969 2144 4039 spiritus

2252 3148 2454 3218 φλογὶ,
2517 3141 2557 3219 ᾗ
2613 3147 3007 3212 ἐξεκαύσατε.
3064 3147 3188 3201 Ὀτι
3245 3149 3300 3201 δὲ
3330 3147 3433 3218 τῆς
3474 3151 3560 3212 εἰς
3614 3151 3838 3220 Χριστὸν

2256 3241 2545 3312 παροινίας
2569 3241 2753 3295 ἔτισαν
2787 3241 2971 3307 δίκας,
2994 3241 3326 3313 παρίστησιν
3359 3243 3604 3311 ὲπάγων’
3639 3242 3721 3296 Δι’
3748 3241 3836 3312 ἐμὲ

2253 3331 2491 3402 ἐγένετο
2512 3333 2697 3386 ταῦτα
2715 3331 2876 3402 ὐμῒνα
2904 3332 2974 3386 ἐν
2991 3332 3157 3401 λύπῃ
3175 3331 3648 3400 κοιμηθήσεσθε.
3665 3333 3836 3386 Ταῦτα

2254 3423 2309 3478 δὲ
2337 3423 2486 3492 λέγει
2505 3423 2772 3494 πόρθησιν
2795 3422 3001 3497 χώρας,
3017 3424 3228 3487 πόλεως
3255 3423 3482 3488 ἅλωσιν,
3516 3425 3836 3497 ἐμπρησμὶν

2254 3517 2350 3570 τοῦ
2407 3517 2533 3571 νεῶ.
2574 3515 3018 3586 Ἑκοιμήθησαν
3045 3500 3101 3570 δὲ
3155 3517 3252 3569 καὶ
3279 3516 3475 3584 axem;
3511 3528 3562 3581 ι,
3584 3517 3620 3588 ἦ
3661 3519 3754 3570 καὶ
3779 3517 3835 3568 ἐγ

2253 3607 2468 3677 ὀδύνῃ,
2492 3607 2635 3660 κατὰ
2683 3606 3018 3678 Σύμμαχον·
3051 3607 3084 3678 ἢ
3129 3607 3270 3660 κατὰ
3299 3606 3392 3660 τὸν
3447 3608 3712 3672 Ἀκύλαν,
3760 3610 3828 3672 εἷς

2251 3699 2637 3768 διαπόνησιν.
2687 3699 2800 3770 Τὴν
2858 3698 2948 3752 διὰ
2997 3698 3236 3771 Χριστοῦ
3275 3699 3385 3768 γὰρ
3432 3697 3711 3768 λύτρωσιν
3747 3700 3832 3752 οὖν

2251 3790 2571 3856 ἀξιωθέντες
2599 3791 2805 3854 λαόεῖν,
2839 3789 2942 3844 οὐκ
2987 3791 3045 3844 ἐν
3090 3789 3269 3844 ἐλπίδι
3309 3789 3514 3860 γερῶν,
3546 3794 3643 3844 καὶ
3671 3791 3830 3860 θυμη-

2251 3883 2340 3955 δίᾳ
2370 3884 2734 3954 πνευματικῇ,
2774 3881 2893 3935 ἀλλ’
2917 3883 2976 3934 ὲν
3003 3880 3155 3952 φόϐῳ
3205 3881 3508 3947 κολάσεων,
3547 3882 3647 3936 καὶ
3701 3882 3830 3954 λύπῃ

2251 3977 2318 4047 τῇ
2349 3975 2414 4028 δι’
2439 3974 2610 4036 αὐτὰς
2645 3971 2978 4042 ὀδυνώμενοι
3007 3971 3502 4043 κοιμηθήσονται.

561 4044 927 4100 oblectatione
979 4045 1268 4112 fruentur;
1331 4051 1426 4106 sed
1479 4069 1766 4124 ptenarum
1819 4059 2142 4134 dolorisque
2183 4044 2329 4124 metu
2372 4068 2687 4123 dormientes
2735 4067 3149 4123 cruciabuntur.

1207 4142 1362 4199 CAP.
1401 4145 1486 4199 LI.

631 4225 798 4281 Vens.
830 4229 946 4283 1-5.
984 4231 1178 4286 Audite
1207 4250 1305 4300 me,
1343 4238 1432 4305 qui
1451 4241 1829 4310 pet-sequimini
1869 4247 2008 4314 quod
2052 4255 2142 4316 ju-

561 4328 815 4376 stumest.
864 4332 913 4374 et
955 4323 1046 4390 qui
1092 4327 1331 4393 quaeritis
1390 4327 1692 4385 Dominum.
1745 4331 2033 4392 Intuemini
2086 4341 2141 4394 in

559 4409 786 4462 solidum
807 4421 1032 4478 petram,
1059 4431 1219 4482 quam
1251 4419 1550 4484 excidistis,
1580 4433 1630 4475 et
1655 4424 1709 4476 in
1741 4425 1948 4493 foveam
1969 4429 2140 4496 lacus,

557 4517 718 4568 quam
755 4502 1034 4570 eﬂbdistis.
1073 4504 1363 4562 Intuemini
1389 4511 1440 4563 in
1473 4513 1746 4569 Abraham
1787 4531 1990 4586 patrem
2057 4539 2142 4577 re-

560 4600 755 4651 strum.
792 4601 841 4644 et
875 4593 926 4646 in
958 4592 1200 4663 Sarram,
1235 4615 1352 4669 quae
1378 4605 1576 4669 peperit
1607 4621 1718 4668 vos,
1749 4615 1853 4664 etc.

632 4788 737 4842 Sed
772 4791 874 4845 ista
907 4810 972 4848 ne
1004 4810 1098 4850 vos
1132 4799 1244 4866 pati
1279 4802 1583 4872 contingat,
1617 4807 1780 4860 etiam
1813 4825 1962 4864 nunc
2004 4811 2131 4864 hor-

558 4880 686 4944 tari,
719 4890 771 4936 et
803 4884 867 4936 ad
907 4886 1342 4956 resipiscentiam
1391 4889 1692 4962 provocare
1742 4913 1852 4952 non
1904 4900 2134 4967 desino;

555 4971 674 5040 qui,
713 4971 973 5028 simulato
1017 4978 1241 5046 quidem
1302 4980 1356 5034 in
1394 4983 1578 5038 Deum
1633 4988 1806 5054 cultu,
1857 4992 2137 5045 contraria

554 5075 734 5117 autem
763 5064 1008 5136 ejusdem
1031 5071 1298 5125 voluntati
1330 5072 1600 5143 faciendo,
1626 5079 1756 5135 dum
1777 5083 2138 5152 quodjustum

553 5163 629 5208 est
681 5159 1074 5227 persequimini,
1109 5163 1396 5217 veritatem
1442 5167 1594 5223 vobis
1644 5169 1921 5226 inimicam
1983 5174 2131 5227 exsi-

554 5253 701 5299 stere
725 5249 954 5316 putatis.
975 5250 1164 5304 Placet
1194 5268 1325 5313 vero
1356 5259 1656 5323 nonnullis,
1679 5276 1792 5328 eos,
1823 5261 1916 5332 qui
1951 5263 2134 5326 ﬁdem,
2169 5319 2175 5325 _

553 5336 947 5411 Christumque
977 5341 1254 5411 justitiam
1287 5358 1563 5417 quaarunt,
1620 5356 1940 5423 prophetam
1989 5357 2134 5410 allo-

623 5493 646 5524 ’
685 5491 830 5549 Psal.
865 5510 1001 5560 χιιι,
1040 5514 1114 5553 ιν.
1215 5501 1233 5531 ⁸
1277 5501 1419 5557 Psal.
1460 5521 1648 5571 xxxix,
1683 5508 1734 5562 5.

2837 4161 3089 4216 ΚΕΦΑΑ.
3125 4159 3257 4214 NA'.

2303 4251 2454 4322 α’-γ¹.
2486 4253 2818 4308 Ἀκούσατέ
2864 4271 3006 4324 μου,
3041 4255 3096 4306 al
3139 4250 3457 4318 διώκοντες
3487 4251 3558 4306 τὸ
3587 4251 3825 4312 δίκαιον,

2249 4346 2347 4398 καὶ
2395 4343 2712 4412 ζητοῦντες
2759 4345 2868 4400 τὸν
2928 4345 3171 4414 Κύριον.
3203 4342 3590 4413 Ἐμελέψατε
3623 4345 3708 4408 είς
3730 4343 3827 4410 τὴν

2250 4438 2505 4505 στερεὰν
2531 4435 2778 4506 πέτραν,
2833 4435 2915 4504 ἣν
2961 4434 3398 4506 ἐλατομήσατε,
3456 4435 3562 4489 καί
3605 4437 3696 4502 εις
3735 4435 3827 4488 τὸν

2245 4529 2518 4592 ,βόθυνον
2545 4528 2653 4583 τοῦ
2696 4527 2952 4594 λάκκου,
3019 4527 3093 4582 ὃν
3127 4527 3416 4598 ὠρύξατε.
3472 4527 3827 4597 Ἑμὸλέψατε

2251 4623 2340 4683 εις
2367 4619 2627 4688 Ἀϐραὰμ
2676 4619 2785 4672 τὸν
2837 4617 3072 4688 πατέρα
3126 4617 3318 4688 ὑμῶν,
3347 4619 3450 4672 καὶ
3485 4621 3578 4686 είς
3609 4619 3828 4688 Σάῥραν

2253 4710 2368 4775 τὴν
2394 4708 2739 4762 ὠδίνουσαν
2767 4707 2945 4777 ὑμᾶς,
2977 4726 3031 4762 κ.
3057 4726 3108 4763 τ.
3133 4709 3183 4764 λ.

2323 4801 2462 4853 Ἀλλ’
2493 4802 2580 4854 ἵνα
2603 4801 2676 4872 μὴ
2690 4801 2862 4854 ταῦτα
2885 4800 3120 4870 πάθητε,
3140 4800 3233 4853 καὶ
3247 4799 3343 4852 νῦν
3361 4798 3442 4853 ἔτι
3463 4798 3719 4871 παραινῶ
3744 4799 3827 4864 τὴν

2243 4885 2845 4962 μετὰνοιαν,ὧᾶνδρες,
2866 4892 3018 4962 ὑμῖν,
3048 4893 3098 4944 oi
3118 4889 3585 4962 προσποιούμενοι
3623 4891 3722 4960 μὲν
3751 4889 3826 4941 τον

2240 4983 2442 5054 Κύριον
2469 4985 2660 5054 τιμᾷν,
2691 4983 2910 5036 ἐναντία
2941 4983 2996 5037 δὲ
3033 4983 3370 5054 πράττοντες
3401 4985 3468 5054 τῇ
3497 4981 3593 5034 τοῦ
3636 4982 3822 5050 Κυρίου

2247 5073 2430 5144 βουλῇ,
2453 5073 2530 5145 τῷ
2553 5073 2620 5127 τὸ
2639 5074 2875 5128 δίκαιον
2893 5075 3195 5140 ἐλαύνειν,
3211 5072 3468 5144 ἡγεῖσθαί
3478 5074 3508 5114 δ
3525 5091 3584 5126 τε
3600 5072 3823 5144 δυσμενῆ

2246 5165 2344 5236 τὴν
2378 5165 2658 5234 ἀλήθειαν.
2683 5165 2840 5230 Τινὲς
2865 5166 2922 5220 δέ
2961 5182 3126 5234 φασιν
3165 5165 3242 5230 ὡς
3264 5168 3585 5237 προσφωνεί
3608 5168 3721 5228 τοίς
3745 5181 3821 5216 πι-

2247 5257 2496 5312 στεύουσι
2519 5260 2611 5312 καὶ
2637 5258 2858 5331 ζητοῦσι
2891 5259 3128 5330 Χριστὸν
3175 5259 3278 5330 τὴν
3321 5257 3702 5330 δικαιοσύνῃ’
3741 5253 3820 5310 καὶ

2246 5350 2319 5414 ὡς
2351 5351 2667 5424 ἀλλοτρίους
2695 5354 2804 5408 τῶν
2841 5353 3108 5409 Ἰουδαίων
3153 5352 3378 5412 τούτους
3417 5353 3597 5410 καλεῖ.
3623 5353 3822 5416 Πάντας

1813 5509 1830 5540 ’⁸
1876 5509 1915 5564 ll
1953 5511 2081 5569 Cor.
2113 5530 2186 5576 iv,
2230 5512 2283 5568 4.
2361 5512 2381 5550 ³³
2423 5511 2464 5564 ll
2499 5511 2623 5568 Cor.
2681 5529 2793 5577 vm,
2845 5513 2930 5566 ιε.
3009 5510 3028 5539 ⁸
3066 5507 3224 5567 Joan.
3259 5527 3341 5576 ιιι,
3380 5508 3468 5565 18.

1828 5625 2068 5683 .VARUE
2113 5627 2519 5684 LECTIONI'TS.

635 5712 660 5741 ι
691 5719 777 5770 no.
802 5705 854 5755 ἒν
886 5705 1051 5778 λύπῃ.
1132 5709 1157 5747 ι)
1190 5725 1279 5777 γρ.
1317 5710 1557 5778 ἡγεῖσθε.
