3980 6306
136 293 265 357 2i07

1262 295 1792 355 COMMENTARII
1841 296 1921 354 ΙΝ
1962 299 2246 357 ISAIAM.

3239 299 3382 366 2498

137 412 235 481 γὰρ
264 410 487 480 προεῖπε
515 407 626 476 πῦρ
651 407 847 473 καίειν,
884 407 942 461 ὲν
984 401 1028 476 ᾧ
1077 411 1167 461 καὶ
1209 409 1626 478 κατεκαύθησαν
1655 408 1703 460 οἳ

1810 409 1935 476 qui;
1967 421 2018 464 et
2053 412 2197 463 velut
2227 425 2254 462 a
2288 408 2490 465 ludatis
2548 411 2756 466 alienos
2787 412 2910 468 illos
2945 414 3233 485 appellare.
3259 417 3385 472 0m-

135 498 377 554 διώκουσι
427 497 494 552 τὸ
546 495 800 564 δίκαιον,
853 499 952 571 οὐχ
977 499 1049 563 ὡς
1087 500 1466 566 ἐλαύνοντες,
1492 498 1704 563 ἀλλ’ὡς

136 591 216 644 ἐπ’
245 590 373 644 αὐτὸ
397 589 701 662 τρέχοντες,
731 589 818 643 ἵνα
874 590 1278 654 καταλάϐωσιν,
1314 591 1389 654 ὡς
1409 591 1468 644 τό
1490 607 1503 620 ·
1543 610 1562 644 ι
1599 592 1706 662 Ζή-

133 699 290 752 τησον
317 682 559 754 εἰρήνην,
601 683 694 736 καὶ
726 681 918 748 δίωξον
965 683 1155 752 αὐτήν.
1199 702 1216 734 ι
1271 682 1566 750 Ὀλιγοστοὶ
1606 683 1704 752 μὲν

137 775 238 844 γὰρ
273 767 417 827 οὗτοι
437 790 452 804 '
485 774 858 846 προϐήσονται
887 774 943 828 δὲ
973 775 1055 838 είς
1089 775 1327 846 ἄμετρον
1363 775 1566 845 πλῆθος
1595 775 1703 828 τῶν

135 869 295 920 ἐθνῶν
323 867 760 938 προστιθεμένων
787 869 900 930 τοῖς
932 869 996 922 ὲκ
1046 869 1350 938 περιτομῆς
1382 869 1409 921 ὃ
1435 869 1527 922 καὶ
1560 885 1706 937 παρ-

138 962 308 1029 ίστησι
342 958 687 1030 παράδειγμα
707 959 815 1012 τὸν
844 959 1101 1028 Ἀϐραὰμ
1129 961 1224 1012 καὶ
1252 959 1366 1027 τὴν
1388 960 1622 1027 Σιὶρῤαν
1654 971 1701 1014 ε.

134 1051 283 1114 Τινὲς
303 1051 360 1104 δὲ
398 1049 529 1120 πρὸς
588 1049 717 1114 τοὺς
772 1049 1036 1114 ἀπίστους
1095 1051 1350 1120 εἰρῆσθαι
1383 1051 1476 1104 τὸν
1525 1051 1701 1118 λόγον,

134 1139 204 1202 ὡς
230 1139 582 1208 προείπομεν,
605 1138 877 1206 λέγοντες,
909 1139 1072 1206 φασὶν
1103 1137 1178 1202 ὡς
1203 1138 1324 1192 ἀντὶ
1357 1138 1470 1204 τοῦ,
1493 1138 1592 1192 καὶ
1617 1140 1706 1204 είς

135 1232 236 1284 τὸν
265 1232 554 1296 βόθυνον,
601 1232 630 1284 6
683 1229 998 1300 Σύμμαχος.
1059 1232 1148 1297 είς
1175 1230 1292 1299 τὴν
1346 1233 1702 1302 τρυμαλιάνο

131 1324 157 1374 6
199 1321 255 1373 δὲ
290 1319 547 1382 Ἀκύλας,
580 1320 732 1388 πρὸς
761 1320 1057 1388 ἐκκοπὴν,
1084 1321 1444 1375 ἐκδεδώκασιν
1474 1340 1489 1354 ·
1540 1325 1708 1378 αἰνιτ-

131 1411 352 1481 τομένου
379 1409 470 1463 τοῦ
496 1410 656 1477 λόγου
696 1411 796 1480 τὴν
825 1410 984 1480 σῶμα
1021 1411 1116 1464 τοῦ
1168 1412 1374 1484 Κυρίου
1405 1412 1707 1485 δεξαμένην

134 1503 352 1572 πέτραν,
409 1499 488 1568 ἢν
531 1501 750 1568 ὄρυξεν
788 1501 1010 1572 Ἰωσήφ.
1054 1497 1188 1556 Εἶτα
1233 1505 1435 1576 μετέϐη
1501 1507 1594 1560 ἐπὶ
1647 1507 1708 1560 τὸ

134 1593 479 1664 παράδειγμα
503 1589 604 1645 τοῦ
636 1592 914 1662 Ἀϐραὰμ,
937 1593 1031 1647 καί
1064 1593 1174 1662 τῆς
1196 1593 1448 1664 Σάρρας,
1475 1596 1524 1649 οἳ
1550 1597 1707 1668 δίκην

131 1688 330 1757 πέτρας
359 1685 602 1754 ἄκαρποι
621 1685 715 1738 καὶ
730 1685 916 1754 ἄγονοι
939 1687 1253 1755 γεγονότες,
1293 1688 1508 1742 πολλῶν
1538 1689 1708 1745 ἐθνῶν

1807 513 1905 554 nes
1941 501 2085 555 enim
2114 509 2274 556 antea
2317 500 2494 571 ignem
2524 503 2822 558 accendere
2850 504 3024 572 dixit;
3056 507 3111 560 in
3144 521 3254 576 quo
3279 509 3382 578 ipsi

1805 591 1971 646 etiam
2018 593 2290 649 combusti
2329 602 2479 657 sunt,
2530 591 2620 662 qui
2679 594 2817 664 quod
2865 595 3070 664 justum
3119 606 3218 661 est,
3273 613 3382 653 nou

1813 679 2115 748 abigendo,
2153 681 2246 734 sed
2311 681 2617 750 appetendo
2668 689 2728 733 "ut
2776 680 3388 751 adipiscantur,.pcrse-

1805 779 2040 839 quuntnr
2073 790 2086 824 :
2138 769 2311 836 Quale
2341 771 2471 826 illud
2503 779 2627 827 est:
2667 790 2686 823 ε
2727 771 2918 836 Ouazre
2953 787 3140 842 pacem
3175 782 3229 828 et
3265 790 3387 842 per-

1807 877 2034 930 sequere
2065 881 2184 917 eam
2219 866 2259 918 ".
2316 884 2333 916 ›
2376 863 2514 918 Sunt
2551 865 2696 918 enim
2726 865 2986 933 perpauci
3017 864 3096 919 illi
3127 864 3384 934 quidem;

1807 952 1902 1007 sed
1947 953 2000 1006 in
2033 953 2465 1010 'tuultitudinem
2517 955 2749 1010 evadent
2780 955 3071 1024 inﬁnitam,
3113 971 3237 1011 cum
3283 957 3385 1024 ipsi

1808 1046 2145 1117 accesserint
2174 1045 2367 1111 Judaei,
2415 1057 2474 1100 ut
2513 1049 2802 1101 Abrahami
2836 1047 3116 1115 Sarrwque
3137 1051 3386 1117 exemplo

1807 1134 2254 1189 demonstratur.
2288 1137 2545 1192 Nonnulli
2577 1131 2767 1193 rursus
2789 1140 3049 1196 adversiis
3076 1141 3386 1195 incredulos

1777 1225 2117 1282 ’sermoncm
2151 1243 2292 1288 esse.
2339 1230 2500 1284 sicuti
2529 1229 2790 1292 diximus,
2822 1231 3094 1290 arbitrati,
3131 1247 3226 1299 pro
3252 1247 3384 1300 quo,

1807 1322 1856 1368 et
1900 1318 1952 1368 in
1981 1315 2186 1384 foveam
2219 1317 2523 1385 habemus;
2557 1327 2605 1372 et
2635 1319 2688 1372 in
2729 1319 2964 1385 foramen
2997 1318 3383 1390 Symmachum

1808 1407 2052 1474 quidem,
2091 1409 2142 1461 in
2181 1410 2704 1466 excisionemautcm
2737 1412 2992 1480 Aquilam
3037 1413 3387 1466 transtulisse

1810 1500 2038 1566 volunt;
2075 1509 2335 1570 tanquam
2368 1511 2575 1572 petram
2614 1503 2760 1556 illam
2790 1520 2910 1573 qua:
2938 1503 3144 1560 Christi
3186 1521 3387 1574 corpus

1809 1597 2046 1666 excepit,
2075 1605 2128 1648 et
2159 1611 2188 1649 a
2217 1594 2456 1667 Joscpho
2489 1599 2668 1651 excisa
2699 1613 3050 1667 excavataque
3079 1609 3182 1662 est,
3209 1601 3384 1653 oratio
3432 1613 3458 1624 κ

1811 1687 2182 1742 demonstret.
2237 1687 2440 1743 Deinde
2467 1687 2533 1742 ad
2565 1687 2855 1741 Abraltami
2903 1698 2949 1742 et
2985 1687 3165 1743 Sarra:
3204 1705 3390 1742 exem-

132 1776 373 1845 πατέρες
401 1774 650 1844 ἐγένοντο
693 1773 782 1827 διὰ
813 1775 1067 1840 πίστεως,
1107 1775 1181 1840 ὡς
1221 1778 1250 1831 ὁ
1283 1777 1494 1842 Παῦλος
1524 1795 1658 1850 φησι
1686 1795 1700 1810 ·

1809 1779 1958 1848 plum
1992 1794 2306 1833 sermonem
2345 1778 2628 1845 transfert,
2657 1779 2751 1850 qui
2796 1787 2849 1835 et
2893 1781 2996 1848 ipsi
3045 1781 3162 1835 saxi
3215 1795 3386 1845 more,

138 1867 477 1939 ιΚατενόησε
498 1866 559 1920 τὸ
588 1867 780 1920 ἑαυτοῦ
808 1867 966 1938 σῶμα
983 1867 1082 1938 ’ήδη
1105 1868 1533 1941 νενεκρωμένον,
1561 1889 1582 1920 ι
1608 1871 1704 1924 καὶ

130 1959 192 2012 τὰ
221 1959 313 2012 ἐπὶ
338 1958 532 2030 τούτῳ.
563 1958 660 2022 Ἐξ
687 1958 824 2025 ἐνὸς
856 1957 971 2025 οὖν,
1002 1959 1108 2014 τοῦ
1146 1960 1400 2031 Ἀϐραὰμ
1455 1962 1556 2016 καὶ
1592 1961 1704 2031 τῆς

131 2049 352 2120 Σιὶρῤας
381 2051 488 2120 (εις
509 2051 617 2119 γὰρ
643 2049 830 2120 ἄμφω,
867 2051 1006 2104 κατὰ
1034 2051 1112 2104 τό·
1147 2052 1401 2106 Ἔσονται
1423 2053 1472 2106 οἱ
1501 2053 1594 2106 δύο
1627 2055 1706 2116 είς

133 2145 303 2214 σάρκα
335 2142 491 2215 μίαν)
534 2143 672 2199 ὡσεὶ
700 2143 769 2196 τὰ
801 2143 976 2214 ἄστρα
1007 2143 1098 2197 τοῦ
1142 2145 1374 2216 ούρανοῦ
1405 2145 1482 2215 τῷ
1513 2145 1705 2216 πλήθει

132 2235 462 2305 συνέστησαν
486 2254 497 2265 ·
517 2234 598 2288 διό
622 2251 808 2304 φησιν,
838 2229 943 2302 Εἷς
969 2231 1066 2304 ἦν,
1084 2237 1180 2290 καί
1201 2235 1468 2291 ἐκάλεσα
1495 2239 1700 2292 αὐτόν.

131 2325 334 2396 Ὥσπερ
359 2320 456 2378 οὖν
503 2324 596 2378 ἐπὶ
629 2323 723 2377 τοῦ
754 2323 1011 2392 Ἀϐραὰμ
1042 2323 1184 2378 οὕτω
1203 2327 1481 2397 πεποίηκα
1509 2343 1520 2356 ·
1562 2327 1706 2381 οὕτω

131 2420 204 2491 μὴ
229 2417 663 2487 ἀπογινώσκετε,
697 2415 772 2479 ὡς
815 2417 908 2469 καὶ
959 2415 1066 2468 ἀπὸ
1097 2415 1198 2486 τῆς
1229 2415 1450 2485 πέτρας
1479 2415 1702 2488 ταύτης,

127 2511 204 2579 ἢν
227 2509 396 2577 ὑμεῖς
421 2507 858 2576 ἐλατομήσατε,
914 2505 1066 2560 ἔσται
1099 2525 1180 2570 τις
1225 2507 1379 2570 ἐλπὶς
1429 2509 1706 2580 σωτηρίας

127 2605 286 2658 πᾶσιν
318 2600 654 2672 ἀνθρώποις.
679 2598 846 2652 Ἀλλὰ
887 2598 979 2652 καὶ
1006 2597 1193 2666 πέτρα
1224 2600 1364 2653 κατὰ
1395 2600 1606 2652 Παῦλον
1633 2596 1701 2671 ἦν

124 2695 153 2747 ὁ
175 2692 430 2765 Χριστὸς,
453 2692 521 2762 ἥν
544 2693 602 2744 ὲν
619 2689 698 2760 τῷ
717 2689 880 2744 πάθει
901 2689 1192 2760 διώρυξαν,
1216 2689 1358 2742 κατὰ
1380 2691 1442 2742 τό
1461 2707 1472 2720 ·
1499 2711 1517 2740 ι
1534 2692 1702 2758 Ὠρυ-

129 2783 220 2849 ξαν
249 2775 441 2856 χεῖράς
479 2800 582 2853 μου
617 2781 714 2834 καὶ
765 2780 933 2844 πόδας
985 2798 1108 2851 μου.
1144 2799 1162 2832 ι
1193 2782 1466 2836 Βόθυνον
1511 2781 1568 2834 δὲ
1603 2781 1703 2850 τὴν

127 2876 423 2950 τρωθεῖσαν
455 2873 697 2945 πλευρὰν
729 2873 1129 2928 ὑπαινίττεται.
1158 2873 1257 2926 Διὰ
1301 2871 1408 2943 γὰρ
1438 2873 1701 2946 τούτωνή

129 2967 388 3040 σωτηρία,
419 2967 516 3021 καὶ
547 2969 652 3038 τῆς
683 2963 1011 3036 Ἐκκλησίας
1056 2964 1288 3034 συνέστη
1312 2965 1376 3017 τὸ
1402 2965 1701 3036 πλήρωμα,

127 3059 374 3130 καθάπερ
419 3057 487 3123 ἐξ
539 3056 786 3126 Ἀϐραὰμ
836 3053 939 3130 καὶ
981 3053 1214 3122 Σίίρῤας
1272 3053 1333 3106 τὸ
1391 3055 1598 3123 πλῆθος
1643 3056 1704 3108 τὸ

125 3151 366 3223 ἄπειρον.
395 3150 486 3204 Διὸ
519 3146 860 3218 παρακαλεῖ
894 3147 992 3222 τὴν
1019 3145 1190 3211 Σιὼν,
1227 3146 1287 3198 τὸ
1318 3144 1566 3209 θεοσεϐὲς
1601 3147 1706 3200 πά-

125 3239 250 3294 λινά
281 3239 612 3311 πολίτευμα,
643 3241 779 3311 ὅπερ
804 3239 881 3301 είς
910 3236 1119 3306 ἔρημον
1157 3235 1225 3288 δι’
1270 3236 1412 3305 ὑμᾶς
1444 3237 1704 3308 κατέστη.

126 3333 268 3403 Πλὴν
296 3331 416 3386 ἀλλ’
436 3329 548 3398 ἐγὼ
578 3329 676 3400 τὴν
697 3327 932 3400 ἐρημίαν
953 3325 1124 3395 αὐτῆς
1148 3325 1495 3396 ἀναλήψομαι
1516 3327 1708 3394 παρὰ-

126 3428 347 3492 κλησιν
369 3421 555 3478 καλῶν
610 3421 712 3492 τὴν
751 3419 885 3490 περὶ
935 3418 1143 3472 τούτων
1185 3417 1396 3472 ἐλπίδα.
1437 3419 1710 3486 Ἕρημον

125 3514 198 3579 δὲ,
228 3515 302 3579 ὠς
349 3515 490 3586 πρὸς
517 3515 616 3584 τὴν
673 3513 904 3584 ἔχουσαν
956 3509 1123 3565 πάλαι
1161 3507 1252 3561 τὸν
1294 3509 1486 3580 ἄνδρα,
1510 3511 1611 3582 τὴν
1647 3510 1707 3575 ἐξ

127 3605 290 3661 ἐθνῶν
307 3606 665 3676 Ἐκκλησίαν,
685 3603 862 3668 καλεῖ,
889 3601 1024 3675 πρὸς
1043 3601 1107 3672 ἥν
1131 3598 1315 3669 ἔλεγεν
1344 3603 1372 3655 6
1393 3603 1704 3674 προφήτης·

133 3717 152 3750 ι
181 3698 554 3772 Εὐφράνθητι,
593 3697 801 3767 στεῖρα,
837 3697 872 3764 ἡ
925 3695 986 3748 ού
1024 3694 1313 3759 τίκτουσα,
1335 3712 1352 3744 ι
1385 3694 1481 3748 καὶ
1519 3693 1588 3747 τὰ
1613 3695 1708 3748 ἐπὶ

125 3791 316 3862 τούτῳ.
350 3790 447 3856 Τίς
473 3790 530 3844 δὲ
569 3789 715 3861 ήτδν
749 3787 917 3860 ἄνδρα
946 3785 1167 3857 ἔχουσα,
1199 3787 1314 3840 ἀλλ’
1341 3785 1373 3856 ἢ
1407 3785 1468 3838 τὸ
1503 3785 1708 3856 βιϐλίον

124 3883 214 3937 τοῦ
241 3883 577 3938 ἀποστασίου
605 3879 987 3952 ποιησαμένη;
1016 3879 1074 3932 ὲν
1110 3878 1264 3962 δὲπῇ
1297 3879 1490 3949 ἐρήμῳ
1521 3878 1709 3944 παρά-

124 3973 331 4032 δεισον
356 3974 580 4030 ἔσεσθαι
619 3973 793 4042 λέγει,
825 3971 971 4026 κατὰ
997 3971 1093 4028 τὸν
1127 3971 1187 4025 ὲν
1219 3971 1362 4042 ἀρχῇ
1403 3968 1556 4040 παρὰ
1590 3969 1705 4021 Κυ-

128 4067 339 4136 plum...

1809 1869 1990 1924 fructu
2041 1871 2338 1942 liberisque
2393 1883 2686 1937 carentes,
2735 1873 3027 1928 multarum
3079 1889 3174 1943 per
3227 1874 3386 1928 [idem

1809 1962 2050 2034 gentium
2085 1973 2348 2032 parentes,
2383 1963 2554 2020 Paulo
2587 1975 2744 2032 teste,
2776 1966 3021 2033 luerunt,
3062 1981 3186 2021 cum
3214 1967 3390 2022 Abra-

1803 2053 2033 2108 hamum
2061 2055 2174 2124 jam
2205 2071 2366 2110 suum
2398 2071 2604 2127 corpus
2633 2065 2972 2120 emortuum,
3001 2069 3056 2111 et
3084 2073 3204 2125 qua:
3227 2057 3385 2110 dein-

1808 2159 1960 2212 ceps,
1993 2146 2376 2202 considerasse
2422 2146 2582 2202 dixit.
2622 2145 2707 2200 Ex
2727 2163 2832 2200 uno
2864 2147 3050 2216 igitur,
3084 2146 3390 2199 Abrahamo

1807 2246 1855 2290 et
1896 2234 2066 2290 Sarra
2097 2237 2281 2308 (unum
2313 2238 2459 2292 enim
2503 2246 2755 2308 uterque,
2787 2245 2848 2292 ut
2897 2238 2993 2292 illo
3038 2238 3232 2308 liquet,
3280 2251 3390 2306 quo

1807 2327 1927 2383 fore
1949 2329 2088 2385 duos
2119 2331 2170 2383 in
2198 2346 2361 2384 carne
2393 2333 2501 2384 u'ua
2527 2329 2775 2401 dicitur),
2805 2338 3062 2399 tanquam
3083 2330 3208 2386 coeli
3240 2342 3388 2385 astra

1807 2417 2186 2482 multitudine,
2237 2420 2626 2474 constiterunt.
2695 2420 2926 2486 Ideoque
2975 2437 3111 2474 unus
3157 2431 3292 2482 erat,
3337 2429 3387 2473 et

1806 2511 1987 2564 uocaui
2013 2527 2152 2575 eum,
2179 2511 2404 2579 adjecit.
2427 2511 2900 2576 Quemadmodum
2931 2514 3100 2581 Igitur
3134 2513 3186 2566 in
3217 2513 3390 2565 Abra-

1805 2599 1962 2653 Itamo
1997 2599 2048 2653 id
2079 2617 2184 2670 ego
2215 2602 2439 2668 praestiti
2475 2618 2488 2654 :
2526 2600 2606 2656 sic
2653 2608 2708 2655 et
2742 2602 2812 2656 ab
2858 2602 2962 2657 ista
3012 2611 3184 2668 petra,
3231 2585 3389 2671 quam

1803 2689 2106 2751 excidistis,
2146 2690 2477 2745 mortalibus
2505 2690 2784 2745 universis
2821 2706 2950 2757 Spes
2983 2692 3164 2760 aliqua
3193 2707 3391 2746 cense-

1804 2781 2036 2849 quendzc
2058 2782 2258 2836 salutis
2288 2780 2470 2836 futura
2516 2789 2622 2836 est.
2655 2781 2784 2834 Erat
2823 2797 2951 2837 vero
2973 2781 3392 2850 petra,docente

1804 2866 1977 2923 Paulo
2009 2871 2052 2932 ⁸⁸,
2086 2871 2343 2925 Christus
2379 2870 2643 2940 ipse;cni
2681 2879 2909 2924 mortem
2933 2871 3160 2926 obeunti
3190 2885 3389 2925 manus

1806 2967 1861 3012 et
1890 2959 2056 3028 pedes
2086 2961 2258 3016 clavis
2287 2976 2411 3016 esse
2443 2960 2782 3017 transfossos
2819 2960 3100 3030 Scriptura
3131 2969 3386 3016 testatur.

1812 3049 2166 3122 Signiﬁcatur
2213 3056 2342 3109 item
2394 3041 2490 3122 per
2533 3053 2700 3124 579
2745 3053 2949 3122 foveam
3011 3053 3155 3108 latus
3209 3052 3388 3122 ipsum

1815 3143 1984 3197 hasta:
2031 3161 2292 3200 mucrone
2328 3147 2694 3201 vulneratum.
2735 3145 2836 3200 Per
2884 3146 2998 3199 haec
3045 3148 3190 3199 enim
3240 3161 3391 3215 ραι-ια

1813 3238 1966 3293 salus
2015 3248 2100 3294 est
2137 3241 2365 3311 ipsaque
2391 3241 2557 3294 etiam
2592 3238 2854 3294 Ecclesia:
2883 3239 3182 3294 constituta
3219 3238 3395 3305 pleni-

1812 3329 1984 3396 tudo;
2021 3347 2129 3385 uuu
2163 3331 2322 3386 aliter
2347 3347 2512 3402 quam
2545 3347 2611 3385 ea:
2642 3330 2944 3386 Abralmmo
2977 3341 3025 3384 et
3069 3331 3236 3384 Sarra
3269 3330 3394 3384 inli-

1812 3422 1923 3474 nita
1949 3423 2263 3478 multitudo.
2293 3425 2474 3493 Atque
2497 3425 2624 3480 inde
2648 3435 2732 3480 est
2757 3425 2901 3494 quod
2925 3423 3134 3478 Sionem
3163 3441 3180 3488 ;
3217 3423 3266 3476 id
3289 3431 3394 3487 est,

1811 3511 1955 3581 piam
2000 3515 2131 3566 olim
2171 3515 2452 3568 civitatem
2487 3517 2826 3579 consolatur,
2858 3532 2982 3588 qua:
3026 3517 3242 3572 deserta
3274 3516 3397 3584 qui-

1811 3603 1934 3656 dem
1973 3614 2195 3673 propter
2227 3620 2346 3669 vos,
2384 3607 2587 3674 inquit,
2623 3622 2721 3676 per
2773 3622 2859 3660 me
2896 3607 3157 3674 frequens
3199 3610 3396 3660 iterum

1813 3692 1995 3747 futura
2020 3703 2102 3748 est
2127 3712 2138 3748 :
2165 3696 2254 3749 ubi
2281 3695 2596 3748 consolandi
2619 3696 2805 3758 verbo,
2829 3697 3212 3765 promissionis
3233 3697 3398 3765 hujus

1813 3801 1964 3854 spem
2013 3785 2363 3854 signiﬁcavit.
2400 3787 2478 3842 Eo
2519 3789 2641 3856 ipso
2691 3795 2873 3841 autem
2927 3787 3074 3857 quod
3130 3789 3398 3842 desertam

1810 3889 1992 3942 vocat,
2026 3881 2326 3936 Ecclesiam
2359 3883 2605 3953 gentium
2645 3881 2928 3952 intelligit,
2966 3891 3224 3951 tanquam
3276 3895 3398 3950 quae

1814 3969 2021 4027 dudum
2055 3974 2230 4026 virum
2264 3973 2483 4037 habeat,
2514 3973 2581 4028 ad
2611 3989 2773 4043 quam
2812 3974 2884 4026 ita
2919 3974 3246 4042 loquebatur
3268 3986 3397 4042 pro-

1785 4120 1790 4124 ,
1814 4064 1976 4133 pheta
1997 4081 2010 4118 :
2035 4084 2053 4115 ι
2077 4063 2304 4130 Lar-tare,
2329 4067 2553 4132 sterilis,
2569 4081 2690 4138 quae
2709 4081 2818 4119 non
2839 4065 3096 4136 peperisti
3115 4067 3252 4128 ’,ιει
3277 4080 3398 4133 qua:

126 4174 338 4238 postea.
373 4162 634 4229 Quaznam
675 4167 858 4216 autem
880 4165 987 4224 est,
1023 4171 1148 4230 qua:
1171 4156 1348 4212 virum
1389 4155 1570 4222 habet,
1608 4155 1714 4212 nisi
1757 4174 1878 4228 quae
1927 4161 2213 4231 repudium
2271 4161 2459 4217 misit?
2543 4160 2600 4216 lu
2645 4159 2865 4215 deserto
2912 4157 3110 4214 deinde
3153 4157 3396 4212 futurum

136 4259 268 4312 dicit
293 4252 616 4326 paradisum
655 4250 705 4305 ei
731 4263 840 4304 non
873 4247 1200 4314 absimilem,
1235 4246 1328 4318 qui
1361 4245 1516 4300 initio
1545 4260 1576 4299 a
1603 4245 1924 4306 Domino....

173 4354 343 4415 δ’-ις¹.
384 4344 704 4402 Ἀκούσατέ
723 4361 867 4415 μου,
901 4343 1226 4407 ἀκούσατε,
1263 4343 1414 4406 λαός
1437 4358 1578 4410 μου,
1611 4342 1705 4396 καὶ

1885 4349 2050 4420 580
2087 4349 2255 4406 Vens.
2281 4348 2434 4404 446.
2476 4347 2672 4402 Audite
2709 4363 2810 4412 me,
2844 4347 3044 4410 audite,
3077 4347 3266 4416 popule
3299 4346 3392 4412 mi,

119 4445 171 4497 ot
193 4437 508 4507 βασιλεῖς,
528 4437 677 4505 πρός
703 4453 780 4506 με
803 4434 1195 4496 ἐνωτίσασθε,
1233 4431 1324 4486 ὅτι
1347 4431 1532 4500 νόμος
1563 4430 1704 4499 παρ’

118 4533 264 4602 ἐμοῦ
327 4530 738 4596 ἐξελεύσεται,
791 4526 893 4580 καὶ
953 4527 992 4594 ὴ
1040 4525 1238 4593 κρίσις
1268 4539 1390 4592 μου
1441 4523 1528 4586 είς
1578 4519 1706 4590 φῶς

118 4619 331 4675 ἐθνῶν.
365 4619 610 4691 Ἐγγίζει
660 4619 812 4688 ταχὺ
839 4617 878 4686 ή
917 4615 1272 4682 δικαιοσύνη
1298 4630 1440 4683 μου,
1476 4612 1575 4666 καὶ
1603 4612 1705 4676 ἐξα

118 4715 461 4779 ἐλεύσεται,
500 4713 580 4779 ὡς
635 4711 782 4782 φῶς,
831 4708 898 4763 τὸ
953 4705 1255 4774 σωτήριόν
1289 4723 1436 4774 μου,
1476 4704 1574 4758 καὶ
1621 4705 1708 4769 εις

119 4803 554 4872 τίει-βραχίονά
602 4819 722 4872 μου
775 4801 924 4867 ἔθνη
977 4796 1321 4853 ἐλπιοῦσιν.
1355 4795 1489 4864 Ἐμὲ
1524 4793 1707 4863 νῆσοι

120 4895 524 4968 ὑπομενοῦσι,
561 4895 660 4950 καὶ
721 4895 808 4960 είς
835 4891 945 4948 τὸν
977 4889 1279 4961 ,βραχίονά
1309 4905 1430 4959 μου
1467 4886 1714 4943 ἐλπιοῦ-

121 5007 247 5056 σιν,
277 5007 336 5044 κ.
366 5006 423 5040 τ.

320 5119 336 5135 .
382 5118 398 5132 .
443 5077 764 5150 ἀνθρώπους
796 5073 1151 5145 φοϐούμενος,
1188 5072 1264 5144 μὴ
1288 5071 1716 5140 ἀποσυνάγωγόν

124 5190 182 5226 σε
216 5171 526 5243 ποιήσωσιν
563 5171 612 5222 oi
643 5167 896 5237 λέγοντες
917 5183 932 5198 ⁸
963 5186 981 5219 ι
1009 5165 1296 5236 Δαιμόνιον
1323 5163 1438 5234 ἔχει
1465 5164 1562 5218 καὶ
1593 5162 1718 5234 μαί-

120 5281 294 5321 νεται.
331 5262 402 5316 Τί
435 5261 662 5316 ἀκούετε
697 5259 901 5329 αὐτοῦς
932 5278 950 5312 ι
1002 5253 1095 5321 Οἷς
1133 5257 1318 5326 ἔλεγεν
1364 5259 1394 5311 6
1438 5255 1672 5328 Χριστός
1698 5271 1712 5286 ·

131 5375 150 5409 ι
175 5356 290 5413 Καὶ
321 5355 457 5426 ὑμῖν
499 5355 613 5419 τοῖς
637 5355 884 5426 νομικοῖς
913 5352 1056 5416 οὐαὶ,
1089 5350 1173 5403 ὅτι
1203 5349 1371 5420 ήρατε
1405 5347 1503 5418 τὴν
1532 5346 1714 5399 κλεῖδα

1809 4450 1858 4496 et
1891 4459 2058 4511 reges,
2098 4441 2166 4496 ad
2209 4458 2290 4495 me
2313 4439 2592 4507 attendite,
2615 4440 2736 4512 quia
2769 4440 2852 4494 lex
2893 4455 2926 4492 a
2964 4455 3044 4492 me
3079 4438 3393 4508 egredietur,

1808 4544 1858 4590 et
1871 4529 2143 4605 judicium
2186 4552 2357 4592 meum
2399 4538 2452 4592 in
2489 4537 2660 4592 lucem
2695 4534 2949 4606 gentium.
2993 4531 3398 4600 Appropinquat

1810 4628 1915 4681 cito
1957 4628 2179 4696 justitia
2212 4645 2350 4692 mea,
2383 4639 2432 4684 et
2467 4629 2785 4700 egredietur,
2829 4625 2963 4679 sicut
2997 4623 3109 4687 lux,
3161 4622 3398 4676 salutare

1812 4737 2005 4781 meum,
2032 4730 2081 4776 et
2130 4723 2184 4776 in
2215 4721 2489 4776 brachium
2540 4735 2712 4775 nicum
2743 4725 2920 4788 gentes
2949 4717 3254 4786 sperabunt,
3287 4721 3393 4768 etc.

1883 5071 2044 5142 581
2093 5111 2108 5126 .
2152 5110 2167 5126 .
2207 5106 2222 5122 .
2266 5108 2281 5123 .
2323 5067 2573 5123 homines
2621 5073 2872 5121 metuens
2916 5062 2987 5118 ne
3017 5072 3068 5116 te
3118 5071 3395 5130 synagOga

1815 5171 2093 5225 moveant,
2133 5160 2375 5217 dicentes
2409 5175 2424 5212 :
2465 5177 2484 5209 ι
2517 5154 2855 5212 Daatnonium
2893 5153 3094 5216 habet,
3129 5159 3182 5203 et
3232 5147 3394 5211 furit;

1818 5257 1946 5327 quid
1990 5255 2191 5309 auditis
2226 5267 2350 5309 eum
2385 5250 2470 5302 ‘°?
2513 5269 2532 5302 ι
2582 5248 2787 5320 quibus
2835 5243 3202 5313 respondebat
3239 5238 3402 5327 Chri-

1823 5325 1944 5399 stus
1982 5363 1994 5397 :
2032 5363 2050 5394 ι
2095 5342 2183 5395 Va:
2230 5340 2381 5394 vobis
2429 5337 2598 5392 etiam
2651 5332 3018 5404 legisperitis;
3069 5329 3198 5399 quia
3244 5325 3402 5380 fertis

225 5514 246 5548 ⁷
287 5467 448 5568 ésal.
488 5525 685 5572 χχχιιι,
717 5508 807 5562 27.
873 5507 896 5539 ⁸
937 5505 954 5558 l
987 5505 1113 5561 Cor.
1144 5521 1201 5571 ι,
1227 5505 1280 5557 4.
1359 5503 1380 5534 ⁹
1419 5501 1528 5559 lsa.
1558 5517 1668 5562 ων,
1697 5501 1705 5552 l

1820 5499 1862 5532 '°
1895 5498 2052 5554 Joan.
2097 5513 2150 5561 χ,
2182 5498 2272 5552 20.

1479 5615 1712 5668 VARI/IS
1763 5613 2166 5669 LECTlONES.

209 5735 233 5766 α
274 5741 366 5794 γρ.
404 5721 498 5774 τοῦ
531 5719 781 5788 Ἀδραέιμ
807 5715 1011 5785 καὶτῆς
1038 5716 1271 5785 Σάρρας.
1348 5711 1371 5750 ει
1413 5730 1490 5778 ,’ρ.
1526 5711 1710 5763 πάλαι.
