3954 6308
85 251 230 316 £501

1230 256 1764 318 COMMENTARII
1797 256 1880 316 ΙΝ
1919 250 2208 320 ISMAM.

3175 274 3186 284 ‘
3213 255 3358 321 2502

157 361 336 416 Τοῦτο
360 360 402 415 δ’
430 362 495 416 ἂν
520 363 734 431 λέγοιτο
761 363 853 416 ἐπὶ
885 365 975 418 τοῦ
1021 367 1203 420 πᾶσαν
1228 369 1502 438 τιμωρίαν
1533 368 1676 422 ικτι.

1855 364 2005 424 Istud
2036 376 2170 426 rero‘
2202 371 2270 426 de
2306 371 2400 424 illo
2427 370 2662 432 dicatur,
2703 371 2792 441 qui
2844 371 2909 424 ad
2953 371 3222 426 scelerum
3267 388 3376 427 εις

86 469 288 516 σαντος
328 453 464 526 πρὸς
511 453 779 526 κάθαρσιν
829 457 1280 528 ἁμαρτημάτων,
1315 457 1392 520 ὡς
1439 459 1532 510 ἐπὶ
1574 458 1681 512 τῶν

83 545 526 616 προσαγομένων
555 545 772 617 πικρῶν
793 545 1087 601 ἀντιδότων
1117 549 1198 612 εἰς
1227 550 1480 603 κένωσιν.
1507 550 1684 603 Δυπεῖ

82 635 220 704 γὰρ,
251 635 328 700 ὡς
381 635 588 707 ἰατρὸς,
629 638 658 689 6
703 635 836 700 Θεὸς
882 637 983 692 οὐκ
1031 640 1196 703 αὐτὸς
1244 639 1449 707 θέλων,
1505 640 1600 695 τοῦ
1623 642 1681 694 δὲ

83 727 419 796 πράγματος
451 727 858 804 ἀναγκάζοντος
883 747 896 760 ·
930 729 1064 800 περὶ
1095 725 1157 785 οὗ
1185 730 1470 784 λέλεκται·
1527 749 1545 782 ι
1582 734 1684 786 Πο-

83 821 282 890 τήριον
317 821 376 873 ἑν
405 821 550 890 χειρὶ
592 807 800 889 Κυρῖου
831 821 978 874 οἴνου
1013 821 1252 893 ἀκράτου
1285 822 1491 892 πλῆρες
1518 823 1682 892 κερά-

85 928 323 984 σματος.
377 913 486 965 Καὶ
529 911 743 965 ἔκλινεν
778 913 844 965 ἐκ
873 913 1066 966 τούτου
1113 915 1193 977 εἰς
1233 916 1424 975 τοῦτο.
1483 917 1622 988 πλὴν
1656 919 1684 971 6

82 1003 322 1074 τρυγίας
368 1003 533 1057 αὑτοῦ
580 1005 681 1056 οὐκ
731 1004 1059 1076 ὲξεκενώθη.
1112 1008 1332 1060 Πίονται
1387 1009 1589 1072 πάντες
1635 1011 1682 1063 οἱ

84 1097 412 1166 ἁμαρτωλοὶ
433 1098 534 1166 τῆς
561 1099 685 1168 γῆς.
722 1115 742 1150 ι
776 1097 948 1152 Τοῦτο
976 1099 1032 1152 δέ
1079 1116 1160 1153 σοι
1191 1099 1465 1171 παθούσῃ,
1493 1101 1679 1170 φησὶν,

81 1183 274 1239 οὐδέν
317 1199 418 1240 σοι
465 1187 714 1258 παρέστη
739 1188 850 1244 τῶν
895 1188 1101 1244 τέκνων
1123 1193 1679 1268 παραμυθούμενον.

84 1277 224 1331 ’Ὅτε
273 1278 374 1348 μὲν
405 1279 511 1350 γὰρ
551 1280 632 1344 εἰς
663 1279 983 1352 Ἀσσυρίους
1026 1282 1375 1354 ἀπήχθησαν,
1405 1280 1552 1354 εἶχον
1601 1285 1683 1338 δι-

84 1368 284 1433 καίους
313 1373 409 1424 καὶ
449 1373 736 1443 προφήτας
765 1375 1295 1442 παρακαλοῦνταςο
1329 1377 1467 1446 μετὰ
1497 1377 1552 1430 δὲ
1594 1377 1684 1432 τὸν

84 1458 436 1530 τολμηθέντα
463 1460 607 1514 κατὰ
633 1461 871 1532 Χριστοῦ
895 1462 1126 1516 θάνατον
1147 1503 1162 1527 ,
1195 1463 1399 1530 οὐδεὶς
1430 1463 1684 1534 θεοφιλὴς

83 1549 326 1621 εὕρηται
353 1553 483 1621 παρ’
508 1547 904 1615 αὐτοίςῙΗσαν
929 1553 1038 1623 γὰρ
1079 1553 1561 1624 προαπελάσαντες
1588 1552 1684 1607 καὶ

85 1642 183 1695 τοῦ
211 1643 468 1714 Σωτῆρος
504 1643 633 1706 τοὺς
663 1643 914 1712 μαθητὰς
935 1644 1176 1714 πληγαῖς
1207 1645 1573 1716 αἰκισάμενοι,
1602 1662 1683 1698 τι-

1791 460 2086 530 piationem
2119 462 2255 516 nihil
2289 476 2399 516 non
2439 477 2728 530 pennarum
2757 463 3090 530 exsolverit;
3126 479 3235 518 non
3269 465 3372 518 ali-

1791 559 1874 606 ter
1905 567 2068 622 quam
2105 553 2159 607 in
2191 556 2394 609 amaris
2425 553 2689 608 antidotis
2714 553 2829 608 ﬁeri
2868 554 3145 616 videmus,
3179 555 3271 625 qui
3301 553 3369 608 ad

1789 645 2045 714 corporis
2096 647 2514 701 evacuationem
2565 645 2955 715 propinantur.
3011 643 3176 699 Aﬂ'ert
3223 647 3370 699 enim

1790 735 2034 792 dolorem
2067 735 2356 802 Dominus,
2391 739 2654 806 tanquam
2706 737 2972 800 medicus,
3004 752 3115 792 non
3155 746 3372 804 sponte,

1791 825 1886 881 sed
1937 828 2016 882 rei
2065 828 2403 883 necessitate
2450 829 2722 883 adductus
2770 845 2784 883 :
2829 827 3070 897 indeque
3119 827 3247 882 illud
3291 835 3377 883 est

1790 919 1936 988 quod
1972 919 2238 974 scribitur
2272 935 2286 972 :
2324 937 2344 971 ι
2373 918 2528 974 Calix
2562 921 2615 972 in
2653 935 2818 973 manu
2859 919 3075 973 Domini
3104 918 3214 972 viui
3240 917 3375 973 meri

1791 1013 1985 1081 pientis
2013 1012 2198 1066 m'rsto.
2226 1011 2289 1065 Et
2330 1011 2616 1067 inclinavit
2651 1027 2715 1066 ex
2742 1013 2846 1066 hoc
2875 1013 2926 1064 in
2953 1012 3117 1072 illud;
3154 1025 3374 1065 verum-

1734 1175 1736 1178 ν
1794 1114 1976 1158 tamen
2013 1103 2112 1158 fres
2141 1105 2263 1174 ejus
2312 1121 2422 1159 non
2445 1115 2529 1160 est
2574 1105 2856 1159 exinanita
2893 1123 2904 1158 :
2941 1105 3128 1158 bibent
3183 1117 3374 1158 omnes

1793 1205 2115 1264 peccatores
2173 1205 2332 1250 terra:
2368 1197 2432 1248 ι’.
2474 1215 2492 1248 ι
2518 1194 2669 1250 istud
2712 1204 2906 1250 autem
2965 1210 3091 1250 cum
3135 1195 3378 1262 patieba-

1793 1286 1892 1350 ris,
1925 1287 2122 1356 inquit,
2157 1303 2219 1340 ne
2247 1287 2312 1341 de
2347 1287 2470 1342 ﬁliis
2503 1285 2724 1356 quidem
2758 1303 2918 1352 unus,
2942 1287 3032 1358 qui
3055 1296 3102 1339 te
3124 1284 3376 1338 consola-

1793 1385 1958 1442 retur,
1985 1377 2182 1431 adluit.
2219 1377 2355 1432 Cum
2388 1379 2534 1432 enim
2567 1377 2622 1430 in
2656 1378 2939 1448 Assyriam
2973 1376 3192 1429 abducti
3223 1383 3374 1438 sunt,

1789 1469 1954 1521 etiam
2003 1475 2118 1520 tum
2166 1468 2382 1536 justitia
2432 1475 2486 1521 et
2535 1467 2824 1538 prophetia
2869 1465 3182 1536 insignibus
3217 1466 3372 1527 viris,

1791 1560 1883 1626 qui
1920 1557 2154 1612 aﬂlictos
2203 1555 2661 1613 consolationibus
2702 1559 2998 1628 erigerent,
3037 1571 3142 1610 non
3183 1571 3376 1611 carue-

1793 1657 1941 1703 runt.
1981 1647 2085 1704 Sed
2117 1666 2183 1704 ex
2215 1665 2326 1720 quo
2369 1649 2576 1704 Christi
2621 1651 2824 1704 etedem
2848 1657 3276 1720 'perpetrarunt,
3314 1663 3379 1702 ne

87 1736 187 1797 νὰς
218 1734 276 1786 δὲ
307 1735 403 1788 καὶ
433 1732 736 1797 ἀνελόντες.
789 1735 906 1788 Δύο
953 1734 1022 1788 δὲ
1067 1735 1276 1800 ταῦτα,
1307 1736 1492 1805 φησὶν.
1519 1737 1682 1792 ἀντί-

1791 1741 1938 1812 pium
1969 1743 2191 1810 quidem
2225 1758 2388 1795 unum
2430 1742 2648 1810 Deoque
2686 1743 2995 1810 placentem
3040 1756 3222 1797 secum
3277 1743 3377 1794 ha-

85 1823 282 1876 κειται
311 1837 434 1888 σοι,
471 1824 567 1875 καὶ
595 1823 843 1893 πολεμεῖ,
879 1825 1162 1894 συντόμως
1187 1823 1286 1888 τὰς
1321 1828 1385 1879 ὲκ
1409 1825 1501 1878 τοῦ
1529 1827 1688 1880 πολέ-

89 1903 196 1987 μόυ
220 1915 401 1986 δηλῶν
426 1917 733 1987 συμφοράς.
753 1918 902 1972 Ἄντὶ
926 1919 983 1971 δὲ
1013 1918 1144 1983 δύο,
1174 1919 1538 1992 προϐάλλεται
1567 1919 1688 1973 τέτ-

84 2007 436 2079 ταρα.Ἀλλὰ
460 2007 568 2060 τὲιιι
599 2009 843 2078 ἑπόμενα
871 2011 984 2072 τοῖς
1016 2007 1259 2080 πρώτοις
1290 2009 1318 2062 6
1347 2009 1686 2080 προφητικδς

85 2101 145 2152 ὲν
173 2099 388 2163 τούτοις
421 2099 684 2152 συνάπτει
727 2099 1146 2168 λόγο;.’Έπεται
1193 2101 1306 2170 γὰρ
1346 2100 1426 2174 τῷ
1458 2101 1556 2169 μὲν
1585 2103 1686 2154 πι-

87 2207 266 2244 πτειν
295 2192 333 2260 ἡ
363 2189 677 2258 συντριϐή.
700 2189 790 2256 Τῷ
820 2191 880 2247 δὲ
907 2189 1080 2258 λιμῷ,
1101 2188 1389 2260 μάχαιρα,
1407 2191 1550 2245 τοῦτῗ
1571 2191 1686 2244 ἐστι

87 2279 344 2343 θάνατος.
379 2281 495 2334 Δύο
523 2281 704 2334 τοίνυν
737 2282 804 2334 τὰ
835 2281 1029 2350 πρῶτα
1049 2321 1064 2346 ,
1095 2280 1305 2351 πτῶμα
1340 2281 1447 2334 ’καὶ
1488 2281 1684 2350 λιμὸς,

88 2373 221 2441 περὶ
252 2365 330 2425 ὧν
355 2373 384 2424 6
411 2371 588 2439 λόγος,
617 2371 780 2441 φησὶν
805 2370 885 2424 ἃιι
915 2371 999 2434 τις
1027 2374 1054 2425 6
1088 2373 1351 2426 κωλύσων
1371 2413 1387 2438 ,
1417 2373 1581 2441 φησιν
1603 2413 1618 2436 ,
1648 2373 1682 2442 ἢ

87 2465 181 2518 καὶ
213 2463 390 2532 ψιλῶς
421 2463 993 2531 παραμυθούμενοςς
1023 2465 1202 2534 Ἀραί
1234 2466 1284 2516 oi
1320 2465 1376 2516 ὲν
1395 2466 1474 2516 σοὶ
1501 2465 1687 2532 Γραμυ

91 2556 286 2626 πλατεῖς
323 2554 416 2608 καὶ
450 2556 772 2624 Φαρισαῖοις
827 2553 858 2623 ἢ
907 2555 1003 2608 καὶ
1035 2555 1210 2617 ἄλλως
1237 2555 1485 2619 δυνατοῖς
1534 2555 1686 2607 Ἀλλ’

91 2649 204 2702 ἰδοὺ
233 2648 330 2700 καὶ
358 2647 490 2718 περὶ
521 2645 732 2698 ἑαυτῶν
753 2645 1146 2700 κινδυνεύουσι.
1177 2647 1548 2700 Καθεύδουσι
1574 2647 1686 2715 γὰρ

87 2739 294 2796 ἐπάγω
320 2738 526 2804 πάσης
549 2737 791 2802 ἐξόδου.
828 2737 938 2792 Teii
968 2737 1237 2808 πολέμου
1269 2739 1377 2808 γὰρ
1401 2741 1683 2810 κατασκή-

87 2832 324 2903 ψαντος,
352 2831 447 2895 τὰς
489 2833 591 2902 τῆς
643 2830 828 2902 χώρας
881 2831 1139 2900 ἐσχατιὰς
1193 2832 1574 2898 κατελάϐοντο,
1607 2832 1686 2886 ἵν’

88 2919 202 2978 εἶεν
229 2925 439 2994 ἕτοιμοι
471 2925 608 2995 πρὸς
639 2923 842 2994 φυγὴν,
871 2925 939 2976 οὺ
981 2925 1120 2994 πρὸς
1149 2925 1488 2993 ἁπόκρουσιν
1521 2927 1686 2995 ἐγρη-

87 3017 318 3086 γορότες
343 3023 548 3082 κακῶν,
567 3014 721 3085 φόϐῳ
737 3015 794 3068 δὲ
818 3016 1141 3086 παρειμένοι
1161 3017 1414 3086 καθάπερ
1431 3017 1492 3068 ὲκ
1514 3017 1686 3084 μέθης

85 3107 168 3173 ὡς
232 3107 520 3160 ostium?
561 3105 876 3174 ἠμίεςρθον.
914 3104 1071 3158 Κατὰ
1125 3105 1180 3157 δὲ
1226 3105 1557 3174 Σύμμαχον·
1620 3108 1684 3158 Ol

86 3197 211 3252 vict
251 3210 368 3251 σου
388 3197 808 3264 ἐπορεύθησαν
821 3195 1100 3264 ἀγόμενοι
1119 3194 1212 3248 ἐπ’
1227 3193 1420 3264 ἀρχῆς
1444 3195 1686 3247 πάντων

87 3287 562 3359 ὰμφιόλήστρων
611 3287 692 3352 ὡς
740 3284 888 3354 ὄρυξ’
945 3285 1015 3339 ἐν
1065 3286 1517 3356 ἁμφιϐλήστρῳ.
1576 3285 1686 3338 Καὶ

87 3378 236 3433 κατὰ
277 3379 404 3440 τοὺς
445 3377 668 3440 λοιποὺς
707 3374 783 3440 δὲ,
817 3376 939 3429 ἀντὶ
977 3375 1096 3442 τοῦ,
1126 3375 1208 3441 ὡς
1238 3377 1524 3431 asumma-
1551 3365 1684 3446 ἠμί-

86 3473 298 3539 εςρθον,
327 3470 408 3534 ὡς
431 3468 581 3536 ὅρυξ
599 3466 1264 3537 ἠμφισληστρευμένος,
1295 3465 1328 3538 ἢ
1353 3471 1682 3534 συνειλημ-

82 3563 293 3632 μένος,
317 3561 554 3632 εἴρηται.
573 3559 632 3614 '0
651 3559 708 3613 δὲ
731 3558 879 3628 ὄρυξ
907 3558 1095 3631 ὄρνεον
1121 3562 1290 3624 ἐστιν,
1316 3553 1361 3628 ᾧ
1393 3576 1468 3612 πα
1477 3559 1683 3630 52166;).-

89 3653 170 3706 λει
199 3654 330 3716 τοὺς
366 3651 519 3716 υἱοὺς
553 3649 914 3722 Ἰερουσαλὴμ
963 3650 1394 3720 ἀμφιϐλήστρῳ
1434 3651 1682 3704 διαϐόλου

89 3743 544 3817 περιϐληθέντας.
577 3745 670 3798 Διὸ
707 3746 803 3800 καὶ
837 3743 917 3815 τῷ
950 3741 1116 3814 θυμῷ
1150 3743 1556 3814 παρεδόθησαν.

1790 1833 2044 1888 buerunt.
2078 1831 2232 1903 Ipsos
2263 1833 2409 1886 enim
2447 1831 2751 1891 SalvatQt‘is
2796 1835 2962 1885 etiam
3011 1831 3311 1900 discipulus
3345 1847 3375 1883 a

1786 1941 1848 1984 se
1896 1929 2174 1998 imprimis
2243 1917 2750 1998 aliegerunt,_dum
2801 1927 2975 1996 plagis
3026 1926 3186 1990 alios,
3237 1926 3376 1978 alios

1786 2020 1950 2074 etiam
1979 2031 2155 2074 morte
2189 2021 2422 2089 turpiter
2451 2019 2772 2098 aﬂ‘ecerunt.
2809 2018 2914 2073 Sed
2944 2019 3134 2082 babes,
3163 2017 3375 2085 adjicit,

1786 2114 1893 2166 ista
1937 2111 2048 2164 duo
2105 2112 2202 2165 tibi
2242 2114 2541 2172 contraria.
2591 2122 2644 2166 et
2697 2112 2952 2178 hostilia;
2991 2111 3066 2164 ita
3115 2111 3374 2174 breviter,

1787 2217 1908 2270 qua
1935 2201 2078 2256 bella
2112 2211 2442 2272 sequuntur,
2475 2201 2820 2256 calamitates
2851 2200 3131 2255 indicans.
3171 2201 3374 2255 Verum

1785 2309 1882 2363 pro
1922 2295 2151 2356 duobus,
2191 2304 2429 2363 quatuor
2471 2296 2735 2366 prepheta
2778 2296 3056 2364 proponit,
3089 2294 3217 2347 dum
3255 2309 3377 2362 qua:

1789 2386 1972 2454 prima
2001 2385 2110 2438 duo
2139 2394 2572 2454 consequantur,
2605 2387 2772 2438 altera
2809 2385 3109 2438 connectit.
3147 2381 3374 2436 Ruinam

1786 2475 2054 2543 siquidem
2125 2476 2242 2542 ipsa
2317 2477 2678 2542 consequitur
2735 2455 3019 2534 contritio:
3081 2474 3378 2542 famemque

1787 2565 2024 2634 gladius,
2079 2581 2189 2633 quo
2249 2580 2398 2616 mors
2448 2565 2714 2618 iunuitur.
2770 2567 2886 2618 lluo
2936 2566 3104 2635 igitur
3165 2568 3372 2632 priora,

1787 2655 1998 2707 ruinam
2028 2664 2076 2708 et
2099 2653 2315 2722 famem,
2343 2654 2410 2709 de
2437 2656 2636 2724 quibus
2660 2671 2842 2709 sermo
2873 2665 2976 2720 est,
3003 2651 3149 2724 quis,
3171 2655 3370 2723 inquit,

1787 2730 1966 2801 valeat
2011 2761 2222 2812 arcere,
2271 2747 2355 2798 vel
2411 2747 2512 2800 levi
2567 2748 2732 2800 etiam
2789 2745 3155 2800 consolatione
3213 2747 3376 2798 initi-

1785 2837 1951 2910 gare?
1980 2838 2176 2892 Annon
2235 2839 2328 2908 qui
2367 2847 2559 2892 terum
2599 2846 2731 2892 sunt
2769 2837 2977 2893 Scriba
3007 2846 3060 2890 et
3091 2837 3371 2902 Pharisaei,

1788 2938 1882 2986 aut
1914 2931 2077 2987 etiam
2116 2931 2209 3000 qui
2260 2931 2365 2983 alia
2410 2930 2671 2985 facultate
2710 2931 3030 2985 excellunt?
3073 2928 3178 2984 Sed
3220 2945 3370 2991 ecce,

1789 3021 1894 3090 ipsi
1925 3022 2088 3074 etiam
2134 3019 2186 3073 in
2243 3021 2492 3084 periculo
2525 3028 2842 3085 versantur,
2879 3021 2971 3090 qui
2997 3022 3068 3074 .in
3114 3020 3372 3085 capitibus

1791 3111 1998 3164 uiarum
2031 3111 2268 3164 omnium
2297 3111 2592 3165 dormiant.
2636 3109 2790 3165 Bello
2821 3111 2966 3164 enim
3003 3111 3286 3178 ingruente
3319 3111 3371 3162 in

1793 3201 2046 3272 regiones
2075 3209 2352 3256 extremas
2379 3217 2438 3256 se
2475 3205 2824 3270 receperant,
2860 3209 2918 3254 ut
2959 3208 3146 3255 essent
3188 3201 3252 3252 ad
3289 3200 3374 3251 tu-

1791 3305 1914 3362 gam
1945 3295 2362 3364 capessendam,
2399 3309 2507 3348 non
2560 3296 2626 3348 ad
2681 3295 2823 3348 mala
2874 3295 3164 3349 devitanda
3214 3309 3362 3362 paruo

1790 3383 1984 3446 tiores,
2023 3390 2170 3436 metu
2225 3385 2364 3452 ipso,
2394 3385 2680 3439 ebriorum
2731 3399 2904 3448 more,
2952 3395 3202 3454 tanquam
3250 3383 3373 3450 beta

1789 3474 2092 3540 semieocta,
2126 3473 2281 3529 fracti
2318 3483 2373 3529 et
2405 3475 2644 3531 remissi.
2686 3475 2859 3529 Habet
2902 3484 3086 3530 autem
3131 3478 3184 3528 in
3228 3475 3372 3528 hunc

1792 3565 2013 3618 modum
2035 3562 2352 3631 Symmachi
2389 3565 2778 3635 interpretatio
2811 3583 2825 3619 :
2863 3564 2995 3619 Filii
3034 3563 3372 3618 tuiambula-

1791 3666 1974 3710 rerum
2005 3655 2152 3707 ducti
2176 3656 2229 3707 in
2254 3655 2516 3723 principio
2539 3655 2904 3717 retiariorum,
2929 3653 3089 3723 535
3121 3664 3370 3720 tanquam

1785 3761 1941 3814 oryx.
1989 3743 2186 3800 Ctetcri
2252 3761 2398 3811 vero,
2437 3761 2534 3815 pro
2582 3762 2691 3814 quo
2743 3756 2992 3812 tanquam
3045 3748 3162 3796 beta
3210 3745 3369 3796 semi-

89 3855 238 3897 cocta
284 3842 571 3907 habemus,
605 3850 870 3911 tanquam
909 3855 1042 3912 oryx
1083 3841 1353 3906 interitus,
1389 3847 1484 3894 aut
1531 3841 1914 3909 tireumseptus
1964 3841 2244 3895 dixerunt.
2282 3840 2449 3910 Orygi
2490 3851 2694 3900 autem,
2753 3840 2803 3894 id
2866 3847 2952 3896 est
3004 3837 3112 3902 ari,
3178 3835 3370 3891 Hiero-

88 3935 452 4004 solymitanos
502 3940 808 4002 comparat,
856 3933 1000 4002 quod
1053 3932 1164 3987 sint
1211 3931 1414 3986 diaboli
1469 3932 1670 3986 retibus
1708 3932 1996 4003 implicati,
2030 3942 2084 3987 et
2113 3932 2183 3987 ob
2215 3933 2266 3986 id
2300 3933 2474 4002 furori
2505 3933 2714 3986 traditi.

54 4033 66 4042 '
177 4028 326 4080 ’Λντὶ
375 4027 432 4080 δὲ
482 4024 579 4079 τοῦ
608 4066 624 4092 ,
687 4029 722 4080 ὁ
780 4027 1002 4096 κρίνων
1063 4026 1172 4080 τὸν
1235 4025 1393 4080 λαὸν
1455 4025 1674 4079 αὑτοῦ·

87 4120 408 4189 Σύμμαχος,
447 4116 866 4187 ὐπερμαχήσει
917 4118 1052 4186 φησὶ
1105 4114 1213 4170 τοῦ
1263 4116 1417 4170 λαοῦ
1469 4115 1677 4168 αὐτοῦ.

87 4211 162 4264 Τὸ
213 4209 270 4262 δὲ
309 4209 535 4279 εῖληςοα
565 4207 711 4262 τοῦτ’
751 4207 867 4262 ἔστι
921 4207 1216 4278 λήψομαι.
1253 4207 1680 4276 Ἐπαγγέλλεται

87 4304 198 4374 γὰρ
224 4303 448 4372 ἀνήσειν
485 4301 595 4355 τὸν
615 4301 811 4371 θυμὸν
857 4300 1089 4375 ποιούσῃ
1109 4301 1177 4354 τὰ
1207 4300 1678 4370 προσταττόμενα,

1861 4024 2132 4080 Caterum
2173 4027 2264 4079 ubi
2291 4025 2612 4096 quijudicat
2644 4023 2895 4094 pupulum
2923 4037 3072 4076 suum
3105 4020 3368 4091 legimus:

1785 4133 1882 4186 pro
1929 4117 2122 4186 populo
2157 4132 2252 4170 suo
2291 4115 2582 4169 decertabit
2627 4113 2995 4185 Symmachus
3040 4112 3368 4178 interpreta-

1789 4218 1898 4264 tur.
1953 4207 2220 4262 Pt'teterea
2271 4221 2395 4260 cum
2449 4207 2650 4273 sumpsi
2698 4204 2870 4270 dixit,
2926 4211 3255 4268 sumpturum
3309 4214 3369 4254 se

1787 4297 2139 4369 signiﬁcavit.
2185 4297 2255 4351 Se
2296 4297 2440 4349 enim
2484 4295 2548 4348 de
2589 4296 2770 4364 furore
2807 4293 3170 4347 remissurum
3205 4292 3379 4360 polli-.

89 4394 241 4466 ἆπερ
284 4388 352 4464 ἦν
393 4393 730 4463 ἐξεγείρου,
777 4391 1099 4462 ἐξεγείρου.
1155 4390 1521 4460 Έπιμένουσα
1570 4391 1682 4460 γὰρ

1788 4399 1966 4454 cetur,
2000 4391 2044 4442 si
2097 4405 2218 4457 qua:
2245 4387 2427 4442 verbis
2466 4388 2590 4440 istis
2625 4387 2888 4454 excitare,
2924 4385 3156 4438 excitare
3197 4381 3368 4450 impe-

89 4487 157 4556 τῇ
216 4482 474 4548 πτώσει,
539 4483 690 4536 αἰτία
735 4482 886 4536 ἔσται
931 4485 1031 4552 τῆς
1095 4483 1204 4535 τῶν
1254 4481 1682 4552 ἐπηγγελμένων

90 4575 406 4638 κωλύσεως.
424 4574 678 4628 Τοιοῦτον
701 4574 798 4628 καὶ
823 4574 913 4627 τό·
949 4589 968 4626 ι
995 4573 1088 4644 Μὴ
1117 4575 1144 4628 6
1175 4574 1391 4628 πίπτων
1429 4573 1530 4626 οὐκ
1559 4571 1683 4628 ἀνί-

92 4681 320 4731 erant;
368 4663 402 4734 ἢ
455 4665 484 4717 6
531 4663 892 4734 ἀποστρέφων
912 4663 1012 4716 οὐκ
1067 4663 1424 4734 ὲπιστρέφει;
1458 4662 1576 4716 Ἵνα
1631 4661 1686 4715 τι

91 4753 472 4824 ἀποστρέφετε
522 4753 876 4822 ἀποστροφὴν
917 4751 1145 4822 ἁναιδῆ;
1200 4751 1350 4819 λέγει
1406 4751 1632 4821 Κύριος.
1664 4767 1681 4802 ι

89 4848 322 4918 Μήποτε
345 4846 400 4900 δὲ
433 4845 630 4918 μηκέτι
664 4843 918 4909 πιεῖσθε,
953 4844 1086 4914 φησὶ
1111 4885 1126 4920 ,_
1159 4843 1248 4896 διὰ
1275 4842 1374 4912 τὴν
1405 4844 1492 4896 ἐπ’
1517 4842 1684 4913 ἐσχά-

88 4956 202 4991 των
219 4935 782 5009 ὲπιστροφήν.Ἔλεγε
805 4935 934 5006 γὰρ,
955 4955 973 4986 ι
997 4935 1377 5004 Ἐπιλήσονται
1394 4935 1491 5005 τὴν
1505 4934 1684 5004 θλίψιν

90 5027 279 5084 αὐτῶν
297 5027 396 5100 τὴν
411 5027 658 5100 πρώτην,
684 5045 703 5080 ι
727 5029 908 5082 καὶτὰ
933 5026 1078 5096 ἑξῆς.
1095 5025 1392 5094 Ποτήριον
1413 5027 1469 5080 δὲ
1496 5027 1682 5081 καλεῖν

54 5137 72 5147 ί
91 5119 219 5185 ἔθος
251 5118 362 5173 ἐσθ’
383 5120 474 5173 ὅτε
505 5122 573 5190 τῇ
597 5120 718 5190 θείᾳ
739 5119 928 5191 Γραφῇ
954 5119 1014 5170 τὸ
1041 5117 1525 5186 ἀνταποδιδόμενον
1545 5119 1678 5186 ἁγαο

91 5211 283 5284 θοῖς,ῆ
307 5215 519 5278 κακοῖς,
544 5211 621 5276 ὡς
654 5211 810 5283 παρὰ
835 5211 914 5282 τῷ
948 5209 1114 5264 Δαὸιδ
1132 5227 1146 5242 ’
1183 5229 1201 5260 ι
1231 5208 1372 5280 Πῦρ,
1393 5211 1488 5263 καὶ
1513 5209 1676 5274 θεῖον,

91 5304 192 5358 καὶ
239 5302 459 5374 πνεῦμα
498 5301 834 5371 καταιγίδος,
874 5303 908 5374 ἡ
959 5302 1119 5372 μερὶς
1150 5299 1246 5354 τοῦ
1279 5301 1540 5371 ποτηρίου
1575 5302 1678 5354 αὐ-

166 5462 217 5498 ”
243 5461 390 5520 Psal.
429 5479 610 5529 Lutv,
636 5461 690 5518 9.
788 5463 830 5494 "
861 5461 1062 5516 Jerem.
1103 5477 1220 5526 vni,
1251 5461 1306 5526 4,
1339 5461 1397 5518 5.

1789 4489 1906 4534 rata
1941 4489 2090 4544 sunt,
2128 4481 2245 4550 ipsa
2293 4480 2632 4549 praestiterit.
2669 4476 2818 4531 Alias
2855 4476 2999 4529 enim
3037 4475 3080 4528 si
3127 4474 3276 4542 lapsa
3309 4487 3368 4541 se

1785 4590 1896 4629 non
1937 4575 2198 4641 erexerit,
2239 4573 2594 4628 denuntiatas
2634 4571 2689 4624 in
2723 4586 2782 4624 se
2813 4583 3000 4640 ptenas
3033 4581 3156 4622 esse
3199 4573 3368 4619 attra-

1785 4674 2022 4719 cturam.
2077 4663 2210 4720 Tale
2256 4673 2338 4720 est
2388 4673 2445 4719 et
2490 4661 2624 4717 illud
2665 4680 2678 4716 :
2721 4681 2738 4714 ι
2773 4660 2971 4714 Nonne
3023 4659 3116 4730 qui
3171 4656 3368 4712 recidit

1785 4756 2038 4826 erigitur,
2086 4765 2178 4810 aut
2233 4755 2327 4824 qui
2379 4753 2680 4818 aberravit,
2731 4751 2786 4806 in
2843 4751 2986 4802 viam
3043 4743 3368 4802 revertitur?

1787 4847 1969 4914 Quare
2001 4847 2309 4901 avertimini
2347 4845 2633 4900 aversione
2668 4839 2996 4911 impudenti,
3026 4838 3155 4892 dicit
3182 4835 3368 4888 Domi-

1786 4955 1892 4994 nus
1935 4940 2000 4992 ¹⁹.
2032 4957 2050 4991 ι
2107 4939 2294 5007 Neque
2345 4952 2476 4991 vero
2524 4934 2822 5002 deinceps,
2877 4930 3086 5000 inquit,
3131 4926 3365 4999 amplius

1784 5023 1965 5086 bibatis
1986 5071 2000 5095 ,
2024 5030 2286 5082 nimirum
2319 5035 2542 5098 propter
2572 5025 2911 5081 eversionem
2929 5030 3246 5074 extremam.
3271 5015 3364 5068 Di-

1783 5119 2136 5172 Cebatenim:
2165 5135 2183 5167 ι
2207 5115 2618 5171 Ohlivisceutur
2645 5115 2832 5182 prima:
2846 5125 2958 5166 suae
2975 5104 3312 5163 amictionis,
3339 5121 3356 5152 ι

1783 5216 1836 5263 et
1877 5223 1998 5278 qute
2035 5207 2318 5276 deinceps.
2353 5205 2447 5262 Est
2490 5221 2654 5277 porro
2687 5204 2984 5274 Scriptura:
3023 5213 3194 5268 sacrae
3231 5193 3368 5248 visi-

1785 5307 1960 5355 tatum
1989 5300 2134 5371 quod
2169 5299 2330 5354 bouis
2369 5306 2465 5352 aut
2504 5297 2666 5352 malis
2703 5291 3040 5365 rependitur,
3087 5288 3141 5344 id
3185 5287 3368 5357 ipsum

1399 5569 1636 5628 VM‘JE
1679 5569 1712 5624 l.
1727 5567 2082 5625 ECTIONES.

165 5675 196 5718 ι
230 5665 318 5725 ισ.
347 5667 473 5738 pip.
527 5661 578 5714 .5
601 5665 706 5734 ἀφ.
743 5665 906 5734 φησιν
931 5663 986 5717 δι.
1069 5665 1083 5704 ί
1120 5681 1208 5732 γρ.
1243 5659 1372 5736 ἆρα.
