3954 6308
253 255 404 322 2505
1387 255 1921 319 COMMENTARII
1946 253 2031 316 IN
2068 233 2353 316 ISAI’AM.
3383 251 3526 314 2506

256 367 372 418 τῶν
404 363 788 430 πιστευόντων,
826 380 846 414 ι
872 363 953 418 δτι
1007 364 1068 418 τὸ
1119 363 1380 436 καύχημα
1430 366 1531 437 τῆς
1567 367 1840 438 δυνάμεως

1952 375 2012 420 ιιι
2041 365 2190 421 vires
2240 379 2392 439 suas.
2427 363 2699 419 instauret
2742 377 2806 418 ac
2860 369 3125 418 resumat.
3180 359 3356 418 liabet
3393 373 3526 417 vero

257 456 444 510 αὐτῶν
482 453 536 510 εἶ
570 455 653 509 σύ.
687 474 702 508 ι

1946 470 2292 528 permagnam
2350 459 2514 510 etiam
2571 454 2831 524 gloriam,
2887 453 3034 524 quod
3087 453 3154 510 ad
3208 453 3524 510 Conditoris

257 547 788 619 cxelnplareﬁ’ecta,
828 563 896 604 eo
929 547 1116 616 etiam,
1146 549 1238 618 qui
1304 549 1477 620 gloria
1517 559 1623 615 csl,
1651 548 1878 618 potitur,
1947 561 2112 617 quam
2169 547 2288 600 vult
2347 559 2627 601 resumere
2677 545 2942 598 civitatem
2991 554 3252 608 sanctam,
3306 553 3366 597 ut
3395 543 3523 599 non

257 646 435 714 ipsam
472 644 703 714 amplius
745 652 1077 711 pertranseat
1114 655 1402 708 externus,
1428 656 1523 701 aut
1565 645 1838 700 idolorum
1879 644 2080 698 cultor.
2141 642 2279 698 Esse
2329 653 2513 697 autem
2547 657 2670 696 cum
2703 641 2884 711 ipsum
2915 639 3167 711 gloriam,
3206 640 3300 710 qui
3339 640 3527 712 gloria:

258 737 530 791 Dominus
581 747 689 802 est,
719 734 999 790 Christum
1050 737 1284 802 scilicet,
1318 737 1436 807 ipse
1476 737 1664 800 etiam,
1696 735 1788 804 qui
1829 773 1844 800 ,
1895 753 1914 786 ι
1951 732 2219 804 Exsurge,
2249 733 2410 804 587
2439 733 2611 803 gloria
2639 747 2781 798 mea,
2825 733 3046 795 cecinit,
3085 751 3104 784 ι
3145 739 3382 787 testatur
3422 733 3522 787 Da-

254 829 353 884 vid
385 828 458 893 ";
489 827 582 896 qui
614 841 834 880 rursum
866 826 934 881 de
967 827 1322 882 credentibus
1355 831 1614 882 locutus:
1651 846 1669 878 ι
1701 827 1842 893 Quia
1875 825 2130 897 gloriatio
2155 839 2346 880 eorum
2381 835 2436 879 tu
2463 840 2523 879 es
2549 824 2618 890 ³⁰,
2652 843 2670 876 ι
2711 825 2952 892 scripsit.

332 917 468 972 Τίνα
519 917 576 969 δὲ
622 915 822 986 τρόπον
886 915 1276 986 ἐνδυσώμεθα
1338 917 1455 986 τὴν
1497 917 1702 988 ίσχὺν,
1738 915 1838 971 καί

256 1009 380 1077 τὴν
401 1008 594 1072 δόξαν
625 1009 653 1060 ό
687 1005 855 1074 σοφὸς
885 1007 1207 1078 παρέστησε
1251 1007 1463 1070 Παῦλος
1491 1009 1682 1061 εἰπών’
1719 1007 1838 1062 Ἐν-

255 1099 495 1154 δύσασθε
527 1099 619 1153 τὸν
649 1097 854 1168 Κύριον
885 1097 1044 1168 ἡμῶν
1071 1099 1314 1165 Ἰησοῦν
1339 1100 1430 1152 τὸν
1452 1099 1702 1171 Χριστόν.
1728 1098 1840 1153 Καὶ

258 1193 462 1248 πάλινο
495 1191 653 1244 Ὅσοι
707 1189 816 1261 γὰρ
860 1185 1098 1259 Χριστὸν
1147 1189 1553 1252 ἐϐαπτίσασθε,
1603 1189 1839 1260 Χριστὸν

257 1282 608 1338 ἐνεδύσασθε.
632 1281 708 1334 Τὸ
731 1281 790 1334 δὲ
813 1281 1106 1351 πρόσωπον
1126 1281 1227 1349 τῆς
1258 1280 1588 1352 Ἐκκλησίας
1612 1281 1841 1345 Ἡσαΐας

255 1375 473 1442 εἰσάγει
519 1373 726 1440 λέγων·
767 1389 786 1424 ι
827 1371 1200 1441 Ἀγαλλιάσθω
1245 1373 1278 1441 ἡ
1320 1370 1466 1444 ψυχή
1503 1389 1606 1442 μου
1637 1372 1730 1425 ἐπὶ
1759 1371 1837 1441 τῷ

254 1466 472 1536 Κυρίῳ.
529 1464 776 1517 Ἐνέδυσε
829 1464 940 1532 γάρ
991 1481 1058 1534 με
1111 1463 1328 1534 ἱμάτιον
1381 1465 1683 1534 σωτηρίου,
1744 1465 1839 1516 καὶ

255 1555 465 1628 χιτῶνα
499 1553 872 1624 εὐφροσύνης·
905 1573 924 1605 ι
954 1555 1019 1621 ἦν
1047 1553 1140 1608 νῦν
1173 1555 1352 1624 ἁγίαν
1388 1555 1561 1618 καλεῖ,
1591 1554 1666 1618 ὡς
1699 1553 1838 1625 σύμ-

259 1664 473 1720 μορφον
509 1646 589 1716 τῷ
611 1645 856 1716 Χριστῷ,
894 1645 987 1698 καὶ
1021 1646 1178 1710 ἁγίου
1220 1648 1556 1716 μετέχουσαν
1585 1647 1839 1716 Πνεύμα-

251 1756 375 1804 τος,
417 1740 474 1793 ὲν
499 1731 545 1806 ᾧ
575 1739 670 1792 καὶ
695 1737 1148 1808 ἐσφραγίσθημεν
1177 1739 1258 1800 είς
1289 1738 1502 1808 ἡμέραν
1527 1735 1845 1806 ἀπολυτρώ-

257 1846 405 1892 σεως
442 1831 620 1882 πάντα
652 1829 821 1898 ῥύπον
850 1828 1271 1898 ἀπονιψάμενοι,
1302 1828 1360 1892 ὃς
1391 1831 1486 1883 καὶ
1512 1829 1691 1881 πᾶσαν
1745 1826 1842 1895 ἔφ-

261 1922 388 1974 οδον
437 1919 597 1991 ἡμῶν
628 1919 940 1990 διαδολικὴν
973 1921 1342 1991 ἀποκρούεται
1381 1920 1587 1986 λέγων·
1629 1919 1844 1974 oaxen

251 2009 740 2080 προστεθήσεται
765 2010 864 2064 διὰ
888 2009 1007 2064 σοῦ
1033 2009 1296 2065 διελθεῖν
1317 2011 1714 2079 ἀπερίτμητος
1741 2011 1841 2064 καὶ

253 2103 616 2170 ἀκάθαρτος.
642 2103 752 2156 Καὶ
777 2101 1070 2173 ἱστορικῶς
1096 2102 1153 2156 δὲ
1181 2102 1250 2156 τὰ
1275 2103 1534 2173 περίοικα
1565 2101 1694 2173 ἔθνη
1720 2118 1842 2155 συν-

258 2194 413 2264 ἐχεις
441 2193 666 2260 ἐφόδους
700 2193 1022 2264 ποιούμενα,
1059 2181 1340 2264 μονονουχὶ
1373 2193 1438 2246 δι’
1471 2193 1641 2262 αὐτῆς
1667 2194 1841 2264 χαμαὶ

253 2283 524 2354 κειμένης
551 2283 894 2354 διήρχοντο.
931 2285 1019 2348 Ὠς
1047 2286 1110 2338 ὲκ
1135 2285 1239 2354 γῆς
1269 2284 1326 2338 δὲ
1357 2285 1715 2356 ἀνισταμένη,
1747 2285 1840 2337 καὶ

251 2375 372 2430 τῶν
413 2377 622 2445 γηΐνων
665 2375 912 2446 γεμούσῃ
964 2376 1074 2430 τὸν
1108 2375 1260 2444 χοῦν
1301 2375 1612 2440 ἐκτινάξαι
1664 2393 1841 2447 παρα-

254 2467 568 2530 κελεύεται,
612 2467 674 2519 τὸ
715 2468 970 2538 φρόνημα
1015 2468 1258 2539 δηλονότι
1301 2467 1363 2521 τὸ
1395 2467 1729 2540 σαρκικδν,δ
1759 2469 1841 2521 δεῖ

254 2557 764 2628 προαποθεμένους,
807 2558 954 2612 οὖτοι
987 2557 1275 2628 προσιέναι
1323 2558 1569 2630 Χριστῷ,
1622 2557 1837 2612 Παύλου

252 2647 510 2716 λέγοντος
531 2665 542 2678 ·
572 2647 932 2702 ιἙκδύσασθε
951 2649 1042 2702 τὸν
1059 2647 1284 2702 παλαιὸν
1297 2649 1636 2720 ἄνθρωπον,ι
1659 2650 1838 2706 καὶτὰ

254 2740 410 2810 ἑξῆς.
439 2741 504 2793 ⁸0
533 2740 598 2808 δὴ
634 2739 932 2809 δράσαντες
974 2740 1314 2810 ἀνιστάμεθα
1359 2741 1505 2811 ὀρθῷ
1549 2743 1643 2795 καὶ
1669 2743 1836 2814 βεϐη-

255 2831 380 2886 κότι
402 2830 482 2902 τῷ
513 2830 779 2902 λογισμῷ,
823 2830 967 2884 καθά
1005 2847 1088 2895 τις
1117 2831 1485 2903 παραγγέλλει
1515 2833 1799 2904 προφήτης
1821 2849 1834 2862 ·

264 2941 288 2974 ι
336 2923 540 2990 Στῆσον
593 2923 845 2991 σεαυτὴν,
888 2923 1047 2976 Σιών.
1083 2943 1102 2974 ι
1142 2925 1250 2976 Καὶ
1303 2923 1469 2979 Δαόιδ
1521 2923 1577 2977 δέ
1634 2941 1833 2995 φησιν’

2009 914 2129 982 Quo
2166 916 2361 970 deinde
2417 915 2580 969 modo
2636 915 3007 984 fortitudinem
3051 923 3104 970 et
3167 915 3394 986 gloriam
3445 916 3528 971 in-

1943 1006 2194 1071 duamur,
2227 1008 2454 1077 sapiens
2488 1007 2762 1077 expressit
2791 1005 3024 1071 Paulus,
3053 1021 3178 1061 cum
3207 1023 3308 1062 nos
3342 1007 3526 1062 Domi-

1945 1113 2075 1152 num
2107 1089 2358 1154 nostrum
2388 1097 2574 1152 Jerum
2594 1097 2874 1152 Christum
2899 1095 3130 1152 induere
3148 1097 3394 1167 praecipit
3407 1096 3520 1163 ⁸⁸*ς

1945 1203 2070 1244 cum
2103 1203 2299 1246 rursus
2329 1205 2522 1245 omnes
2549 1190 2604 1242 in
2656 1180 2936 1243 Christum
2985 1187 3312 1257 baptizatos,
3359 1187 3523 1242 Chri-

1944 1283 2092 1332 stum
2131 1277 2315 1347 ipsnm
2347 1277 2600 1334 induisse
2627 1275 2968 1346 signiﬁcavit
2993 1277 3060 1331 “.
3116 1276 3332 1330 lnducit
3388 1292 3523 1332 vero

1945 1367 2211 1424 Ecclesia:
2272 1383 2568 1439 personam
2617 1367 2673 1422 in
2725 1368 2872 1422 hunc
2920 1368 3141 1421 modum
3204 1369 3520 1438 loquentem

1945 1458 2170 1515 Isaias:
2231 1477 2250 1511 ι
2293 1459 2542 1514 Exsultat
2603 1460 2786 1512 anima
2833 1473 2950 1512 mea
3009 1459 3064 1511 in
3121 1458 3374 1514 Domino.
3432 1459 3524 1512 In-

1945 1551 2064 1606 duit
2099 1565 2183 1605 me
2209 1551 2540 1607 vestimento
2579 1550 2797 1616 salutis,
2831 1557 2886 1604 et
2919 1549 3106 1604 tunica
3137 1549 3344 1604 laetitiae
3369 1549 3415 1582 ’θ
3445 1565 3459 1602 :
3495 1565 3534 1600 »-

1946 1658 2115 1713 quam
2155 1656 2310 1697 nunc
2362 1650 2608 1696 sanctam
2669 1642 2910 1712 appellat
2971 1649 3237 1710 tanquam
3301 1639 3522 1696 Christo

1947 1734 2308 1800 conlormem,
2348 1729 2704 1805 Spiritusque
2735 1735 2913 1788 sancti
2941 1733 3292 1803 participem,
3326 1733 3380 1788 in
3410 1746 3522 1802 quo

1943 1828 2202 1884 sordibus
2234 1828 2438 1883 ablutis
2473 1827 2672 1901 signati
2703 1841 2898 1883 sumus
2933 1829 2986 1879 i‘n
3017 1825 3162 1880 diem
3191 1826 3523 1896 redemptio-

1945 1919 2063 1986 nis;
2097 1921 2191 1989 qui
2223 1935 2412 1974 omnes
2437 1919 2602 1974 etiam
2631 1918 2938 1972 diabolicos
2978 1917 3219 1974 insultus
3267 1931 3296 1970 a
3359 1917 3520 1972 nobis

1943 2009 2247 2078 propulsat,
2279 2009 2362 2062 his
2389 2008 2572 2063 verbis
2603 2027 2616 2062 :
2661 2006 2785 2060 Non
2826 2007 3058 2077 amplius
3086 2015 3264 2078 perget
3287 2009 3520 2061 transire

1941 2112 2036 2166 per
2059 2105 2106 2150 te
2129 2097 2544 2150 incircumcisus
2575 2107 2624 2150 et
2657 2097 2986 2150 immundus.
3007 2084 3140 2150 Nam
3165 2108 3220 2150 et
3245 2113 3364 2151 eam
3390 2097 3519 2151 olim

1944 2187 2140 2242 vicina:
2196 2198 2414 2258 gentes,
2451 2190 2496 2244 si
2552 2203 2642 2243 res
2696 2197 2880 2258 gestas
2932 2187 3190 2254 intueris,
3247 2187 3518 2258 frequenti

1941 2280 2185 2334 exercitu
2250 2289 2514 2350 tanquam
2587 2280 2742 2335 humi
2797 2283 3072 2349 jacentem
3129 2284 3523 2344 conculcantes

1939 2375 2377 2438 pertransierunt.
2412 2371 2518 2428 Sed
2561 2373 2670 2442 iam
2720 2375 2869 2427 velut
2921 2383 3186 2435 erectam,
3242 2374 3522 2442 rebusque

1940 2462 2174 2516 terrenis
2201 2463 2503 2532 oppletam,
2536 2464 2803 2531 pulverem
2847 2463 3044 2532 ipsum,
3089 2463 3142 2516 id
3190 2470 3276 2517 est
3334 2461 3519 2516 carnis

1939 2551 2252 2616 consilium,
2276 2559 2514 2604 excutere
2537 2551 2885 2617 adhortatur;
2909 2567 3016 2622 quo
3041 2568 3147 2606 non
3175 2550 3279 2606 nisi
3306 2553 3520 2621 abjecm

1940 2641 2006 2696 ad
2057 2641 2340 2696 Christum
2379 2641 2508 2696 licet
2546 2645 2834 2706 accedere,
2889 2643 2936 2698 si
2991 2643 3162 2697 Paulo
3217 2644 3520 2710 credimus,

1937 2733 2032 2804 qui
2085 2745 2320 2789 veterem
2368 2735 2670 2800 hominem,
2717 2743 2772 2790 et
2824 2751 2948 2805 quae
2997 2711 3282 2807 deinceps:
3315 2751 3522 2792 exuere

1939 2826 2278 2896 praecipit“.
2343 2827 2498 2893 Quod
2541 2827 2630 2881 ubi
2693 2829 3144 2897 praestiterimus,
3203 2837 3356 2884 recta
3414 2827 3521 2900 ipsi

1945 2925 2060 2972 tum
2097 2921 2316 2972 demum
2357 2919 2659 2989 stabilique
2690 2920 2904 2975 ratione
2935 2921 3328 2986 excitabimur,
3375 2923 3521 2977 sicut

247 3022 288 3066 ἰ
318 3014 587 3083 Ἕστησεν
619 3013 713 3068 ἐπὶ
752 3015 960 3082 πέτρας
1002 3015 1130 3079 τοὺς
1159 3015 1329 3076 πόδας
1376 3033 1499 3084 μου.
1535 3035 1554 3067 ι
1587 3009 1658 3090 ᾭ
1697 3035 1836 3090 παρ-

1946 3016 2026 3063 est
2049 3023 2078 3063 a
2099 3011 2363 3080 pr0pheta
2387 3011 2626 3080 quodam
2653 3011 3050 3080 signiﬁcatum,
3076 3011 3168 3066 ubi
3197 3013 3273 3066 ait
3305 3030 3318 3066 :
3355 3031 3373 3064 ι
3403 3013 3523 3068 Sta-

254 3105 452 3159 ἐπεται
486 3105 582 3158 καὶ
607 3105 690 3158 τό·
732 3105 1111 3162 Ἐκδύσασθε
1147 3108 1254 3160 τὸν
1288 3107 1515 3177 δεσμόν
1549 3109 1657 3163 τοῦ
1700 3125 1832 3178 τρα-

253 3193 477 3264 χήιιου.
515 3197 734 3266 Σειρατς
779 3197 889 3266 γὰρ
917 3197 1026 3250 τῶν
1071 3197 1217 3250 ἰδίων
1259 3199 1675 3270 ἁμαρτημάτων
1711 3200 1877 3254 ἒκα·’

255 3303 386 3348 στος
419 3287 730 3355 σφίγγεται.
762 3288 877 3340 Καὶ
907 3287 1013 3340 ύπδ
1039 3289 1178 3356 ζυγά
1198 3289 1254 3342 δὲ
1283 3291 1384 3360 τῆς
1408 3291 1686 3360 ἁμαρτίας
1711 3293 1840 3344 ύπο-

253 3376 573 3446 ϐληθέντες,
605 3395 622 3428 ι
657 3378 1052 3450 Διαρρἡωμεν
1087 3380 1216 3444 τοὺς
1245 3380 1478 3448 δεσμοὺς
1511 3381 1712 3444 αὐτῶν,
1747 3381 1842 3435 καὶ

249 3466 654 3540 ἀπορρίψωμεν
684 3469 780 3538 ἀφ’
805 3469 964 3540 ἡμῶν
995 3469 1090 3523 τὸν
1121 3470 1284 3538 ζυγόν
1323 3472 1522 3535 αὐτῶν,
1559 3489 1578 3523 ι
1616 3472 1677 3524 τὸ
1705 3473 1843 3539 ἀγα-

253 3557 353 3612 οδν
375 3557 648 3630 ἐλευθέρῳ
679 3559 1080 3630 κατορθοῦντες
1101 3561 1439 3631 φρονήματι,
1463 3561 1538 3624 ὼς
1563 3561 1844 3638 παρὐὲνδς

251 3650 390 3720 ἡμῖν
419 3650 675 3720 είρῆσθαι
701 3651 730 3691 ι
761 3651 874 3704 τῶν
911 3651 1241 3722 προφητῶν·
1284 3671 1303 3704 ί
1333 3652 1444 3706 Καὶ
1471 3651 1841 3718 ὲξελεύσεσθε,

253 3740 354 3792 καὶ
381 3742 708 3812 σκιρτήσετε
747 3741 823 3804 ὡς
853 3746 1128 3813 μοσχάρια
1157 3744 1222 3794 ὲκ
1249 3741 1467 3812 δεσμῶν
1501 3741 1784 3812 ἀνειμένα.
1819 3761 1838 3794 ι

267 3831 361 3894 Ὠς
401 3832 680 3902 ἁμαρτίας
716 3833 822 3904 γὰρ
863 3836 958 3888 καὶ
994 3835 1245 3888 διαϐόλου
1275 3833 1565 3904 δεσμῶτιν,
1595 3835 1690 3888 καὶ
1723 3833 1845 3888 δού-

254 3921 360 3992 λην
374 3923 755 3991 αἰχμάλωτον
775 3925 1046 3995 καλείτὴν
1065 3925 1218 3979 Σιὼν
1239 3926 1406 3979 ἐλεῶν
1429 3927 1598 3996 αὐτὴν
1628 3930 1728 3998 τῆς
1751 3945 1844 3980 πι-

254 4011 530 4082 κροτάτης
554 4010 947 4076 ἀλώσεως.Ἦν
979 4014 1072 4067 καὶ
1095 4015 1390 4084 θυγατέρα
1417 4015 1620 4078 καλῶν,
1637 4019 1698 4068 τὸ
1728 4015 1846 4078 πῶς

253 4096 352 4154 οὖν
373 4100 510 4170 ἥλω,
538 4102 886 4172 παρίστησιν·
913 4103 989 4167 ὡς
1019 4103 1158 4176 αὐτὴ
1177 4105 1244 4159 δι’
1268 4105 1576 4178 αύτὴν,ούκ
1595 4105 1849 4178 ἀσθενείᾳ

251 4187 352 4242 τοῦ
381 4188 664 4254 σώζοντος,
715 4193 814 4260 τῆς
853 4191 912 4245 δὲ
953 4195 1232 4264 πατρικῆς
1287 4195 1692 4266 εὐσπλαγχνίας
1739 4198 1846 4263 ἀφο

253 4281 552 4350 ηνιὰσασα.
587 4281 753 4336 Ὅθεν
800 4282 969 4353 αὐτὴν
1031 4284 1260 4352 δωρεὰν
1307 4285 1648 4354 πεπρᾶσθαι
1688 4287 1843 4358 φησί.

1946 3111 2037 3156 tue
2068 3109 2121 3156 te
2150 3102 2348 3171 ipsam,
2376 3117 2410 3157 ο
2446 3101 2579 3157 Sion
2609 3103 2675 3156 ³⁸.
2715 3123 2734 3154 ι
2789 3105 2852 3158 Et
2881 3121 2912 3160 a
2959 3105 3162 3160 Davide
3191 3123 3201 3158 :
3237 3123 3255 3156 ι
3317 3103 3523 3160 Statuit

1943 3209 2112 3264 supra
2166 3205 2377 3264 petram
2419 3196 2586 3266 pedes
2639 3211 2791 3251 meos
2815 3197 2882 3249 ³⁸.
2925 3215 2944 3248 ι
3001 3196 3102 3251 Cui
3152 3198 3413 3252 convenit
3465 3203 3524 3253 et

1943 3287 2100 3347 illud,
2141 3287 2284 3355 quod
2319 3288 2608 3356 sequitur:
2660 3287 2814 3342 Solve
2844 3288 3053 3342 vincula
3091 3289 3216 3346 colli
3246 3290 3344 3342 tui.
3396 3287 3525 3344 Suis

1941 3378 2086 3431 enim
2119 3378 2355 3448 quisque
2385 3378 2646 3448 peccatis,
2694 3385 2753 3432 ut
2799 3379 3034 3444 catenis,
3092 3379 3521 3447 constringitur.

1944 3469 2011 3524 Et
2047 3486 2171 3535 nos,
2213 3471 2308 3540 qui
2334 3471 2606 3525 scelerum
2634 3469 2768 3541 jugo
2798 3470 3184 3541 deprimimur,
3227 3490 3246 3523 ι
3305 3471 3523 3524 Dirum-

1944 3575 2137 3628 pamus
2168 3559 2386 3612 vincula
2411 3574 2625 3621 eorum,
2645 3559 2952 3628 jugumque
2992 3559 3238 3629 ipsorum
3271 3560 3523 3616 excutia-

1943 3663 2067 3705 mus
2101 3651 2168 3711 '“,
2205 3667 2224 3700 ι
2251 3647 2426 3702 libera
2457 3649 2744 3702 voluntate
2767 3649 2914 3718 quod
2935 3649 3150 3718 justum
3181 3656 3265 3704 est
3290 3650 3522 3719 operati,

1945 3740 2088 3794 sicut
2118 3739 2204 3794 his
2232 3739 2416 3792 verbis
2450 3754 2595 3792 unus
2631 3738 2707 3791 ait
2729 3739 3124 3807 prophetarum
3155 3753 3170 3792 :
3211 3755 3230 3788 ι
3271 3738 3336 3791 Ει
3367 3753 3527 3808 ρει-σο

1944 3829 2196 3892 diemini,
2229 3839 2280 3884 et
2316 3829 2552 3893 salictis,
2597 3836 2858 3896 tauquam
2897 3828 3052 3880 vituli
3085 3827 3323 3882 vinculis
3377 3831 3526 3883 rela-

1947 3919 2058 3973 xati
2088 3919 2155 3984 ³⁷,
2199 3937 2218 3970 ι
2263 3916 2476 3972 Sionem
2513 3917 2658 3972 enim
2693 3925 2955 3986 tanquam
3009 3917 3218 3986 peccati
3284 3916 3525 3972 diaboli-

1945 4024 2054 4078 que
2100 4009 2311 4079 laqueis
2379 4007 2734 4062 coustrictam
2785 4016 2839 4061 et
2884 4007 3148 4076 captivam
3201 4007 3520 4077 alloquitur,

1945 4101 2194 4172 ejusdem
2247 4110 2470 4170 propter
2525 4097 2948 4170 espugnationis
3002 4099 3358 4154 acerbitatem
3416 4101 3524 4155 mi-

1949 4193 2226 4249 seratione
2257 4200 2600 4258 commotus;
2635 4205 2800 4261 quam
2833 4189 2998 4244 etiam
3033 4191 3204 4260 ﬁliam
3239 4190 3524 4260 appellan~

1949 4285 2044 4348 do,
2086 4300 2194 4338 nun
2229 4283 2507 4338 servantis
2542 4281 2940 4346 imbecillitate,
2993 4283 3086 4336 sed
3143 4296 3240 4350 per
3287 4295 3368 4345 se,
3400 4295 3523 4350 qum

249 4371 369 4429 ,Καὶ
391 4372 504 4426 ἄνω
536 4373 646 4440 γὰρ
672 4372 912 4442 ἔφασκεν
932 4391 946 4406 ·
979 4394 998 4426 ι
1021 4376 1154 4430 Ἰδοὺ
1188 4381 1308 4441 ταῖς
1349 4379 1648 4448 ἁμαρτίαις
1679 4379 1832 4450 ὑμῶν

1946 4385 2184 4448 paterna:
2238 4375 2640 4430 benevolentia:
2687 4372 2903 4429 frenum
2955 4375 3250 4444 reSpuerit,
3300 4383 3520 4444 captam

254 4462 536 4534 ἐπράθητε
587 4464 754 4534 μηδὲν
809 4465 1407 4538 ἀντικαταλλαξάμενοι
1461 4467 1560 4536 τῆς
1623 4468 1833 4522 ἑαυτῶν

254 4554 550 4620 ἀπωλείας.
587 4578 605 4608 ι
632 4559 894 4622 ’Δκοντες
938 4559 1066 4629 γὰρ,
1104 4559 1180 4622 ὼς
1213 4561 1422 4624 εἰπεῖν,
1479 4560 1829 4630 ἀπηγόμεθα.

253 4645 368 4710 Διὸ,
400 4648 498 4700 καὶ
527 4649 730 4703 ἄκοντα
757 4649 849 4702 τὸν
895 4651 1116 4720 ἰσχυρὸν
1159 4650 1485 4704 ἐσκύλευσεν
1520 4651 1549 4704 ό
1575 4652 1830 4721 Χριστός.

259 4737 330 4797 ΤΔ
358 4735 620 4809 δέδρακεν
645 4740 925 4811 ἐπιφέρων
947 4743 1076 4796 ἄνευ
1103 4741 1390 4810 ἀργυρίου
1428 4729 1833 4813 λυτρούμενος·

252 4829 382 4892 τοὺς
418 4829 496 4900 μὴ
527 4834 816 4900 σωματικῇ
854 4833 1255 4902 περιπεσόντας
1288 4833 1662 4904 αἰχμαλωσίᾳ,
1699 4836 1836 4890 ἀλλά

253 4917 483 4990 ψυχικῇ,
523 4923 616 4974 καὶ
645 4920 739 4974 τοῦ
761 4921 944 4992 τιμίου
973 4923 1266 4994 δεομένους
1294 4925 1548 4994 αἵματος.

1937 4483 2060 4524 esse
2113 4467 2278 4538 583
2311 4467 2588 4532 ostendit;
2621 4466 2764 4521 unde
2791 4469 2960 4536 gratis
2994 4465 3355 4521 venundatum
3406 4482 3522 4522 esse

1937 4559 2156 4628 adjicit.
2203 4557 2334 4611 Nam
2362 4565 2416 4612 ct
2451 4557 2710 4626 superius
2735 4557 2955 4611 dicebat
2991 4576 3004 4612 :
3045 4575 3064 4608 ι
3107 4558 3249 4612 Ecce
3280 4559 3521 4629 peccatis

1937 4652 2136 4706 vestris
2169 4650 2466 4705 venundati
2495 4651 2661 4714 vestis,
2712 4649 2864 4702 nulla
2907 4664 3006 4719 pro
3055 4649 3280 4704 interitu
3341 4661 3521 4709 vestro

1937 4743 2083 4798 facta
2114 4741 2548 4796 commutatione
2567 4741 2632 4794 ⁸⁸.
2669 4758 2688 4792 ι
2725 4739 2882 4794 Inviti
2917 4742 3085 4808 enim,
3119 4750 3178 4796 ut
3219 4745 3289 4797 ita
3313 4744 3516 4810 dicam,

1944 4837 2391 4904 abripiebamur;
2428 4833 2660 4903 ideoque
2691 4842 3085 4902 repugnantem
3111 4836 3380 4903 spoliasse
3411 4835 3520 4890 for-

1945 4937 2054 4982 tem
2086 4926 2344 4980 Christus
2390 4925 2590 4977 dicitur
2616 4923 2679 4977 ³⁰.
2733 4923 2866 4990 Qua:
2911 4939 2971 4978 se
3007 4923 3206 4980 iecisse
3265 4925 3362 4990 ait,
3406 4942 3516 4982 non

250 5023 352 5063 eos
395 5020 613 5080 argento
667 5010 992 5078 redimendo,
1031 5015 1124 5085 qui
1160 5030 1290 5070 mon
1359 5032 1676 5088 corporum,
1727 5018 1820 5074 sed
1861 5019 2172 5073 animorum
2219 5016 2483 5071 servitute
2512 5016 2942 5085 premebantur,
2985 5017 3334 5088 pretiosaque
3393 5034 3516 5076 sane

251 5103 420 5174 guine
462 5105 800 5179 indigebant.

324 5194 460 5250 Εἶτα
487 5197 757 5256 δείκνυσιν
792 5204 990 5260 ἑαυτὸν
1032 5205 1119 5259 ἀεὶ
1165 5203 1260 5258 τοῦ
1302 5203 1514 5276 Ἰσραὴλ
1567 5211 1828 5277 γεγονότα

2011 5198 2193 5268 Pergit
2233 5196 2434 5253 deinde
2487 5195 2707 5252 lsraelis
2748 5193 3086 5251 Salvatorem
3131 5204 3186 5252 et
3221 5200 3507 5264 redempto-

324 5325 373 5400 ξ’
397 5325 544 5386 Psal.
579 5335 778 5408 ινιηθ.
832 5336 882 5368 ⁹⁰
902 5336 1072 5408 Eccli.
1107 5353 1184 5404 xl,
1214 5337 1307 5392 22.
1343 5337 1424 5370 ³ο*
1461 5337 1662 5406 Ephes.
1704 5342 1840 5408 ιι-,ἓι

1967 5343 2005 5373 ιι
2037 5339 2221 5408 Galat.
2245 5334 2446 5400 111327.
2523 5336 2568 5368 "
2607 5333 2712 5408 lsa.
2743 5333 2925 5408 risui.
3005 5334 3048 5367 ³³
3075 5333 3270 5408 Ephes.
3312 5337 3515 5408 “3724.

252 5394 432 5469 "lsa._
449 5412 660 5469 xxxv",
676 5394 776 5460 ⁷22.

883 5408 929 5444 ³³
957 5407 1102 5461 Psal.
1143 5423 1332 5472 xum,
1366 5408 1420 5463 5.

249 5481 334 5534 ιι,
369 5467 460 5520 22.

1499 5409 1722 5465 “Psal.
1784 5429 1846 5478 ιι,
1921 5413 1975 5468 3.

2075 5409 2118 5441 δ’
2177 5407 2407 5461 Malach.
2468 5423 2540 5472 Iv,
2601 5405 2655 5458 2.

2757 5403 2798 5438 ³⁸
2839 5406 2952 5459 lsa.‘
3007 5403 3208 5469 1.11.75.
3303 5407 3346 5440 ’°
3379 5407 3512 5466 Luc.

1554 5526 1784 5620 rauim
1829 5548 2230 5623 caenosas.

325 5651 355 5693 ι
377 5667 466 5720 γρ.
499 5651 737 5720 εἴρηται.

579 5749 854 5808 Ρλτοοι..
903 5742 948 5803 G
964 5760 1021 5801 ιι.
1065 5742 1163 5802 LX
1177 5743 1437 5824 XXVII.

857 6007 888 6020 ς

3117 5754 3192 5818 79
