3980 6306
457 201 593 266 θΒΟἸ
1767 192 2055 254 PROCOP

2167 190 2402 254 GAZIEI
2793 235 2795 237 ι
3069 199 3080 209 ’
3569 190 3706 254 25θ8

457 330 566 370 rem
603 327 662 368 se
695 324 818 367 esse
850 309 1175 378 ostendere;
1209 292 1326 368 sire
1360 318 1576 378 tempus
1604 305 1742 361 illud
1792 313 2030 378 spectes,

2167 305 2365 374 ιωτῆρα
2395 301 2488 356 καὶ
2517 302 2857 374 Λυτρωτήν.
2901 302 3012 358 Καὶ
3041 303 3129 358 ὅτε
3159 303 3431 374 κατῆλθεν
3460 303 3605 356 ἑκὼν
3633 305 3707 367 είς

457 421 571 477 quo
620 411 814 474 sponte
847 403 900 458 in
941 401 1239 473 Egyptum
1293 398 1544 471 profecta
1593 395 1783 456 Jacobi
1809 399 2031 463 domus,

2167 395 2233 464 ὴν
2265 392 2564 463 Αἴγυπτον,
2592 391 2690 446 τοῦ
2725 392 2918 448 Ἰακὼϐ
2958 395 3074 446 ἐκεῖ
3102 393 3189 448 διὰ
3225 393 3384 464 λιμὸν
3427 392 3707 461 κατοική-

457 495 532 552 ibi
563 500 785 565 propter
815 489 1014 549 famem
1045 490 1329 557 habitavit,
1377 489 1494 544 sive
1534 487 1670 544 illud
1703 487 1894 552 etiam,
1923 500 2034 557 quo

2167 499 2394 550 ἀντος·
2425 486 2522 542 καὶ
2547 485 2634 540 ὅτε
2673 483 2768 558 βίᾳ
2807 483 2896 538 διὰ
2919 485 3018 549 τὰς
3051 485 3328 556 ἁμαρτίας
3357 485 3451 538 ὑπ’
3493 486 3714 540 Ἀσσυο

455 601 554 654 per
581 584 830 654 Assyrios
857 591 944 640 est
969 591 1280 654 expugnata
1315 580 1536 644 civitas,
1573 587 1632 634 ιιι
1652 579 1722 636 ab
1746 594 1808 634 ea
1832 578 2037 636 redem-

2167 578 2276 634 ιίων
2305 576 2468 642 ἑάλω,
2507 575 2616 630 ἀπὸ
2643 575 2742 643 τῆς
2771 573 3039 646 αἰσθητῆς
3077 571 3458 642 λυτρώσεως,
3502 573 3602 644 τὴν
3628 577 3713 630 ἐπὶ

454 678 633 746 ptione
666 691 792 747 quae
839 675 1104 740 sensibus
1134 683 1302 746 patet,
1354 672 1422 728 ad
1455 673 1601 742 ejus,
1632 687 1754 741 quae
1801 671 2036 728 adventu

2167 672 2236 740 ἧς
2267 667 2576 740 παρουσίας
2607 665 2774 720 αὑτοῦ
2795 665 2974 738 δηλῶν
3001 665 3150 739 ἄλλῳ
3177 667 3324 736 λόγῳ
3350 665 3584 735 δωρεὰν
3615 681 3713 721 πει

459 782 562 822 suo
621 769 763 822 facta
815 773 922 830 est,
967 780 1094 821 cum
1137 753 1248 820 alia
1303 762 1519 826 ratione
1561 763 1728 838 gratis
1753 759 2038 824 venundati

2167 759 2512 832 τραγμένων.
2541 757 2634 814 Διδ
2669 757 2915 826 ἐπιλέγει
2936 773 2950 788 ’
2977 761 3087 818 Καὶ
3121 758 3240 816 νῦν
3265 757 3324 812 τι
3355 751 3476 813 ὧδε
3509 757 3716 822 Eatur;

458 863 652 920 essent,
716 855 1138 928 intelligentiam
1207 852 1466 909 deducat.
1519 853 1697 918 Atque
1757 851 1885 906 inde
1929 859 2035 915 est,

2167 876 2172 924 ι
2197 852 2340 908 κατὰ
2361 850 2490 914 τοὺς
2511 849 2754 914 λοιποὺς,
2781 848 2882 904 καὶ
2903 849 3021 904 νῦν
3039 849 3096 904 τί
3116 849 3254 904 ἐστί
3271 865 3374 919 μοι
3402 843 3555 913 ὧδε;
3574 848 3718 903 οὐδὲν

459 947 632 1018 quod,
657 947 725 1002 Et
747 963 886 1004 nunc
913 945 1042 1016 quid
1060 946 1157 1000 erit
1191 946 1314 1000 hic?
1337 947 1443 1011 vel,
1473 953 1532 999 ut
1552 947 1735 1002 caeteri
1764 943 2038 1013 interpre-

2167 945 2273 1016 ’ὰρ,
2307 935 2616 1013 φησὶν,ὦδε
2631 943 2762 1014 παρ’
2789 941 2970 1004 αὑτοῖς
2992 941 3252 1010 εὑρίσκω,
3277 940 3419 996 κατά
3442 939 3504 994 τὸ
3529 940 3715 1012 ῥηθέν

463 1047 674 1104 lantur,
713 1039 840 1110 quid
869 1039 972 1092 erit
995 1038 1127 1091 mihi
1148 1037 1273 1090 hic?
1298 1035 1506 1090 intulit.
1541 1033 1692 1088 Nihil
1743 1035 1890 1093 enim
1927 1033 2036 1100 hic,

2193 1034 2339 1087 Διότι
2370 1027 2556 1105 ἦλθον,
2593 1031 2690 1086 καὶ
2719 1031 2820 1086 οὐκ
2845 1025 2916 1102 ἦν
2960 1029 3268 1101 ἄνθρωπος.
3305 1029 3596 1096 Ἐκάλεσα,
3621 1029 3714 1083 καὶ

465 1129 562 1194 ait,
593 1127 734 1200 apud
761 1143 856 1184 eos
889 1126 1130 1200 reperio,
1163 1127 1324 1200 juxta
1352 1125 1487 1180 illud
1519 1141 1536 1180 :
1575 1141 1594 1177 ‹
1639 1123 1764 1180 Ideo
1811 1123 1958 1190 veni,
1987 1133 2042 1180 et

2167 1125 2242 1179 ιὺκ
2270 1119 2338 1196 ἦν
2365 1127 2395 1178 ὁ
2427 1121 2737 1178 ὑπακούων.
2760 1141 2780 1174 ›
2809 1123 2873 1180 Et
2895 1121 2952 1176 δὲ
2977 1121 3076 1191 τὴν
3110 1119 3218 1174 ὑπὸ
3266 1121 3554 1192 Ῥωμαίων
3602 1123 3721 1191 αἰχ-

467 1233 577 1274 non
617 1227 738 1274 erat
781 1218 966 1297 homo.
1010 1215 1228 1284 Vocavi,
1277 1228 1332 1272 et
1378 1233 1487 1277 non
1544 1225 1662 1273 erat
1727 1217 1818 1292 qui
1887 1217 2042 1272 audi-

2167 1215 2435 1273 salwalav
2463 1214 2633 1286 δηλοῖ,
2656 1213 2868 1281 λέγοιτο
2897 1211 2963 1267 ἂν
2992 1213 3052 1266 τὸ
3066 1206 3189 1277 ὧδε,
3205 1213 3263 1266 ὲν
3277 1215 3398 1275 ταῖς
3420 1212 3530 1266 τῶν
3557 1211 3724 1266 ὲθνῶν

468 1319 552 1365 ret
570 1309 638 1364 “.
676 1327 695 1362 ι
735 1307 892 1376 Quod
927 1308 972 1362 si
1004 1307 1070 1363 ad
1108 1322 1252 1373 eam,
1283 1321 1404 1378 qua:
1437 1306 1543 1362 sub
1585 1303 1866 1362 Remanos
1916 1307 2040 1372 fuit,

2167 1309 2371 1380 εὼραις,
2402 1309 2482 1371 είς
2513 1306 2579 1370 ἃς
2608 1305 3016 1376 διεσπάρησαν
3049 1305 3238 1376 ἠγουν,
3265 1305 3322 1358 ὲν
3345 1305 3522 1376 τοιᾷδε
3557 1321 3722 1360 κατα-

469 1399 844 1470 captivitatem
907 1399 1152 1464 referas,
1219 1397 1288 1454 ad
1349 1399 1593 1470 gentium
1652 1399 1926 1470 regiones,
1987 1401 2041 1453 in

2167 1399 2333 1453 ιτάσει
2386 1398 2729 1470 πραγμάτων
2778 1395 3024 1466 δηλονότι
3044 1437 3060 1462 ,
3108 1395 3284 1450 ταῦτα
3335 1397 3605 1466 πάσχουσι
3635 1395 3724 1448 τὸν

468 1491 669 1561 quibus
699 1489 936 1558 dispersi
965 1495 1253 1559 vagantur,
1285 1488 1390 1544 loci
1433 1489 1704 1558 particula
1731 1489 1998 1547 referetur
2023 1507 2037 1544 :

2167 1489 2350 1543 ιαυτῶν
2374 1488 2790 1558 σταυρώσαντες
2814 1485 3122 1557 λυτρωτὴν.
3147 1480 3282 1538 Εἶτα
3307 1486 3725 1554 θαυμαζόντων

469 1581 754 1646 nimirum,
799 1587 858 1634 ut
892 1595 988 1636 eos
1021 1580 1144 1635 ideo
1175 1579 1232 1634 in
1265 1580 1361 1634 tali
1393 1595 1577 1642 rerum
1610 1589 1758 1636 statu
1812 1582 2041 1648 versari,

2167 1579 2254 1632 τῶν
2278 1579 2408 1650 παρ’
2447 1577 2720 1642 Ἰουδαίοις
2755 1574 3108 1646 καθηγητῶν,
3139 1573 3258 1638 πῶς
3286 1576 3316 1628 ὁ
3347 1573 3486 1642 Θεοῦ
3529 1573 3728 1645 κλῆρος

473 1675 691 1742 istaque
745 1671 857 1742 pati
920 1671 1144 1738 indicet,
1203 1673 1350 1742 quod
1409 1671 1830 1744 Redemptorcm
1882 1689 2043 1731 suum

2167 1640 2440 1742 ,εγόμενος
2458 1670 2550 1724 καὶ
2581 1640 2738 1738 ἅγιος
2774 1640 2992 1740 Ἰσραὴλ
3015 1665 3248 1736 ἔπραξεν
3271 1640 3449 1728 οὕτως
3476 1640 3726 1735 οἰκτρῶς,

473 1765 620 1820 cruci
661 1762 953 1818 aﬁixerint.
1012 1763 1240 1830 Deinde,
1290 1779 1417 1823 cum
1464 1766 1786 1820 mirarentur
1835 1765 2050 1822 Iudaeo-

2167 1763 2244 1816 ιαὶ
2278 1762 2353 1825 ὡς
2377 1761 2564 1830 πάσης
2586 1759 2771 1820 αὑτοῖς
2793 1757 3146 1829 ἀνῃρημένης
3169 1755 3385 1819 ἐλπίδος
3409 1753 3729 1816 ὀλολυζόν-

473 1871 594 1910 rum
625 1853 926 1934 principes,
959 1871 1131 1924 quare
1181 1855 1272 1910 Dei
1306 1871 1430 1914 sors
1489 1855 1655 1912 Israel
1704 1865 1758 1912 et
1822 1867 2050 1914 sanctus

2167 1871 2289 1918 πων,
2317 1854 2518 1918 αὑτοὺς
2547 1853 2788 1906 αἰτιᾶται
2827 1850 2926 1921 τῆς
2951 1849 3059 1903 τῶν
3085 1849 3345 1919 ὑπηκόων
3362 1847 3638 1912 ἁλώσεως.
3656 1847 3726 1900 οὑ

475 1945 778 2015 appellatus
801 1945 878 1998 ita
907 1945 1300 2002 miserabiliter
1329 1958 1656 2014 vexaretur,
1692 1955 1747 2002 et
1777 1955 2044 2020 tanquam

2167 1945 2260 2016 {ap
2299 1942 2644 2020 συνεχώρουν
2691 1943 2880 2005 αὐτοῖς
2923 1941 3001 2010 τῷ
3039 1941 3172 2012 πρὸς
3211 1940 3412 2004 αὐτοὺς
3444 1939 3728 2010 ἀφιγμένῳ

483 2052 581 2106 spe
616 2051 848 2104 prorsus
875 2037 1128 2106 adempta
1171 2037 1440 2092 ulularent
1473 2075 1490 2104 ,
1525 2040 1582 2092 in
1633 2039 1854 2096 eosdem
1891 2015 2057 2109 expu-

2167 2015 2440 2090 πιστεῦσαι
2495 2015 2729 2105 Σωτῆρι,
2769 2033 2910 2090 Ἀλλ’
2957 2033 3005 2086 oi
3056 2031 3259 2086 ἐθνικοὶ
3309 2031 3412 2102 τὴν
3449 2032 3552 2102 τῆς
3596 2031 3730 2086 ἀλώ-

479 2129 760 2206 gnationis
789 2126 1136 2182 subditorum
1187 2141 1413 2185 suorum
1449 2129 1665 2206 culpam
1713 2129 1914 2198 reiicit,
1957 2131 2055 2200 qui

2167 2143 2294 2190 τεως
2320 2125 2642 2194 ἀγνοοῦντες
2675 2123 2876 2191 αἰτίαν,
2911 2122 3199 2187 ἀσθενείας
3234 2121 3325 2176 τὸν
3355 2123 3568 2180 τούτων
3613 2127 3726 2196 frct-

481 2217 786 2273 Salratoris
818 2218 988 2272 oblati
1021 2216 1180 2274 ﬁdem
1208 2217 1466 2290 amplecti
1493 2219 1631 2290 ipsis
1661 2235 1767 2276 non
1799 2221 2054 2290 permise-

488 2318 642 2366 runt.
680 2311 747 2365 At
780 2317 974 2380 gentes
1006 2325 1130 2363 cum
1156 2323 1280 2366 eam
1307 2324 1433 2365 esse
1461 2324 1688 2365 causam
1715 2311 2052 2382 ignorarent,

481 2403 710 2457 istorum
729 2400 900 2456 Deum
920 2399 1308 2455 imbecillitatis
1325 2399 1648 2471 arguebant,
1673 2414 1836 2472 quem
1867 2415 2056 2459 serva-

482 2509 547 2568 re
575 2507 683 2548 non
721 2491 964 2548 valuisse
988 2489 1243 2553 dicebant
1269 2490 1444 2545 :sicut
1465 2491 1594 2546 olim
1620 2492 2056 2568 ﬂapsaces,cum

478 2598 599 2664 ros,
630 2581 834 2654 inquit,
855 2596 961 2636 non
991 2588 1212 2662 propter
1238 2570 1436 2636 virium
1457 2596 1699 2636 mearum
1733 2582 2054 2639 tenuitatem

479 2687 626 2738 esset
650 2670 1054 2734 adortus.‘Non
1105 2671 1270 2742 hujus
1309 2673 1516 2744 itaque,
1555 2673 1651 2730 sed
1696 2685 1910 2742 vestrae,
1960 2675 2055 2746 qui

479 2768 773 2846 peecastis,
789 2765 932 2820 vires
948 2765 1294 2820 exciderunt.
1310 2765 1420 2820 Ista
1441 2774 1620 2821 autem
1648 2765 1713 2820 ad
1740 2764 2056 2822 Judmorum

481 2861 758 2936 principes
783 2857 942 2929 dirigi
975 2867 1302 2918 cancrorum
1335 2856 1625 2912 conﬁrmat
1655 2857 2055 2929 interpretatio.

2153 2219 2292 2272 ῶντο
2312 2215 2468 2282 Θεδν,
2492 2215 2568 2279 ὼς
2603 2215 2798 2279 σῶσαι,
2831 2213 2972 2268 κατά
2997 2214 3090 2270 τὸν
3122 2213 3398 2284 Ῥαψάκου
3425 2213 3604 2281 λόγον,
3635 2215 3730 2267 αὑ-

2153 2311 2279 2371 τοὺς
2307 2309 2409 2362 οὑκ
2445 2307 2760 2378 ἰσχύσαντα.
2797 2307 3064 2368 Κάκεῖνος
3097 2307 3206 2377 γὰρ
3229 2307 3356 2375 ὑμῖν
3383 2305 3639 2376 ἐπῆλθεν,
3667 2307 3730 2359 οὑ

2152 2400 2221 2453 δι’
2258 2399 2399 2470 ἐμὴν
2441 2397 2750 2452 ἀσθένειαν.
2788 2397 3094 2469 Τοιγαροῦν
3123 2395 3139 2434 ι
3171 2398 3205 2468 ἡ
3245 2395 3439 2450 τούτου
3471 2397 3726 2450 πέπτωκε

2155 2490 2408 2561 δύναμις,
2455 2488 2571 2544 ἀλλ’
2623 2487 2776 2560 ὑμῶν
2825 2486 3248 2559 ἡμαρτηκότων.
3298 2489 3420 2542 Ὀτι
3460 2487 3520 2542 δὲ
3559 2486 3728 2542 ταῦτα

2154 2583 2266 2646 τοῖς
2303 2581 2533 2652 ἄρχουσι
2569 2580 2904 2650 προσφωνεῖ,
2938 2579 2972 2648 ἡ
3007 2577 3116 2631 τῶν
3155 2567 3334 2631 ἀλλων
3383 2579 3734 2649 παρέστησεν

2157 2671 2386 2734 ἐκδοσις.
2433 2671 2490 2723 Ὀ
2527 2672 2626 2741 μὲν
2669 2671 2780 2742 γὰρ
2811 2668 3136 2740 Σύμμαχοςο
3169 2671 3236 2722 οι
3277 2667 3731 2735 ἐξουσιάζοντες

2156 2761 2364 2829 αὑτοῦ,
2393 2763 2582 2832 φησὶν,
2623 2759 3040 2821 ὀλολύζουσιν.
3095 2761 3206 2814 Καὶ
3260 2759 3494 2824 ’Δκὺλας
3515 2801 3532 2826 ,
3570 2761 3742 2826 ἐξου-

2160 2854 2486 2920 σιάζοντες.
2530 2855 2590 2906 '0
2619 2852 2678 2906 δὲ
2706 2852 3002 2906 Θεοδοτίων
3030 2851 3346 2921 ἄρχοντες.
3377 2853 3472 2910 Διὸ
3500 2855 3597 2908 καὶ
3628 2853 3742 2908 ἄνω

482 2952 712 3030 \‘ertunt
739 2950 884 3010 enim
923 2947 1290 3023 Symmachus
1318 2959 1369 3004 et
1387 2947 1615 3018 Aquilas
1641 2965 1656 3004 :
1681 2947 2058 3006 Dominatores

2167 2942 2347 3012 ἔλεγεν
2365 2959 2381 2974 ο
2409 2942 2571 3006 αὑτὸς
2608 2940 2810 3014 Κύριος
2837 2941 2917 3004 είς
2947 2941 3130 3012 κρίσιν
3155 2940 3276 3012 ἥξει
3307 2943 3449 3013 μετὰ
3476 2942 3584 2996 τῶν
3611 2959 3741 3012 πρε-

479 3044 593 3114 ejus
630 3041 840 3106 ululant
867 3056 886 3095 :
917 3039 1011 3094 ubi
1043 3038 1348 3094 Theodotio
1385 3039 1648 3108 principes
1676 3054 1776 3109 pro
1813 3039 2058 3095 domina-

481 3135 683 3190 toribus
728 3133 886 3188 dixit.
942 3129 1082 3193 llinc
1132 3131 1300 3202 igitur
1357 3129 1522 3206 589
1565 3141 1620 3189 et
1667 3129 1756 3188 illa
1813 3129 2055 3194 luerunt,

481 3227 682 3298 quibus
715 3232 875 3278 antea
902 3221 1194 3276 Dominum
1245 3237 1368 3278 cum
1416 3223 1603 3292 populi
1643 3221 1978 3288 senioribus,
2007 3231 2059 3276 et

481 3333 607 3373 cum
641 3315 987 3388 principibus
1017 3312 1160 3384 ejus,
1193 3312 1248 3367 in
1279 3312 1551 3383 judicium
1600 3321 1894 3369 venturum
1936 3330 2058 3370 esse

483 3407 848 3478 signiﬁcaret.
883 3403 1018 3456 Nam
1069 3410 1125 3458 et
1159 3403 1356 3474 vulgus
1417 3404 1598 3474 ipsum
1651 3401 1720 3458 ad
1780 3419 2058 3460 rumorem

483 3499 774 3554 sinistrum
819 3497 888 3552 de
947 3495 1237 3553 Salvatore
1297 3494 1665 3565 spargendum
1725 3496 2057 3553 excitarunt.

481 3591 674 3660 Itaque
709 3587 1011 3644 secundum
1053 3586 1209 3651 alios,
1248 3594 1372 3656 post
1421 3589 1588 3643 verba
1644 3587 1796 3644 ista:
1851 3587 2061 3648 Nomen

483 3698 658 3738 meum
717 3681 1150 3750 blasphematur,
1198 3679 1255 3734 in
1307 3680 1546 3750 gentibus
1600 3695 1711 3735 non
1767 3682 2056 3750 reperias:

481 3789 662 3844 neque
701 3773 842 3844 apud
883 3769 1303 3842 Symmachum,
1335 3770 1429 3840 qui
1473 3769 1677 3840 jugiter
1717 3779 1828 3824 tota
1861 3769 1946 3824 die
1967 3786 2060 3823 no-

483 3881 601 3929 men
630 3879 803 3920 meum
832 3861 1252 3928 blasphematur,
1283 3853 1675 3930 interpretatus
1697 3871 1801 3916 est.
1835 3861 2062 3930 Semper

485 3957 630 4011 enim
664 3955 717 4008 in
747 3953 1036 4009 Dominum
1061 3953 1324 4022 principes
1355 3967 1457 4006 non
1489 3951 1780 4026 blasphemi
1835 3950 2061 4006 fuerunt

485 4056 726 4111 tantum,
780 4045 876 4100 sed
929 4043 1284 4116 blasphemia:
1349 4059 1574 4102 causam
1631 4046 1848 4100 caeteris
1894 4044 2058 4098 etiam

487 4141 863 4210 praebuerunt.
917 4136 1081 4197 Tales
1105 4136 1300 4206 igitur,
1328 4135 1531 4206 inquit,
1565 4136 1672 4206 ipsi
1705 4151 1800 4192 vos
1836 4138 2057 4206 plasti-

486 4232 655 4288 tistis.
683 4228 790 4284 Sed
817 4243 903 4281 me
935 4227 1166 4298 gentium
1187 4226 1414 4296 populus
1462 4227 1516 4280 in
1555 4228 1734 4282 locum
1793 4236 2061 4289 vestrum,

2164 3034 2439 3110 σϐυτέρων
2462 3033 2556 3089 τοῦ
2595 3031 2751 3098 λαοῦ,
2781 3033 2878 3088 καὶ
2919 3033 3057 3104 μετά
3092 3033 3198 3087 τῶν
3236 3033 3518 3106 ἀρχόντων
3551 3032 3740 3088 αὑτοῦ.

2163 3125 2327 3179 Δὺτοὶ
2358 3125 2468 3196 γὰρ
2513 3126 2803 3180 ἀνέσεισαν
2832 3125 2900 3179 τὰ
2934 3124 3114 3196 πλήθη
3142 3126 3267 3188 ταῖς
3303 3123 3447 3178 κατά
3489 3123 3585 3177 τοῦ
3627 3125 3742 3177 Σω-

2163 3219 2326 3290 τῆρος
2355 3218 2658 3291 κεχρῆσθαι
2683 3220 2912 3287 φωναῖς.
2940 3218 3054 3281 Διδ,
3080 3216 3224 3270 κατὰ
3255 3217 3380 3280 τοὺς
3413 3215 3656 3280 λοιποὺς,
3680 3215 3742 3267 οὑ

2165 3310 2487 3380 πρόσκειται
2520 3310 2620 3382 τῷ,
2647 3310 2714 3364 τὸ
2735 3309 2922 3378 ὄνομα
2945 3327 3065 3380 μου
3089 3307 3566 3379 βλασφημεῖται,
3588 3307 3651 3362 τὸ
3675 3307 3740 3361 ἐν

2164 3398 2290 3464 τοῖς
2317 3397 2867 3470 ἕθνεσι.Τοιγαροῦν
2901 3401 2929 3453 ὁ
2959 3399 3258 3472 Σύμμαχός
3277 3415 3440 3470 φησι’
3470 3398 3574 3452 Διὰ
3595 3413 3742 3451 παν-

2167 3505 2197 3540 τ
2205 3487 2296 3554 ὂς»
2330 3487 2486 3557 ὅλην
2516 3486 2630 3556 τὴν
2659 3488 2888 3558 ἡμέραν
2917 3488 2982 3542 τὸ
3004 3487 3194 3558 ὄνομὰ
3213 3505 3332 3557 μου
3359 3485 3746 3556 βλασφημεῖ.

2167 3593 2282 3632 ται.
2321 3578 2438 3632 ’Δεὶ
2463 3579 2574 3648 γὰρ
2607 3581 2660 3634 οι
2692 3579 2982 3650 ἄρχοντες
3019 3578 3460 3650 ἐϐλασφήμουν
3489 3579 3599 3632 τὸν
3635 3577 3744 3633 lui-

2159 3688 2316 3739 ριον,
2351 3673 2446 3726 καὶ
2481 3673 2594 3737 τοῖς
2645 3673 2826 3738 ἄλλοις
2873 3673 3198 3731 ὑπέϐαλλον.
3251 3674 3396 3728 Ἀλλ’
3435 3673 3596 3744 ὑμεῖς
3647 3671 3740 3742 μὲν

2167 3761 2420 3816 τοιοῦτοι.
2461 3765 2513 3816 '0
2541 3764 2613 3828 ἐξ
2643 3763 2838 3819 ἐθνῶν
2875 3764 2934 3819 δὲ
2965 3763 3258 3832 λαὸς,ἀνθ’
3290 3763 3448 3833 ὑμῶν
3488 3779 3557 3833 με
3592 3761 3742 3826 605d-

2171 3869 2276 3916 σει,
2299 3851 2397 3904 τοῦ
2421 3853 2886 3924 ἐμοῦ-ὀνόματος
2915 3854 3182 3925 πειρατὴν
3206 3852 3438 3922 δύναμιν
3469 3851 3742 3919 ἐγνωκὼς,
3825 3918 3833 3924 _

2169 3942 2236 4014 ἣν
2265 3943 2366 3997 οὑκ
2393 3942 2592 4008 εἰδότες
2617 3945 2752 3998 αὐτὸ
2778 3944 3220 4015 βλασφημεῖτε.
3242 3930 3354 4001 Kal
3383 3943 3560 3996 ταῦτα
3595 3941 3744 3994 ἔσται

2170 4031 2246 4101 τῇ
2277 4033 2468 4102 ἡμέρα
2514 4033 2720 4108 ἐκείνῃ,
2785 4035 2911 4089 καθ’
2941 4038 3007 4108 ἣν
3045 4034 3358 4104 ἀνθρώποις
3398 4035 3429 4087 ὁ
3459 4033 3632 4086 ταῦτα
3661 4030 3744 4084 διὰ

2169 4126 2279 4179 τῶν
2301 4125 2596 4197 προφητῶν
2628 4125 2806 4194 λέγων
2837 4127 3185 4197 ἐπιδημήσω.
3210 4125 3382 4182 Τοῦτο
3407 4124 3506 4180 καὶ
3539 4122 3744 4184 Παῦλος

2171 4219 2321 4287 λέγει
2341 4233 2360 4257 ν
2403 4236 2422 4270 r
2460 4218 2796 4290 Πολυμερῶς
2831 4219 2926 4272 καὶ
2970 4217 3330 4289 πολυτρόπως
3356 4216 3528 4270 πάλαι
3558 4217 3587 4268 ὸ
3617 4212 3740 4276 Θεὸς

489 4322 578 4378 ubi
612 4319 838 4374 nominis
881 4317 982 4371 nisi
1015 4316 1178 4379 vires,
1225 4315 1373 4386 quod
1407 4317 1512 4386 ipsi
1562 4317 1882 4386 ignorantes
1919 4315 2059 4370 blas-

2173 4309 2411 4382 λαλήσας
2439 4313 2554 4374 τοῖς
2590 4309 2862 4382 πατράσιν
2893 4311 2952 4364 ὲν
2983 4310 3314 4382 προφήταις,
3361 4309 3451 4362 ἐπ’
3501 4307 3738 4379 ἐσχάτων

487 4411 752 4480 phematis
781 4449 796 4475 ,
827 4409 1010 4478 reipsa
1039 4407 1314 4473 didicerit,
1347 4407 1520 4478 gloria
1554 4408 1772 4462 aﬂiciet.
1804 4406 1936 4474 Quae
1973 4407 2059 4460 illa

2178 4401 2288 4456 τῶν
2321 4401 2547 4474 ἡμερῶν
2568 4402 2774 4456 τούτων
2803 4402 3070 4472 ἐλάλησεν
3101 4403 3234 4474 ἡμῖν
3268 4401 3326 4454 ὲν
3361 4399 3501 4470 Υίῷ.
3547 4419 3566 4453 s

491 4513 605 4557 tum
629 4503 848 4558 demum
875 4500 960 4556 die
1002 4499 1118 4556 ﬁeri
1149 4499 1449 4570 continget,
1480 4514 1604 4554 cum
1656 4499 1794 4570 ipse,
1834 4499 1930 4570 qui
1979 4513 2077 4568 per
2117 4495 2414 4566 prephetas
2480 4494 2584 4552 iSIa
2616 4493 2906 4560 denuntio,
2973 4511 3099 4550 cum
3150 4494 3470 4550 hominibus
3521 4507 3743 4550 conver-

490 4597 676 4651 sabor.
709 4592 764 4647 Id
796 4601 978 4648 autem
1019 4601 1074 4648 et
1122 4590 1328 4646 Paulus
1380 4588 1667 4656 indicavit,
1699 4605 1824 4646 cum
1880 4591 2050 4646 Deum
2092 4585 2444 4641 multifariam
2473 4587 2769 4657 multisque
2797 4585 2979 4642 modis
3009 4586 3138 4642 olim
3189 4586 3440 4656 patribus
3511 4587 3570 4641 in
3620 4598 3736 4656 pro-

490 4687 688 4758 pbetis,
718 4687 811 4741 sed
844 4683 1174 4740 novisssime
1198 4679 1392 4738 diebus
1423 4680 1547 4736 istis
1577 4681 1630 4736 in
1655 4679 1796 4737 Filio
1828 4681 2072 4744 locutum
2097 4691 2220 4734 esse
2259 4675 2590 4746 signiﬁcavit
2615 4675 2680 4730 “.

568 4863 733 4920 Vens.
772 4863 930 4920 6-15.
981 4861 1132 4917 Sicut
1163 4861 1296 4915 hora
1328 4876 1486 4928 super
1533 4870 1756 4927 montes,
1790 4861 1864 4914 sic
1913 4861 2072 4928 pedes

489 4955 966 5027 erangelizantium
1011 4953 1255 5007 auditum
1284 4954 1454 5022 pacis,
1489 4953 1566 5006 sic
1605 4954 1695 5023 qui
1745 4952 2072 5022 evangelisat

494 5051 632 5103 bona
664 5063 683 5102 :
719 5048 843 5117 quia
885 5044 1127 5099 auditam
1172 5045 1330 5114 faciet
1374 5045 1602 5100 salutem
1646 5056 1818 5108 tuam,
1853 5045 2071 5101 dicens:

495 5135 647 5202 Sion,
681 5131 920 5206 regnabit
943 5131 1084 5190 Deus
1119 5141 1240 5187 tuus
1269 5147 1287 5185 :
1310 5131 1436 5204 quia
1462 5147 1560 5188 vos:
1587 5133 1996 5187 custodientium
2024 5141 2072 5187 te

493 5227 732 5280 eanltata
773 5235 872 5292 est,
907 5233 956 5279 et
999 5240 1117 5280 voce
1162 5223 1323 5279 simul
1347 5221 1673 5278 lwtabuntur
1703 5239 1721 5277 :
1754 5223 1880 5294 quia
1925 5222 2071 5276 oculi

593 5404 642 5436 ν
673 5405 778 5459 lsa.
806 5421 930 5472 va,
967 5405 1052 5460 12.
1151 5403 1196 5438 “
1239 5404 1402 5461 llebr.
1441 5405 1556 5472 1,1.

575 5575 598 5620 λ
631 5585 695 5637 .1.
735 5585 850 5654 οὐχ.

2250 4855 2396 4921 ζ-ιεν.
2444 4857 2541 4922 Ὠς
2568 4855 2691 4924 ὥρα
2731 4855 2830 4910 ἐπὶ
2865 4854 2982 4910 τῶν
3011 4855 3214 4923 ὁρέων,
3247 4853 3327 4921 ὡς
3353 4853 3540 4920 πόδες
3579 4857 3748 4923 abar-

2177 4946 2570 5019 τελιζομένων
2606 4947 2800 5015 ἀκοὴν
2827 4947 3096 5016 είρήνης,
3124 4947 3204 5012 ὡς
3231 4945 3746 5014 εὐαγγελιζόμενος

2177 5037 2392 5108 ἀγαθά.
2440 5039 2570 5092 Ὅτι
2617 5038 2936 5107 ἀκουστὴν
2982 5036 3225 5105 ποιήσει
3279 5035 3397 5104 τὴν
3453 5038 3748 5104 σωτηρίαν

2178 5145 2295 5186 σου
2329 5129 2544 5200 λέγων’
2579 5130 2752 5197 Σιὼν,
2797 5131 3164 5198 βασιλεύσει
3206 5144 3324 5183 σου
3360 5131 3396 5182 ό
3432 5130 3594 5194 Θεός.
3619 5129 3742 5182 ὐτι

2178 5221 2348 5292 φωνὴ
2378 5221 2498 5276 τῶν
2515 5227 2964 5292 φυλασσόντων
2988 5239 3062 5278 σε
3083 5219 3324 5292 ὑψώθη,
3359 5218 3458 5278 καὶ
3492 5215 3566 5290 τῇ
3583 5215 3744 5291 φεινὶ

1803 5489 2038 5550 VARle
2094 5489 2494 5549 LECTIONES.
