3954 6308
210 276 357 342 2509

1309 273 1839 337 COMMENTARII
1876 273 1961 334 ΙΝ
2002 271 2289 336 ISAIAM.

3325 272 3464 342 2510

222 394 345 463 ἅμα
374 388 921 461 εὐφρανθήσονται,
951 389 1044 444 ὅτι
1075 388 1370 460 ὀφθαλμοὶ
1392 390 1541 471 προς
1574 391 1794 460 ὀφθαλ-

1900 387 1967 442 ad
1994 390 2172 442 oculos
2193 386 2461 451 videbunt,
2499 382 2709 456 quando
2735 384 2981 442 misertus
3009 385 3169 456 fuerit
3208 384 3465 443 Dominus

205 484 364 553 ιιοὺς
416 482 693 552 ὄψονται,
754 481 940 548 ἡνίκα
992 480 1070 536 ἂν
1121 480 1349 551 ἐλεήσῃ
1402 482 1617 551 Κύριος
1676 479 1791 549 τὴν

211 576 391 640 Σιὼν,
431 593 485 629 κ.
520 592 572 628 τ.
605 574 656 626 λ.

283 666 394 720 Τοῦ
446 664 582 719 Θεοῦ
625 663 799 732 Λόγου
847 663 946 735 τὴν
996 664 1078 726 εἰς
1124 663 1446 733 ἀνθρώπους
1490 662 1791 734 ἐπιδημίαν

213 757 408 819 εἰπὼν,
437 754 748 815 ἀκολούθως
772 755 843 807 τὰ
871 753 1105 825 περὶτοῦ
1131 752 1491 822 εύαγγελικοῦ
1521 754 1787 807 συνάπτει

210 847 588 919 κηρύγματος.
632 845 690 898 '0
714 844 772 898 δὲ
804 844 1101 915 Σύμμαχος
1130 845 1305 908 οὕτως
1324 844 1577 909 ἐξέδωκε·
1605 845 1667 899 Τί
1691 847 1789 899 εὑ-

211 933 460 1005 πρεπεῖς
509 932 608 987 ἐπὶ
652 930 771 986 τῶν
820 931 1004 1002 ὀρέων
1039 932 1221 1000 πόδες
1267 931 1790 1002 εὐαγγελιζομένου

209 1025 411 1094 ἀκοὴν
420 1037 554 1078 ποιο
562 1023 739 1087 ῦντος
755 1020 1024 1089 εἰρήνην,
1041 1018 1569 1091 εὐαγγελιζομένου
1598 1019 1791 1089 ἀγαθὰ

211 1116 531 1182 ἀκουστὴν
557 1113 881 1180 ποιοῦντος
914 1114 1237 1181 σωτηρίαν,
1271 1112 1307 1166 ἃ.
1336 1112 1400 1183 δὴ
1431 1111 1789 1183 μεταφράσας

206 1213 275 1265 ἐν
294 1213 360 1279 τῇ
402 1208 538 1279 πρὸς
573 1208 875 1277 Ῥωμαίους
903 1208 931 1261 6
964 1205 1179 1270 Παῦλός
1204 1222 1388 1276 φησιν·
1421 1225 1439 1257 ι
1479 1206 1568 1269 Ὠς
1599 1204 1789 1276 ὡραῖοι

210 1302 264 1353 οἱ
295 1298 457 1361 πόδες
499 1296 608 1350 τῶν
643 1296 1153 1366 εὐαγγελιζομένων
1195 1294 1398 1365 ἀγαθὰ,
1438 1292 1791 1363 εὐαγγελιζο-

215 1390 397 1459 μένων
420 1390 669 1459 εἰρήνηνὶ
686 1407 706 1441 ι
744 1388 891 1441 Ἀντὶ
911 1387 967 1441 δὲ
1001 1386 1094 1440 τοῦ
1116 1387 1441 1455 σωτηρίαν,
1465 1389 1498 1457 ἡ
1526 1384 1791 1457 Ἐὁραῖκὴ

210 1480 362 1546 λέξις
397 1480 642 1544 Ἰησοῦν
673 1480 940 1550 περιέχει.
974 1478 1085 1532 Καὶ
1121 1478 1270 1549 εἰμὴ
1299 1478 1398 1549 τὴν
1442 1477 1586 1545 λέξιν
1616 1476 1792 1548 ἑρμή-

220 1587 434 1636 δευσαν,
460 1570 612 1624 οὐδὲν
647 1569 714 1625 ἂν
747 1569 1021 1624 ἐκώλυσεν
1052 1571 1279 1636 αὐτους
1317 1568 1507 1624 εἰπεῖν
1547 1569 1790 1624 ἀκοντί-

209 1660 422 1730 ζοντος
457 1661 714 1730 Ἰησοῦν.
754 1661 898 1715 Ἀνθ⁹
923 1654 985 1715 οῦ
1011 1657 1166 1714 εἶπεν
1202 1661 1435 1724 ’Δκύλας
1472 1659 1568 1714 καὶ
1599 1658 1791 1712 Θεοδο-

211 1753 348 1806 τίων
393 1750 816 1818 ἀκουτίζοντος
869 1751 1194 1818 σωτηρίαν.
1254 1750 1403 1802 Ἀντὶ
1449 1749 1508 1801 δὲ
1549 1747 1668 1815 τοῦ,
1715 1748 1794 1814 ὡς
1822 1735 1866 1790 Β

210 1841 365 1910 ὥρα*
423 1845 451 1897 6
476 1842 573 1913 μὲν
600 1838 774 1906 εἶπεν,
808 1841 867 1895 τί
880 1842 1289 1910 ὡραιώθησαν.
1308 1840 1365 1894 '0
1393 1841 1453 1895 δὲ
1476 1840 1792 1907 Θεοδοτίων,

209 1933 554 2001 εὐπρεπεῖς.
583 1934 688 1986 Τὸν
710 1933 910 2003 δρόμον
933 1933 992 1987 δὲ
1012 1934 1105 1986 τὸν
1130 1932 1402 2003 πανταχοῦ
1433 1933 1536 2002 γῆς
1563 1932 1670 1986 τῶν
1697 1929 1793 1984 τοῦ

210 2023 551 2093 Εὐαγγελίου
582 2022 840 2093 κηρύκων
861 2024 890 2076 6
916 2023 1074 2091 λόγος
1105 2022 1397 2091 θαυμάζει,
1426 2016 1501 2078 ὧν
1525 2025 1582 2077 οι
1609 2021 1793 2088 πόδες

210 2115 437 2182 ὡραῖοι,
474 2113 560 2167 διὰ
588 2115 651 2166 τὸ
683 2113 946 2185 καθαρὸν,
977 2113 1053 2178 ὡς
1091 2114 1156 2169 ἂν
1184 2113 1280 2168 τοῦ
1311 2114 1564 2186 Σωτῆρος
1595 2115 1794 2177 αὐτοὺς

212 2205 612 2272 ἀνπονίψαντος
636 2216 699 2258 m.
714 2204 787 2258 T6
810 2204 1014 2275 ὑψηλὸν
1033 2205 1089 2259 δὲ
1117 2205 1296 2259 αὐτῶν
1320 2204 1414 2258 τοῦ
1439 2205 1794 2277 κηρύγματος

209 2294 275 2348 τὸ
306 2294 402 2346 ἐπὶ
427 2291 547 2346 τῶν
568 2292 752 2362 ὀρέων
775 2293 946 2363 δηλοῖ.
981 2293 1092 2364 Τὴν
1123 2295 1258 2367 πρὸς
1291 2293 1424 2348 Θεὸν
1456 2294 1512 2348 δὲ
1535 2298 1649 2357 τοῖς
1690 2312 1795 2365 μα-

211 2386 357 2458 κρὰν
391 2385 486 2439 καὶ
539 2388 652 2450 τοῖς
694 2386 863 2455 ἐγγὺς
895 2385 1145 2455 εἰρήνην
1176 2384 1654 2457 εὐηγγελίζοντο,
1696 2386 1794 2456 δη-

212 2478 437 2540 λοῦντες
454 2478 546 2531 τὸν
569 2479 806 2549 Χριστὸν
831 2478 921 2532 τὸν
952 2480 1254 2549 ποιήσαντα
1281 2479 1566 2550 ἀμφότερα
1589 2478 1668 2542 ἓν,
1700 2480 1795 2531 καὶ

213 2568 278 2622 τὸ
314 2569 633 2639 μεσότοιχον
666 2568 759 2622 τοῦ
789 2569 1049 2640 φραγμοῦ
1078 2569 1341 2634 λύσαντα,
1372 2570 1471 2640 τὴν
1502 2569 1704 2641 ἔχθραν
1736 2570 1795 2622 ἐν

210 2663 283 2729 τῇ
321 2659 487 2729 σαρκί
514 2658 703 2715 αὐτοῦ.
735 2659 827 2723 Διὸ
864 2662 989 2724 ταῖς
1008 2659 1363 2730 Ἐκκλησίαις
1405 2661 1734 2715 ἐπιστέλλων
1766 2661 1794 2714 6

213 2748 454 2813 Παῦλος,
493 2748 651 2821 χάρις
675 2749 805 2819 ὑμῖν
835 2751 930 2804 καὶ
961 2752 1154 2822 εἰρήνη
1196 2752 1419 2821 γράφει.
1460 2753 1792 2823 Εύηγγελί-

211 2838 387 2901 ζον-το
431 2838 489 2892 δὲ
536 2841 634 2894 καὶ
664 2841 737 2895 τὰ
763 2841 934 2906 ὅντως
985 2842 1200 2912 ἀγαθὰ,
1224 2845 1354 2907 τοὺς
1410 2845 1794 2916 μακαρισμούς

215 2931 705 2999 καταγγέλλοντες.
753 2933 977 3003 Ἔλεγεν
997 2933 1054 2987 δὲ
1093 2934 1156 2987 τὸ
1198 2935 1464 3006 κήρυγμα
1493 2933 1569 3004 τῇ
1617 2935 1790 3000 Σιὼν,

1892 475 2020 531 Sion
2036 516 2051 541 ,
2096 485 2204 533 etc.

1962 663 2126 735 590
2156 662 2452 733 Postquam
2478 661 2546 716 de
2573 660 2737 716 Verbi
2768 659 2862 716 Dei
2893 660 2961 716 ad
2996 661 3248 719 homines
3279 676 3469 717 acces-

1891 753 2261 819 sudisseruit,
2285 751 2602 821 ordinejam
2621 750 2688 806 de
2720 749 3002 819 Evangelii
3036 752 3316 821 praeconio
3347 768 3469 806 ser-

1891 859 2106 899 monem
2148 843 2357 913 adjicit.
2381 842 2473 897 Sic
2496 850 2677 897 autem
2705 841 2872 896 vertit
2894 839 3260 911 Symmachus
3289 858 3302 894 :
3331 840 3470 906 Qu'd

1890 936 2096 1006 pulchri
2109 937 2162 989 in
2176 934 2438 990 montibus
2454 935 2606 1003 pedes
2622 933 2735 1003 ejus
2748 934 2838 1003 qui
2854 932 3180 1004 evangeliea!
3201 932 3468 998 auditum,

1890 1028 1980 1098 qui
2003 1028 2131 1097 facit
2154 1041 2367 1093 pacem;
2389 1027 2479 1097 qui
2501 1025 2781 1079 annuntiat
2807 1023 2981 1088 bona;
3003 1025 3092 1093 qui
3114 1022 3358 1077 auditam
3385 1025 3473 1092 fa-

1893 1119 1963 1171 cit
1987 1116 2210 1171 salutent
2230 1118 2254 1172 .’
2276 1114 2408 1182 Quae
2427 1125 2576 1171 certe
2593 1114 2839 1184 Epistola
2865 1113 2931 1167 ad
2953 1113 3234 1169 Romanos
3267 1113 3471 1168 Paulus

1892 1208 2281 1276 interpretatus
2305 1207 2382 1261 ait
2407 1224 2423 1261 :
2451 1226 2467 1259 ι
2497 1204 2670 1272 Quam
2703 1203 2936 1274 speciosi
2961 1212 3091 1258 sunt
3117 1205 3281 1272 pedes
3303 1220 3470 1258 evan-

1893 1299 2240 1368 gelizantium
2287 1295 2953 1366 bona,evaugelizautium
3002 1309 3190 1363 pacem
3228 1294 3296 1347 δέ
3325 1315 3341 1345 ι
3364 1295 3470 1349 Sed

1874 1401 1973 1461 pro
1993 1389 2260 1444 vocabulo
2281 1388 2528 1451 salutent,
2548 1385 2733 1441 Iesum
2776 1386 2937 1441 habet
2982 1385 3245 1440 Hebraica
3269 1385 3429 1441 lectio
3456 1406 3468 1441 :

1893 1496 2067 1550 neque
2091 1495 2183 1535 eos
2211 1480 2529 1550 quidquam,
2556 1478 2661 1534 nisi
2688 1479 2797 1532 vim
2837 1477 3078 1532 nominis
3099 1476 3470 1546 explicarent,

1890 1574 2027 1642 ejus,
2049 1572 2138 1641 qui
2166 1569 2351 1625 Iesum
2382 1570 2563 1624 audiri
2585 1569 2717 1638 facit
2745 1570 2933 1623 dicere
2977 1569 3346 1639 prohibebat,
3374 1584 3474 1641 pro

1892 1678 2022 1733 quo,
2053 1662 2190 1732 ejus,
2222 1663 2313 1733 qui
2339 1661 2564 1715 salutem
2590 1661 2771 1715 audiri
2804 1662 2958 1731 facit,
2976 1661 3205 1731 Aquilas
3239 1670 3291 1717 et
3315 1661 3475 1733 Sym-

1898 1753 2127 1809 machus
2166 1753 2620 1822 interpretantur.
2654 1751 2855 1808 Verum
2889 1767 2999 1821 quo
3027 1752 3150 1806 loco
3177 1753 3315 1805 sicut
3342 1754 3476 1808 liora

1897 1845 2184 1908 habemus,
2206 1844 2296 1899 ille
2312 1844 2555 1914 quidem,
2578 1844 2702 1913 quid
2721 1842 2927 1912 pulchri
2950 1843 3081 1911 facti
3104 1850 3225 1896 sunt
3248 1846 3273 1898 ?
3292 1841 3474 1898 Theo-

1894 1933 2045 1988 dotio
2086 1941 2268 1988 autem
2337 1934 2560 1999 venusti,
2604 1931 2989 1986 reddiderunt.
3016 1930 3250 1985 Miratur
3278 1932 3476 1987 deinde

1896 2025 1952 2080 in
1985 2040 2347 2095 quascunque
2370 2032 2558 2079 terras
2582 2023 2869 2091 Evangelii
2899 2038 3181 2093 praecones
3216 2024 3473 2092 abierint,

1894 2116 2098 2172 ibidem
2123 2116 2342 2171 auditos
2366 2130 2490 2171 esse
2526 2134 2539 2170 :
2566 2115 2873 2186 horumque
2900 2116 3055 2184 pedes
3085 2113 3209 2171 ideo
3225 2116 3474 2184 pulchros

1895 2208 2208 2280 appellavit,
2246 2217 2306 2263 ut
2345 2223 2487 2278 quos
2508 2207 2766 2263 Salvator
2786 2206 3076 2272 abluisset,
3101 2209 3339 2262 mundos
3354 2222 3476 2263 esse

1895 2302 2235 2373 signiﬁcaret
2256 2300 2302 2334 “
2336 2319 2349 2356 :
2377 2316 2487 2356 non
2514 2300 2674 2354 aliter
2701 2314 2866 2370 quam
2903 2313 3001 2369 per
3031 2307 3258 2364 montes,
3297 2300 3475 2369 ipsam

1896 2391 2307 2462 prmdieationis
2346 2391 2767 2447 sublimitatem.
2804 2389 2992 2444 Pacem
3020 2405 3153 2445 vero
3198 2405 3323 2446 cum
3363 2389 3476 2445 Deo

1897 2497 2007 2537 non
2054 2482 2251 2538 vicinis
2290 2489 2546 2545 tantum,
2604 2481 2697 2535 sed
2737 2480 2965 2535 remotis
3006 2480 3172 2533 etiam
3219 2478 3475 2550 gentibus

1895 2572 2456 2644 evnngelizabant,qui
2477 2570 2758 2627 Christum
2814 2572 3085 2627 docebant
3111 2590 3126 2639 ;
3149 2588 3177 2624 a
3204 2587 3337 2642 quo,
3360 2587 3476 2627 tita-

1896 2668 2057 2721 eeriae
2106 2666 2428 2732 interstitio,
2474 2665 2711 2733 odioque
2751 2664 2871 2734 ipso
2914 2679 3011 2735 per
3047 2679 3270 2721 carnem
3316 2680 3473 2723 suam
3544 2675 3551 2683 ‘

1897 2758 2149 2823 sublatis,
2187 2765 2417 2825 utraque
2448 2771 2617 2810 unum
2651 2753 2844 2811 ell‘ecta
2881 2764 3043 2823 sunt;
3069 2757 3214 2811 unde
3242 2755 3472 2811 Paulum

1898 2849 2101 2920 ipsum,
2132 2863 2257 2902 cum
2296 2847 2362 2901 ad
2406 2845 2683 2901 Eeclesias
2738 2845 2953 2910 scribit,
3001 2847 3235 2914 gratiam
3285 2846 3393 2900 illis
3418 2853 3474 2897 οι

1895 2956 2086 3013 pacem
2116 2940 2328 3011 precari
2346 2938 2597 2994 videmus
2623 2938 2691 2993 “.
2713 2936 3165 3009 Euangelizabant
3195 2939 3476 2994 item‘bona

210 3020 420 3093 δηλαδὴ
445 3021 523 3092 τῷ
565 3022 810 3076 θεοσεϐεῖ
839 3023 1216 3097 πολιτεύματι,
1262 3025 1340 3097 τῷ
1391 3042 1452 3079 τε
1500 3026 1609 3080 τῶν
1655 3028 1791 3081 ἀπο-

1900 3046 2089 3087 revera
2110 3070 2126 3096 ,
2145 3045 2271 3085 cum
2306 3018 2680 3085 beatitudines
2702 3030 3124 3085 denuntiabant.
3150 3028 3307 3100 591
3347 3029 3477 3083 Erat

217 3113 424 3167 στόλων
454 3115 620 3187 χορῷ,
671 3116 1040 3181 βασιλεύσει
1092 3133 1211 3173 σου
1254 3120 1288 3173 ὁ
1338 3118 1503 3186 Θεός.
1550 3120 1645 3173 Διὸ
1696 3119 1794 3191 τὴν

206 3205 550 3271 ,ϐασιλείαν
592 3206 703 3263 τῶν
750 3209 995 3280 οὐρανῶν
1027 3210 1193 3265 πᾶσιν
1239 3209 1552 3280 ἀνθρώποις
1593 3213 1797 3282 κατήγ-

216 3294 432 3365 γελλον.

292 3559 453 3614 Κατὰ
481 3560 540 3614 δὲ
573 3560 673 3632 τὴν
699 3561 915 3618 ἔκδοσιν
964 3564 1074 3619 τῶν
1122 3564 1551 3636 Ἐδδομήκοντα,
1599 3565 1680 3630 τὸ,
1720 3566 1800 3631 ὡς

212 3649 346 3720 ὥρα
365 3651 469 3705 ἐπὶ
496 3649 615 3707 τῶν
637 3652 840 3722 ὀρέων,
872 3655 1164 3711 ἀποδοτέον
1207 3660 1320 3721 τοῖς
1353 3657 1461 3727 πρὸ
1490 3656 1677 3720 αὐτοῦ,
1713 3656 1801 3710 ἶνα

214 3742 284 3816 ᾗ·
310 3744 483 3808 Αὐτὸς
510 3746 538 3798 6
560 3745 737 3800 λαλῶν
766 3748 1019 3819 πάρειμι,
1050 3749 1129 3815 ὡς
1166 3749 1287 3816 ὥρα
1317 3750 1416 3802 ἐπὶ
1444 3749 1567 3804 τῶν
1593 3749 1798 3818 ὀρέων.

216 3837 409 3903 Ὥραν
430 3836 484 3889 δέ
520 3854 654 3907 φησι
686 3837 747 3891 τὸ
777 3838 900 3910 ἔαρ,
932 3840 990 3893 ἐν
1021 3833 1066 3909 ᾧ
1099 3839 1235 3912 ἄνθη
1270 3858 1330 3894 τε
1368 3841 1501 3905 νέα,
1537 3841 1632 3895 καὶ
1665 3857 1803 3912 καρ⁹

216 3927 342 3981 πῶν
395 3928 574 3996 γοναί.
619 3930 712 3984 Διὸ
742 3931 835 3985 καὶ
882 3934 911 3985 6
961 3932 1215 4003 Νυμφίος
1256 3932 1393 4005 πρὸς
1426 3934 1524 4003 τὴν
1561 3932 1801 4004 Νύμφην

216 4019 424 4090 φησιν’
454 4021 753 4087 «Ἀνάστα,
781 4021 928 4090 ἐλθὲ,
983 4025 1016 4094 ή
1053 4023 1283 4095 πλησίον
1333 4041 1457 4095 μου,
1506 4025 1644 4095 καλή
1699 4042 1800 4096 μου

214 4110 546 4182 περιστερὰ,
593 4112 676 4166 ὅτι
726 4114 838 4167 ἰδοὺ
886 4116 915 4168 6
948 4114 1161 4186 χειμὼν
1210 4117 1523 4188 παρῆλθενο
1564 4119 1594 4170 6
1641 4117 1798 4180 ύετὸς

214 4201 530 4272 παρῆλθενο
555 4204 1047 4277 ὲπορεύθηζὲαυτῷ.
1075 4208 1156 4263 Τὰ
1185 4208 1321 4279 ἄνθη
1345 4207 1503 4280 ὤφθη
1536 4211 1592 4263 ὲν
1607 4212 1672 4281 τῇ
1702 4211 1794 4281 γῇ,

212 4290 412 4361 καιρὸς
446 4293 547 4362 τῆς
574 4294 748 4365 τομῆς
779 4294 1032 4365 ἔφθασεν.
1065 4317 1083 4349 ι
1122 4299 1229 4352 Καὶ
1270 4300 1420 4370 ἡμᾶς
1451 4299 1558 4370 γὰρ
1587 4303 1620 4354 ὀ
1656 4299 1798 4368 δρά-

1901 3133 2033 3174 vero
2086 3132 2278 3173 eorum
2332 3119 2399 3173 ad
2443 3116 2679 3182 Sionem,
2737 3118 2788 3173 id
2813 3126 2899 3174 est
2939 3119 3008 3174 ad
3042 3133 3162 3185 eos,
3195 3120 3291 3189 qui
3326 3119 3476 3188 pinu:

1899 3208 2027 3263 vitae
2056 3207 2371 3263 institutum
2400 3206 2637 3277 amplexi
2669 3215 2849 3274 erant,
2887 3216 2946 3264 et
2981 3207 3050 3263 ad
3091 3209 3270 3279 ipsum
3313 3209 3476 3264 etiam

1902 3301 2276 3371 apostolorum
2327 3299 2581 3364 chorum,
2614 3299 2669 3353 in
2730 3300 2845 3354 tunc
2903 3299 3071 3355 verba
3122 3299 3476 3369 praedicatio,
3548 3317 3563 3328 ‘

1903 3387 2161 3459 Regnabit
2202 3385 2345 3442 Deus
2393 3398 2535 3441 tuus.
2572 3385 2727 3443 Unde
2775 3395 2832 3443 et
2882 3387 2984 3458 ipsi
3044 3378 3261 3461 regnu‘m
3312 3390 3503 3446 οωὶοο·

1902 3493 2024 3533 rum
2056 3479 2273 3534 cunctis
2305 3477 2636 3532 mortalibus
2662 3479 3090 3533 aununtiabant.

1975 3569 2135 3637 Quod
2152 3570 2196 3624 si
2222 3570 2289 3624 ad
2315 3569 2676 3640 Septuaginta
2698 3570 2966 3636 attendis,
2988 3571 3156 3625 verba
3182 3573 3311 3638 ista,
3344 3575 3479 3628 sicut

1902 3661 2035 3716 hora
2058 3662 2111 3714 in
2140 3660 2428 3725 montibus,
2459 3658 2528 3714 ad
2567 3674 2684 3728 eos,
2726 3660 2818 3730 qui
2847 3661 3026 3729 ipsum
3053 3674 3481 3731 praecesserunt.

1902 3754 1978 3808 ita
2014 3751 2300 3807 referenda
2330 3759 2476 3817 sunt,
2501 3759 2660 3816 utse,
2689 3737 2783 3821 qui
2812 3753 3362 3823 loquatur,tanquam
3387 3756 3483 3811 Ito-

1903 3860 2023 3899 ram
2090 3844 2143 3897 in
2206 3842 2474 3897 montibus
2527 3840 2754 3909 adesse,
2798 3843 3028 3913 ipsoque
3075 3844 3220 3901 liora:
3262 3848 3481 3903 nomine

1901 3950 2092 3990 verum
2108 3945 2387 4005 tempus,a
2411 3949 2523 4005 quo
2540 3935 2734 3990 ﬂorum
2762 3934 3156 4005 fructuumque
3180 3953 3374 3997 recens
3394 3939 3480 3994 in-

1904 4026 2040 4096 cipit
2071 4027 2261 4088 etlitio,
2295 4025 2679 4081 demonstrare
2699 4026 2999 4096 signiticet.
3033 4026 3167 4082 llinc
3188 4030 3282 4083 illa
3311 4030 3478 4085 etiam

1905 4111 2103 4182 Sponsi
2138 4113 2205 4167 ad
2240 4110 2512 4182 Sponsam
2543 4113 2709 4167 verba
2739 4131 2753 4167 :
2782 4130 2800 4164 ι
2836 4103 3034 4183 Surge,
3071 4115 3195 4169 veni
3238 4132 3359 4185 qua:
3395 4132 3480 4171 me

1902 4217 2071 4273 prope
2104 4218 2184 4269 es,
2221 4203 2453 4274 pulchra
2484 4210 2666 4256 turtur
2704 4218 2845 4269 mea,
2869 4204 3131 4273 quoniam
3156 4206 3478 4261 ecccltiems

1901 4294 2147 4359 transiit,
2182 4294 2358 4349 imber
2374 4294 2511 4348 abiit
2528 4301 2584 4348 et
2615 4294 2843 4351 recessit
2868 4294 2999 4362 sibi,
3027 4295 3188 4352 ﬂores
3218 4312 3486 4367 apparue—

210 4398 346 4435 κων
364 4385 797 4454 καταχειμάσας,
827 4387 1109 4457 ἀκάρπους
1131 4389 1429 4461 ἀπέφηνεν,
1459 4389 1536 4453 ὡς
1564 4389 1639 4463 μὴ
1660 4387 1794 4444 εἶναι

1906 4393 2034 4439 runt
2077 4385 2132 4439 in
2168 4393 2355 4450 terra;
2390 4395 2607 4454 tempus
2653 4386 2956 4456 putationis
3002 4388 3223 4442 advenit
3254 4388 3319 4442 ιδ.
3351 4408 3369 4440 ι
3420 4391 3476 4444 In

216 4471 481 4526 ποιοῦντα
518 4476 889 4548 χρηστότητα.
927 4479 1069 4532 Ἀλλ’
1113 4481 1448 4551 ἁνεθάλομεν
1487 4483 1545 4535 ἐν
1580 4466 1801 4555 Χριστῷ

212 4567 600 4637 πνευματικῆς
635 4571 944 4642 εὐκαρπίας
988 4574 1271 4644 γενόμενοι
1303 4574 1552 4646 πλήρεις,
1592 4574 1668 4639 ὡς
1708 4576 1802 4629 καί

209 4653 480 4710 δύνασθαι
535 4658 751 4730 λέγειν’
811 4681 830 4715 ι
867 4665 1177 4737 Καταϐήτω
1212 4669 1252 4721 6-
1278 4666 1506 4738 ἀδελφός
1560 4683 1663 4739 μου
1721 4670 1802 4732 εἰς

212 4749 399 4818 κῆπον
420 4750 611 4815 αὐτοῦ,
634 4754 729 4807 καὶ
756 4758 977 4824 φαγέτω
994 4759 1204 4830 καρπὸν
1226 4759 1543 4832 ἀκροδρύων
1566 4759 1752 4814 αὐτοῦ.
1774 4778 1793 4811 ι

211 4836 447 4905 Γέγονε
472 4839 529 4893 δὲ
555 4841 660 4897 καὶ
689 4844 769 4911 ὡς
806 4845 991 4914 πόδες
1040 4848 1572 4918 εὐαγγελιζομένου
1604 4849 1802 4918 ἀκοὴν

210 4927 486 4996 εἰρήνης,
522 4933 665 4987 κατὰ
695 4934 794 5006 τὴν
822 4939 1286 5009 προαποδοθετσαν
1319 4941 1603 5011 ἐξήγησιν.
1634 4939 1795 5003 Τινὲς

211 5016 274 5071 δὲ
299 5017 363 5073 τὸ
390 5021 567 5092 παρὸν
598 5025 765 5094 ῥητὸν
796 5025 968 5092 οὕτως
1021 5029 1368 5100 ἑρμήνευσαν
1404 5030 1680 5099 λέγοντες,
1720 5028 1797 5094 ὡς

210 5108 320 5180 τὴν
350 5109 642 5183 ἐπίσκεψιν
675 5115 769 5168 τοῦ
801 5116 930 5172 λαοῦ
963 5119 1065 5191 τὴν
1091 5121 1149 5172 ὲν
1180 5121 1292 5184 τοίς
1334 5120 1470 5191 μετὰ
1502 5118 1675 5173 ταῦτα
1706 5135 1798 5188 γες

212 5200 451 5272 νομένην
481 5203 655 5275 δηλοῖ,
704 5207 825 5278 ἣτις
866 5211 963 5263 καὶ
1017 5210 1287 5283 παρουσία
1334 5212 1562 5275 δικαίως
1596 5210 1662 5265 ἂν
1709 5210 1797 5262 λέ-

212 5307 368 5359 γοιτο
388 5310 403 5325 ⁸
433 5295 497 5348 οὐ
530 5295 632 5365 τῆς
662 5299 851 5364 οὐσίας
881 5301 1045 5356 αὐτοῦ
1084 5303 1250 5357 τόπον
1276 5305 1342 5357 ἐκ
1371 5303 1537 5357 τόπου
1574 5303 1796 5373 μετιού-

287 5402 523 5486 “diem.
568 5427 625 5477 κ,
661 5411 752 5468 15.
825 5415 873 5449 ⁸³
902 5413 1322 5486 Joan.xnt,10.
1400 5418 1447 5453 ιδ
1490 5419 1511 5471 l
1554 5418 1684 5474 Cor.
1743 5433 1793 5481 ι,

1982 5409 2028 5442 ⁸⁸
2060 5406 2223 5462 Cant.
2276 5423 2336 5472 ll,
2384 5405 2562 5460 1042.

211 5484 292 5540 vr,
326 5474 381 5532 1.

1904 4492 2005 4531 nos
2033 4476 2179 4532 enim
2213 4491 2337 4531 cum
2367 4474 2531 4531 draco
2570 4479 2707 4548 ipse,
2746 4486 3007 4548 tanquam
3053 4480 3228 4535 hiems
3259 4496 3474 4551 aspera,

1905 4573 2243 4637 desaevisset,
2290 4573 2362 4626 ita
2404 4573 2619 4630 steriles
2654 4571 2857 4636 eli'eeit,
2889 4582 2948 4627 ut
2975 4572 3071 4642 qui
3108 4572 3241 4627 bene
3269 4585 3476 4645 ageret,

1905 4663 2091 4718 nullus
2124 4673 2376 4733 repertus
2408 4663 2480 4719 sit
2516 4663 2583 4718 δσ.
2621 4663 2725 4717 Sed
2757 4665 2829 4716 ita
2863 4663 2965 4734 ipsi
2992 4664 3045 4717 in
3071 4663 3293 4720 Christo
3323 4665 3478 4722 reﬂo-

1901 4756 2134 4820 ruimus,
2168 4764 2228 4809 ut
2270 4755 2544 4826 spirituali
2592 4752 2874 4808 fructuum
2936 4756 3193 4812 ubertate
3243 4755 3427 4814 referti
3459 4799 3476 4823 ,

1908 4861 1928 4895 ι
1959 4843 2622 4902 θεεςειιάει(ι·ειειιιιιουε
2650 4844 2703 4897 in
2730 4844 2947 4899 hortum
2966 4846 3106 4912 ejus,
3139 4855 3194 4901 et
3224 4848 3482 4906 comedat

1900 4927 2143 4984 lructum
2189 4929 2450 4983 arborqu
2508 4930 2682 5000 ipsius
2727 4932 2793 4995 ⁵⁷,
2859 4950 2877 4984 ι
2934 4933 3119 4989 dicere
3171 4936 3474 4993 valeamus.

1905 5021 2035 5077 Fuit
2062 5035 2191 5075 vero
2220 5022 2386 5075 etiam
2418 5030 2672 5092 tanquam
2693 5021 2847 5090 pedes
2875 5023 3355 5094 evangelisantium
3375 5044 3477 5081 au-

1903 5116 2075 5170 ditum
2109 5114 2278 5184 pacis,
2312 5113 2358 5168 si
2392 5128 2512 5182 qua:
2553 5114 2707 5184 prius
2724 5116 2887 5169 allata
2921 5128 3026 5181 est,
3054 5119 3478 5188 explicatioiiem

1901 5205 2189 5260 intuearis.
2223 5199 2341 5256 Non
2372 5203 2572 5256 desunt
2603 5218 2766 5271 porro
2792 5206 2886 5274 qui
2919 5209 3083 5260 verba
3112 5208 3217 5261 ista
3263 5209 3344 5263 sic
3392 5211 3479 5262 in-

1903 5303 2297 5366 terpretentur,
2344 5300 2405 5347 ut
2453 5308 2571 5346 eam
2640 5295 2823 5363 populi
2880 5295 3313 5365 inspectionem,
3354 5314 3479 5370 qua:

2675 5407 2719 5440 ⁸⁸
2755 5406 2900 5464 Psal.
2937 5425 3054 5475 xm,
3083 5412 3137 5468 3.
3236 5412 3277 5445 “’
3316 5415 3477 5472 Cant.

1505 5567 1742 5625 VARUE
1782 5566 2191 5623 ‘LECTIONES.

282 5664 326 5696 ιη
359 5672 450 5727 γρ.
487 5656 676 5712 ἀπονί.
