3980 6306
499 265 634 330 2511

1834 268 2186 331 PROCOI’H
2222 269 2488 333 GAZJ‘II"
2581 265 2592 277 ⁸

3627 263 3754 328 25d!

499 393 693 454 postea
726 384 978 455 contigit,
1007 393 1059 440 et
1090 384 1288 440 merito
1321 384 1487 440 etiam
1529 399 1793 440 accessus
1819 385 2076 450 dicatur;

2190 399 2304 449 σης,
2331 384 2469 437 ἀλλὰ
2497 383 2596 452 τῆς
2644 381 2928 452 ἐνεργείας
2975 379 3282 450 καταδήλου
3311 378 3627 448 γινομένης.
3677 377 3757 433 Διὸ

499 488 608 526 non
643 473 789 542 quod
829 473 950 542 ejus
977 475 1220 530 essentia
1270 491 1299 529 a
1344 465 1469 530 loco
1501 477 1556 530 in
1599 476 1781 530 locum
1813 483 2080 540 transeat,

500 565 593 620 sed
619 566 764 635 quod
798 565 1048 636 ejusdem
1085 568 1232 622 vires
1269 579 1456 637 aperte
1496 570 1971 631 detnonstrentur,
2001 569 2080 622 si-

451 729 453 733 .
498 659 750 726 gnilicari
768 643 941 714 velint
965 677 978 712 :
1007 659 1194 730 itaque
1219 661 1468 731 purgatis
1491 661 1710 730 quidem
1744 661 1904 714 nobis
1925 657 2084 715 ades-

500 763 596 811 se,
641 751 834 806 abesse
864 759 1048 806 autem
1108 752 1314 806 scelere
1339 760 1392 805 et
1427 753 1564 806 vitio
1620 752 1946 822 inquinatis.
1992 753 2083 805 Ait

503 843 667 922 igitur
698 850 808 895 tam
849 853 1092 912 apertam
1143 842 1258 897 fore
1291 843 1691 909 defensionem,
1735 854 1796 898 ut
1833 847 1922 900 vel
1975 844 2080 914 ipsi

499 931 772 992 eumdem,
805 933 896 1001 qui
927 949 1076 987 nunc
1103 933 1279 988 futura
1313 933 1664 1002 praenuntiat,
1688 944 1742 990 et
1773 936 1866 1006 qui
1893 944 2080 1006 postea

502 1027 819 1094 adimpleat,
851 1043 977 1082 esse
1003 1027 1294 1082 fateamur.
1321 1027 1393 1082 Ut
1418 1031 1568 1084 enim
1611 1043 1720 1083 non
1761 1038 1942 1098 potest
1973 1032 2080 1086 dici

501 1115 772 1170 venientis
802 1115 935 1170 hora
981 1117 1175 1181 latere,
1201 1131 1328 1172 cum
1367 1127 1581 1172 montes
1606 1118 1710 1186 ipsi
1743 1121 1878 1174 solis
1907 1122 2082 1175 radiis

501 1203 855 1260 illustrantur
896 1223 909 1259 :
955 1207 1036 1262 sic
1070 1207 1178 1262 erit
1220 1207 1480 1261 omnibus
1512 1209 1812 1276 conspicua
1863 1227 1982 1264 mea
2027 1213 2080 1265 in

501 1310 596 1348 vos
621 1298 912 1365 pr0pensio
939 1313 954 1363 ;
983 1313 1159 1365 neque
1198 1297 1409 1351 minore
1445 1299 1636 1352 laetitia
1665 1309 1713 1354 et
1735 1302 2084 1355 exsultatione

499 1382 888 1451 implebimini,
933 1398 1096 1452 quam
1135 1385 1338 1451 quibus
1379 1384 1530 1451 'paeis
1566 1385 1780 1438 dulcem
1828 1387 2081 1440 nuntium

497 1473 738 1543 aliquem
799 1473 985 1527 audire
1063 1474 1316 1540 contigit.
1380 1473 1498 1542 Ipse
1577 1487 1762 1542 porro,
1826 1474 1918 1527 ubi
1987 1489 2084 1530 vos

499 1564 777 1619 emendari
863 1565 1192 1634 contigerit,
1256 1579 1350 1616 rex
1417 1573 1599 1619 vester
1642 1563 1906 1634 appellari
1974 1582 2080 1620 non

499 1655 860 1724 dedignabor.
885 1655 963 1710 Eo
983 1659 1128 1710 enim
1158 1655 1435 1710 fclicitatis
1466 1665 1796 1724 perventura
1819 1665 1903 1710 est
1925 1655 2079 1720 Sion,

2187 478 2610 548 καθαιρομένοις
2667 473 2767 544 μὲν
2813 475 2945 544 ἡμῖν
2979 475 3236 542 παρεῖναι
3265 469 3513 537 λέγεται,
3555 471 3758 525 ἀπεῖναι

2184 569 2240 622 δὲ
2275 567 2720 640 ἁμαρτανόντων.
2762 565 2873 632 Τὴν
2897 565 3077 617 τοίνυν
3111 563 3398 633 ἀντίληψιν
3427 561 3575 614 οὕτω
3607 577 3756 630 φανε-

2189 659 2287 731 ρὰν
2330 657 2551 711 ἔσεσθαί
2579 673 2768 724 φησιν,
2799 654 2873 716 ὡς
2931 653 3076 723 ὑμᾶς
3109 652 3448 722 ὁμολογῆσαι
3481 651 3577 704 τὸν
3609 651 3757 704 αὑτὸν

2185 747 2324 803 εἶναι
2356 751 2446 801 τὴν
2478 748 2574 800 καὶ
2606 746 2702 798 νῦν
2735 744 3079 815 προλέγοντα
3107 743 3203 795 καὶ
3230 738 3390 806 αὖθις
3428 741 3752 812 πληροῦντα.

2195 843 2286 903 Ὠς
2322 841 2432 910 γὰρ
2471 841 2574 892 οὐκ
2629 838 2745 890 ἔστι
2792 837 2894 904 τὴν
2925 834 3089 901 ὥραν
3138 833 3239 900 τῆς
3293 833 3516 903 ἡμέρας
3562 832 3756 896 λαθεῖν,

2184 929 2308 984 καθ’
2329 931 2397 1000 ἢν
2423 927 2712 998 ἐκλάμψας
2737 927 2765 978 ὁ
2789 925 2938 995 ἥλιος
2968 922 3321 990 καταλάμπει
3346 921 3412 974 τὰ
3431 919 3560 992 ὄρη,
3597 923 3758 983 οὖσαος

2185 1022 2335 1074 ἔσται
2371 1020 2583 1089 φανερὰ
2620 1019 2788 1070 πᾶσιν
2825 1017 2860 1085 ἡ
2916 1014 3046 1084 παρ’
3093 1013 3227 1083 ἐμοῦ
3284 1014 3365 1074 εἰς
3425 1013 3575 1081 ὑμᾶς
3605 1013 3756 1080 ῥοπὴ,
3807 1021 3815 1028 ’

2185 1109 2374 1182 χαρᾶς
2402 1127 2463 1164 τε
2501 1109 2600 1163 καὶ
2639 1106 3076 1176 ἀγαλλιάσεως,
3119 1103 3264 1158 οὕτω
3316 1101 3756 1174 πληρωθήσεοθε,

2184 1204 2438 1272 καθάπερ
2471 1203 2582 1264 τοῖς
2619 1199 2814 1264 ἀκοήν
2849 1201 2998 1252 ἐστιν
3029 1195 3344 1263 εἰρηνικήν
3364 1213 3424 1245 τε
3455 1195 3550 1248 καὶ
3580 1194 3758 1262 ἡδεῖαν

2183 1295 2515 1365 δεχομένοις.
2565 1293 2673 1344 Καὶ
2699 1289 3003 1356 ,βασιλεὺς
3049 1289 3106 1341 δὲ
3161 1289 3316 1356 ὑμῶν
3361 1285 3760 1354 διορθουμένων

2185 1385 2402 1450 ἀξιώσω
2431 1383 2733 1438 καλεῖσθαι.
2764 1383 2958 1435 Ἔσται
2985 1383 3093 1450 γὰρ
3125 1383 3156 1449 ἡ
3201 1378 3355 1432 Σιὼν
3392 1377 3566 1439 οὕτως
3597 1376 3758 1441 εὐθη-

2184 1479 2444 1547 νουμένη,
2473 1477 2550 1540 ὡς
2580 1477 2761 1528 πάντα
2802 1476 2986 1527 ἐκεῖνα
3025 1471 3387 1542 πληροῦσθαι,
3415 1471 3518 1522 ὅσα
3550 1470 3610 1522 ἐν
3645 1470 3758 1532 ταῖς

2185 1569 2451 1634 ἐπιδὸξοις
2480 1568 2667 1620 πόλεσι
2696 1567 2793 1618 καὶ
2831 1563 3244 1634 εἰρηνευούσαις
3266 1578 3282 1592 ο
3331 1559 3627 1630 φυλάκων
3665 1561 3758 1628 μὲν

2185 1660 2498 1730 τηρούντων
2545 1657 2646 1731 τὴν
2705 1657 2859 1710 πόλιν
2904 1655 3057 1726 μετὰ
3105 1647 3352 1724 φονικῆς,
3417 1653 3649 1716 ἑαυτοὺς
3703 1647 3756 1705 δὲ

500 1755 558 1800 ιιι
591 1746 645 1800 ἰη
671 1761 733 1800 ea
779 1746 914 1800 nihil
945 1761 1054 1800 non
1088 1761 1278 1802 eorum
1313 1745 1581 1810 omnium,
1607 1761 1728 1814 quae
1755 1746 1806 1799 in
1847 1749 2076 1817 praecla-

2190 1750 2582 1819 ἀσπαζομένων
2595 1747 2727 1816 μετ’
2755 1749 3167 1815 εὐφροσύνης,
3199 1745 3273 1808 ὡς
3294 1745 3604 1815 ἐπεγεὶρειν
3635 1743 3750 1795 ἐαυ-

496 1837 576 1891 ris
603 1835 766 1907 592
788 1847 840 1892 et
873 1838 1083 1908 pacatis
1103 1837 1330 1891 urbibus
1363 1835 1520 1902 liunt,
1548 1836 1836 1905 adimplcri
1864 1839 2074 1894 videas:

499 1927 629 1980 dum
679 1929 780 1997 ipsi
817 1928 1037 1998 quidem
1067 1928 1314 1981 custodes
1363 1927 1554 1980 urbem
1587 1943 1706 1980 cum
1739 1945 1860 1982 voce
1889 1945 2076 1985 serva-

2183 1843 2298 1902 τοῖς
2325 1842 2382 1894 ἐν
2415 1842 2534 1903 ταῖς
2570 1839 2885 1908 συντυχίαις
2913 1838 3013 1906 τὴν
3055 1837 3255 1906 χαρὰν,
3289 1837 3383 1888 καὶ
3415 1835 3508 1888 τὸν
3541 1831 3631 1887 ἐπ’
3661 1833 3748 1887 αῦ-

2182 1933 2296 1993 τοῖς
2323 1931 2469 1982 ἔλεον
2493 1929 2807 2000 κηρύττειν.

502 2019 660 2082 bunt,
691 2033 813 2072 sese
848 2019 1046 2072 deinde
1083 2034 1202 2070 cum
1245 2017 1568 2071 exultatione
1605 2020 1678 2072 ita
1713 2019 2034 2074 salutabunt
2059 2061 2074 2084 ,
2148 2031 2207 2077 ut
2231 2022 2398 2077 sortis
2428 2020 2817 2076 communione
2860 2018 2926 2073 ad
2980 2017 3241 2087 gaudium
3292 2034 3417 2074 sese
3490 2019 3749 2096 excitent,

501 2118 554 2165 et
615 2123 779 2179 quam
832 2117 960 2164 sunt
999 2106 1280 2162 consecuti
1327 2108 1766 2162 misericordiam
1797 2109 2188 2178 deprtedicent.

573 2202 710 2256 Esse
742 2216 873 2256 vero
907 2201 1072 2269 hujus
1113 2201 1278 2254 etiam
1309 2201 1514 2254 lwtitite
1552 2203 1850 2272 participes
1885 2206 2082 2262 merito

503 2292 992 2363 Hierosolymorum
1016 2291 1328 2345 solitudines
1363 2291 1638 2348 dicantur.
1677 2291 1750 2347 Ut
1778 2295 1923 2350 enim
1954 2311 2078 2350 cum

501 2385 690 2440 Sionis
720 2385 838 2438 vias
858 2384 1042 2452 lugere
1069 2383 1204 2436 dixit
1229 2383 1274 2415 δ’
1297 2424 1312 2448 ,
1339 2385 1644 2439 incolarum
1671 2397 1728 2440 et
1746 2389 2077 2442 advenarum

501 2475 855 2532 solitudinem
887 2474 1219 2544 signiﬁcavit
1241 2515 1256 2539 ,
1285 2476 1366 2530 sic
1393 2483 1446 2530 et
1470 2492 1637 2542 nunc,
1658 2493 1783 2532 cunt
1813 2479 2077 2536 desertum

503 2569 701 2624 festum
733 2569 896 2622 simul
927 2576 1181 2622 acturum
1217 2567 1396 2632 dixit,
1429 2584 1570 2635 eam,
1592 2565 1713 2640 'qua
1743 2571 2078 2642 adiciuntur,

503 2660 747 2715 lctitiam
793 2661 1166 2727 demonstrat;
1208 2676 1388 2716 rerum
1419 2661 1648 2717 istarum
1677 2678 1900 2719 causam
1944 2666 2082 2721 divi-

504 2769 588 2807 me
645 2753 971 2824 benignitati
1025 2763 1078 2808 et
1130 2753 1524 2810 misericordia:
1603 2758 1926 2824 ascribens;
1986 2771 2083 2830 per

505 2866 670 2919 quam
713 2851 854 2905 idem
885 2849 1188 2906 Jerusalem
1229 2851 1444 2906 brachio
1468 2868 1566 2906 suo
1586 2895 1600 2918 ,
1637 2853 1690 2906 id
1724 2863 1809 2910 est
1835 2855 2078 2924 potentia

502 2940 726 2996 virtutis
750 2956 869 2994 sum
897 2939 1176 3002 liberavit;
1204 2956 1328 2996 cum
1357 2955 1388 2994 a
1421 2940 1528 2996 Deo
1551 2943 1826 2999 civitatem
1860 2944 2079 3000 defendi

2263 2209 2557 2262 Κοινωνεϊν
2583 2209 2639 2261 δὲ
2671 2208 2770 2278 τῆς
2816 2209 3201 2278 εὐφροσύνης
3236 2210 3420 2272 αὐτοῖς
3465 2207 3663 2275 λέγοιτ’
3696 2207 3760 2262 ἂν

2188 2303 2414 2364 εἰκότως
2443 2302 2537 2354 καὶ
2566 2299 2638 2355 τὰ
2662 2301 2854 2370 ἔρημα
2903 2301 3015 2368 τῆς
3059 2302 3478 2370 Ἰερουσαλήμ.
3522 2301 3609 2364 Ὠς
3657 2300 3760 2368 γὰρ

2184 2393 2273 2447 διὰ
2291 2393 2406 2458 τοῦ,
2421 2411 2438 2444 ι
2461 2393 2604 2446 ’0ὃοὶ
2621 2391 2758 2444 Σιὼν
2777 2391 3052 2456 πενθοῦσι,
3074 2410 3091 2443 ι
3112 2392 3208 2464 τὴν
3226 2392 3335 2444 τῶν
3349 2393 3650 2460 οἰκητόρων
3671 2393 3763 2444 καὶ

2185 2485 2496 2554 παριόντων
2523 2483 2764 2554 ἐρημίαν
2795 2483 2987 2554 ἐδήλου
3007 2501 3021 2515 ο
3052 2483 3195 2538 οὕτω
3241 2485 3336 2537 καὶ
3365 2484 3460 2536 νῦν
3489 2485 3592 2554 τὴν
3631 2484 3761 2552 ἔρη-

2183 2593 2302 2646 μον
2324 2577 2707 2646 συνεορτάσειν
2737 2572 2934 2638 εἰπὼν,
2959 2575 3058 2644 τὴν
3095 2574 3514 2628 καταλαϐοῦσαν
3569 2575 3762 2636 αῦτοῦς

2187 2669 2578 2736 εὐφροσύνην
2631 2668 2981 2737 παρίστησιν,
3037 2667 3211 2720 αἴτιον
3238 2668 3442 2721 τούτων
3482 2667 3576 2720 τὸν
3620 2667 3765 2720 ἔλεον

2188 2757 2358 2812 εἰπὼν
2393 2759 2486 2812 τοῦ
2528 2757 2688 2821 Θεοῦ,
2727 2757 2794 2811 δι’
2839 2758 2898 2812 ὃν
2927 2759 2956 2812 ὁ
3004 2759 3136 2820 Θεὸς
3192 2757 3310 2823 τὴν
3379 2757 3763 2825 Ἰερουσαλὴμ

2187 2850 2572 2919 ἐλυτρὼσατο
2602 2848 2681 2914 τῷ
2705 2849 3008 2919 βραχίονι,
3037 2849 3185 2904 τοῦτ’
3216 2850 3332 2902 ἐστι
3361 2854 3429 2918 τῇ
3479 2850 3578 2919 τῆς
3610 2849 3764 2901 δυνὰ-

2193 2960 2339 3014 μεως
2369 2941 2640 3014 ἐνεργείᾳ,
2673 2942 3050 3009 γινωσκόντων
3097 2941 3204 2992 τῶν
3235 2940 3406 2994 ἐθνῶν
3430 2939 3506 3004 ὡς
3541 2939 3765 2992 ἐπεσκέ-

503 3041 694 3101 gcntes
717 3033 847 3101 ipsa:
877 3047 986 3087 non
1015 3031 1377 3100 ambigerem.
1399 3033 1576 3100 Atque
1593 3033 1708 3088 lucc
1731 3034 1952 3104 quidem
1977 3035 2074 3090 illi.

2190 3035 2324 3103 ψατο
2355 3035 2453 3104 τὴν
2489 3032 2850 3103 Ἰερουσαλὴμ
2875 3035 2903 3086 ὁ
2933 3033 3089 3094 Θεὸς·
3123 3033 3218 3085 καὶ
3249 3031 3422 3084 ταῦτα
3476 3031 3575 3100 μὲν
3602 3025 3762 3084 οὗτοι.

502 3123 769 3178 Ceeterunt
808 3139 919 3193 quo
961 3125 1104 3190 loco,
1157 3123 1266 3178 Vox
1309 3125 1716 3180 custodientium
1758 3137 1805 3180 te
1845 3127 2088 3182 exaltata

504 3227 604 3282 est,
656 3217 944 3282 habemus,
981 3217 1091 3269 Vox
1139 3221 1534 3286 speculatorum
1583 3227 1794 3270 tuorum
1822 3218 1966 3271 elata
2011 3230 2088 3274 est

505 3309 903 3378 interpretatur
957 3307 1346 3378 Symmachus,
1396 3308 1702 3379 adjungens
1747 3317 1796 3362 et
1845 3310 1899 3362 in
1949 3311 2086 3365 idem

508 3399 810 3473 laudabunt
839 3415 858 3453 :
889 3399 1096 3452 orulate
1125 3399 1263 3452 enim
1295 3399 1562 3463 videbunt,
1593 3399 1804 3468 quando
1826 3413 2086 3457 convertet

508 3492 640 3546 Sion
676 3491 972 3553 Dominus;
1000 3491 1053 3544 in
1087 3505 1198 3561 quo
1225 3496 1442 3546 rursum
1467 3493 1554 3562 pia
1582 3492 1704 3547 vitae
1737 3495 1875 3548 ratio
1900 3495 2086 3550 innui-

507 3593 618 3636 tur.
645 3580 750 3636 Sed
783 3597 881 3652 pro
918 3597 1028 3652 quo
1051 3583 1260 3636 oculate
1283 3583 1460 3644 dixit,
1497 3583 1708 3637 oculum
1746 3586 1798 3638 in
1820 3587 1972 3639 oculo
2007 3587 2085 3640 ui-

507 3689 658 3727 suros
695 3690 806 3728 esse
842 3674 1039 3742 reliqui
1077 3675 1500 3730 transtulerunt.
1553 3675 1762 3732 Deinde
1798 3679 2089 3746 speculato-

506 3780 622 3818 rum
668 3765 907 3829 nomine,
942 3763 1246 3818 Salvatoris
1281 3764 1586 3834 discipulos
1623 3766 1908 3836 intelligit.
1955 3766 2084 3820 Nam

505 3865 558 3909 et
601 3856 673 3910 ita
721 3856 1012 3926 prophetas
1063 3856 1368 3926 antiquitus
1414 3857 1799 3925 appellabant,
1846 3865 1900 3910 et
1942 3874 2090 3912 nunc

505 3948 670 4001 etiam
694 3948 931 4002 recentis
954 3947 1138 4017 populi
1163 3947 1515 4016 speculatores
1532 3958 1581 4002 et
1603 3949 1842 4005 custodes
1863 3951 2088 4020 quidam

505 4039 610 4108 ipsi
651 4048 783 4093 sunt
824 4039 1095 4108 apostoli;
1141 4041 1234 4108 qui
1282 4039 1525 4094 bonitate
1567 4039 1832 4095 doctrinae
1880 4043 2086 4111 pastori

505 4131 738 4201 principi
796 4131 1058 4186 adversus
1109 4131 1290 4199 lupos,
1334 4145 1464 4184 oves
1519 4132 1857 4186 custodiunt.
1916 4130 2086 4185 Iidem

508 4231 806 4294 praeterea,
855 4224 984 4292 quia
1047 4223 1164 4276 suis
1213 4222 1378 4275 oculis
1427 4219 1766 4278 Salvatorem
1811 4224 2088 4286 uiderunt,

506 4317 731 4384 suisque
748 4315 983 4369 ‘auribus
1017 4311 1380 4378 audiverunt;
1413 4329 1587 4366 vocem
1623 4329 1774 4367 suam
1808 4329 1873 4368 eo
1910 4331 2085 4384 usque

501 4406 835 4468 exultat-unt,
861 4418 918 4458 ut
945 4421 976 4458 α
995 4402 1234 4474 gentibus
1266 4404 1506 4458 omnibus
1532 4404 1721 4457 audita
1746 4407 1838 4467 sit,
1864 4405 2086 4474 duoque

505 4496 561 4548 in
597 4509 766 4554 unum
793 4493 976 4562 populi
1019 4492 1277 4553 coierint,
1306 4491 1458 4559 juxta
1513 4493 1644 4562 illud
1675 4510 1688 4545 :
1731 4511 1749 4544 I
1780 4491 2098 4558 Laetamini,

506 4594 854 4660 gentes,cum
888 4581 1089 4654 populo
1121 4583 1242 4651 ejus
1277 4583 1338 4636 δ’.
1385 4602 1403 4634 ι
1451 4582 1588 4637 Hinc
1621 4591 1674 4637 et
1723 4585 1813 4636 illa
1845 4584 2086 4649 Davidis,

512 4695 532 4728 ι
567 4675 764 4730 Audite
787 4675 927 4742 haec,
960 4688 1155 4728 omnes
1177 4681 1372 4742 gentes
1405 4673 1472 4726 ⁵ο.
1505 4692 1521 4724 ι
1547 4672 1752 4726 Deinde
1784 4689 1895 4728 non
1928 4675 2088 4730 aliter

503 4783 668 4837 quam
701 4768 818 4838 ipsa
851 4764 1246 4819 daemoniorum
1275 4763 1589 4827 multitudo,
1613 4777 1720 4815 non
1745 4763 1864 4817 sine
1894 4767 2078 4820 sonitu

509 4862 671 4931 periit
695 4901 708 4920 ,
740 4867 799 4913 ut
833 4873 865 4912 a
894 4859 1111 4912 nemine
1143 4857 1486 4926 ignoraretur
1513 4873 1525 4908 :
1549 4856 1629 4909 sic
1644 4865 1696 4908 et
1719 4855 1918 4910 salutis
1938 4871 2080 4924 prte-

506 4955 727 5006 conium
759 4949 826 5002 ab
857 4949 1113 5003 omnibus
1138 4986 1152 5012 ,
1183 4948 1278 5017 qui
1309 4947 1364 5000 in
1396 4947 1597 5002 veteris
1643 4948 1860 5016 tyranni
1907 4947 2084 5002 locum

508 5059 678 5113 regem
716 5041 874 5113 593
901 5039 1187 5094 Dominum
1219 5048 1576 5107 exceperunt,
1603 5038 1849 5092 exaudiri
1883 5039 2082 5093 decuit.

507 5135 664 5202 Quod
691 5136 850 5188 nobis
871 5142 1020 5187 certe
1053 5129 1370 5184 festivitatis
1387 5139 1442 5184 et
1470 5131 1671 5184 laetitia:
1701 5141 2083 5201 argumentum

511 5225 722 5292 peperit
769 5262 784 5286 ,
823 5221 978 5290 juxta
1011 5216 1188 5272 illud:
1230 5235 1249 5268 ι
1291 5215 1554 5274 Dominus
1591 5219 1861 5288 regnavit,
1901 5218 2086 5272 exsul-

508 5322 584 5370 tet
614 5322 760 5370 terra
783 5313 851 5366 ".
900 5329 918 5364 ι

583 5411 699 5476 Quo
735 5419 901 5480 pacto
945 5417 1127 5462 autem
1161 5415 1360 5478 regnet,
1413 5419 1523 5459 non
1559 5404 1796 5460 obscure
1857 5403 2086 5466 indicat,

511 5513 634 5554 cum
658 5515 830 5554 vocem
861 5498 1273 5552 custodientium
1293 5496 1584 5551 exaltatum
1610 5511 1724 5548 esle
1755 5495 2038 5566 subiungit
2069 5511 2083 5548 :

589 5673 636 5709 "
665 5675 868 5730 Threu.
914 5692 953 5741 ι,
995 5676 1048 5730 4.
1129 5677 1170 5709 δ’
1211 5674 1315 5730 lsa.
1352 5689 1497 5738 vat,
1528 5671 1615 5726 10.

1693 5671 1736 5702 ⁸⁰
1777 5669 1920 5725 Psal.
1965 5685 2151 5732 sum,
2185 5669 2240 5722 ‘2.

2203 3127 2349 3180 Ἀντὶ
2375 3127 2432 3179 δὲ
2463 3126 2579 3190 τοῦ,
2609 3126 2778 3194 φωνὴ
2813 3125 2932 3178 τῶν
2959 3126 3409 3194 φυλασσόντων
3430 3139 3506 3176 σε
3537 3121 3763 3190 ὑψώθη,

2189 3220 2218 3272 ὁ
2271 3218 2591 3288 Σύμμαχος,
2651 3217 2826 3284 Φωνὴ
2879 3215 2997 3270 τῶν
3058 3215 3308 3269 σκοπῶν
3358 3230 3477 3268 σου
3525 3212 3764 3282 ἐπῆρεν,

2190 3309 2556 3380 ἐρμήνευσεν,
2595 3309 2690 3360 καὶ
2739 3309 3042 3378 ἐπήγαγεν,
3071 3307 3165 3360 ἐπὶ
3204 3305 3272 3358 τὸ
3315 3305 3460 3358 αὐτὸ
3491 3305 3765 3360 air-eoau-

2189 3415 2313 3454 σιν.
2372 3398 2878 3468 Ὀφθαλμοφανῶς
2935 3397 3046 3468 γὰρ
3097 3397 3352 3465 ὄψονται
3407 3397 3478 3449 ἐν
3527 3395 3606 3462 τῷ
3643 3398 3765 3450 ἑπι-

2189 3490 2448 3558 στρέψαι
2475 3492 2696 3558 Κύριον
2724 3491 2840 3556 τὴν
2869 3490 3022 3544 Σιών
3045 3503 3060 3516 ⁶
3093 3488 3430 3559 δηλούμενον
3480 3488 3644 3540 πάλιν
3676 3487 3766 3540 τοῦ

2185 3580 2476 3644 θεοσεϐοῦς
2511 3581 2929 3651 πολιτεύματος.
2967 3581 3114 3634 Ἀντὶ
3158 3581 3215 3634 δὲ
3247 3582 3341 3635 τοῦ
3389 3583 3769 3651 ὀφθαλμοερα·

2189 3672 2328 3737 νὼς,
2357 3674 2404 3724 οἱ
2435 3671 2612 3724 λοιποὶ
2635 3672 2798 3737 φασὶν
2833 3670 3148 3739 ὀφθαλμὸν
3179 3671 3252 3724 ἐν
3279 3669 3566 3739 ὀφθαλμῷ
3587 3671 3766 3736 ὄψον-

2191 3780 2304 3818 ται.
2358 3762 2636 3827 Σκοποὺς
2667 3763 2725 3813 δὲ
2760 3760 2856 3814 νῦν
2900 3761 3032 3825 τοὺς
3085 3761 3336 3833 μαθητὰς
3388 3762 3486 3814 τοῦ
3519 3761 3765 3830 Σωτῆρος

2190 3853 2368 3906 καλεῖ.
2413 3855 2521 3906 Καὶ
2554 3852 2726 3905 πάλαι
2769 3852 2878 3922 γὰρ
2926 3853 3052 3914 τοὺς
3085 3853 3370 3923 προφήτας
3422 3851 3595 3913 οὓτως
3643 3853 3768 3905 ἑκά·

2190 3945 2338 4006 λουν,
2369 3945 2464 3997 κλὶ
2497 3943 2592 3998 νῦν
2625 3945 2719 3998 τοῦ
2763 3947 2886 3999 νέου
2933 3943 3066 3998 λαοῦ
3117 3944 3378 4012 γεγόνασι
3407 3942 3629 3996 σκοποὶ
3673 3941 3764 3995 και

2191 4037 2458 4106 φύλακες
2495 4037 2546 4089 oi.
2595 4037 2884 4091 ἀπόστολοι
2918 4037 3292 4106 φυλάσσοντες
3318 4033 3427 4088 ἀπὸ
3457 4034 3567 4086 τῶν
3593 4033 3769 4086 λύκων

2199 4127 2280 4198 τῷ
2343 4129 2701 4201 ἀρχιποίμενι
2751 4129 2823 4183 τὰ
2877 4129 3128 4200 πρόϐατα
3190 4127 3283 4180 διὰ
3315 4126 3415 4196 τῆς
3456 4125 3769 4197 πρεπούσης

2205 4221 2578 4286 διδασκαλίας.
2633 4223 2745 4276 Καὶ
2801 4219 3276 4292 ὀρθολμοερανῶς
3340 4219 3613 4272 αὐτόπται
3680 4217 3769 4270 καὶ

2195 4315 2456 4383 αὐτήκοοι
2505 4314 2602 4367 τοῦ
2648 4313 2903 4384 Σωτῆρος
2978 4313 3264 4382 γενόμενοι
3344 4310 3608 4380 ὕψωσαν
3659 4308 3768 4374 τὴν

2119 4377 2160 4432 Ῑ)
2195 4404 2428 4457 ἑαυτῶν
2481 4403 2714 4473 φωνὴν,
2763 4405 2836 4467 ὡς
2888 4403 3272 4468 ἐξακουστὸν
3321 4403 3575 4469 γενέσθαι
3622 4399 3766 4456 πᾶσι

2196 4495 2319 4560 τοῖς
2361 4496 2607 4549 ἔθνεσιν
2655 4497 2750 4550 καὶ
2801 4495 2938 4567 πρὸς
2993 4494 3092 4547 ἕνα
3139 4495 3268 4558 τοὺς
3309 4492 3402 4546 δύο
3443 4493 3764 4562 συναχθῆναι

2191 4587 2376 4650 λαοὺς.
2409 4587 2552 4640 κατὰ
2591 4587 2672 4640 τό·
2708 4607 2726 4640 ι
2752 4585 3134 4658 Εύφρανθῆτε,
3170 4585 3322 4654 ἔθνη,
3357 4584 3499 4654 μετὰ
3517 4583 3612 4637 τοῦ
3640 4582 3764 4635 λαοῦ

2191 4678 2383 4733 αὑτοῦ.
2418 4698 2437 4730 ι
2479 4679 2570 4732 Διὺ
2609 4679 2744 4749 φησὶ
2791 4680 2885 4732 καὶ
2934 4677 3134 4731 Δαὸίδ·
3173 4675 3541 4742 gustatione
3574 4674 3763 4737 ταῦτα,

2193 4770 2370 4824 πάντα
2436 4771 2504 4822 τὰ
2553 4770 2704 4840 ἔθνη,
2739 4789 2757 4821 ι
2823 4770 2931 4824 Καὶ
2969 4768 3159 4840 ὥσπερ
3204 4767 3268 4821 τὸ
3316 4768 3426 4820 τῶν
3477 4767 3766 4838 δαιμονίων

2191 4862 2398 4932 πλῆθος
2422 4861 2674 4916 ἀπώλετο
2709 4863 2826 4932 μετ’
2857 4863 3047 4933 ἤχους,
3079 4861 3156 4920 ὡς
3211 4861 3478 4930 ἀγνοῆσαι
3527 4862 3763 4932 μηδένα·

2188 4954 2334 5007 οὓτω
2403 4953 2465 5006 τὸ
2529 4956 2796 5024 σωτήριον
2853 4955 3118 5024 κήρυγμα
3163 4956 3332 5005 πᾶσιν
3385 4951 3770 5018 ἐξάκουστον

2188 5043 2399 5112 γέγονε
2414 5043 2684 5107 βασιλέα
2707 5043 3027 5112 δεξαμένοις
3049 5044 3172 5096 ἀντὶ
3195 5041 3291 5096 τοῦ
3315 5043 3484 5097 πάλαι
3507 5042 3765 5113 τυράννου

2189 5135 2280 5186 τὸν
2319 5134 2539 5205 Κύριον.
2579 5136 2644 5186 Ὃ
2671 5135 2736 5204 δὴ
2769 5134 2865 5187 καὶ
2902 5133 3128 5202 γέγονεν
3175 5135 3307 5204 ἡμῖν
3341 5133 3566 5204 ἀφορμὴ
3600 5150 3769 5202 πανηο

2189 5223 2424 5294 γύρεως,
2456 5223 2596 5278 κατὰ
2619 5227 2698 5278 τόο
2723 5243 2742 5275 ι
2776 5224 2834 5278 '0
2868 5223 3070 5295 Κύριος
3109 5222 3478 5290 ἐϐασίλευσεν,
3515 5221 3774 5292 ἀγαλλιᾶ-

2197 5312 2308 5364 σοω
2534 5333 2552 5364 ι

2264 5403 2390 5467 Πῶς
2419 5404 2474 5457 δὲ
2499 5405 2817 5468 βασιλεύει
2846 5403 2997 5476 δηλοί
3019 5404 3216 5472 λέγων,
3265 5405 3437 5474 φωνὴ
3499 5401 3621 5456 τῶν
3655 5419 3768 5472 φοι

2189 5496 2550 5548 λασσόντων
2588 5508 2668 5548 ’σε
2693 5495 2920 5564 εὑψώθὴ.
2955 5493 3097 5564 Πρὸς
3122 5493 3213 5558 οὓς
3254 5493 3443 5562 ἔλεγεν
3492 5491 3718 5556 Ἡσαΐας
3747 5503 3767 5522 ⁸

2316 5671 2354 5701 ⁸*
2392 5669 2534 5724 Psnl.
2593 5685 2722 5734 .xcv,
2753 5670 2834 5724 ΙΙ.
