3954 6308
414 318 553 382 2515

1731 319 2088 382 PROCOPII
2113 323 2358 384 ϐΑΖέΕῙ

3525 331 3687 396 2516

413 427 571 482 tidem
599 427 751 498 prius
783 427 1000 486 fuerant
1031 430 1289 505 amplexi.
1315 430 1530 486 Habent
1564 439 1744 487 autem
1765 443 1976 491 ctuasa,

2103 431 2358 499 τελεῖσθε;
2402 450 2422 484 ι
2457 430 2882 503 περιετέμνοντο
2941 433 3054 507 γὰρ
3095 435 3199 507 ἤδη
3247 435 3680 498 πιστεύσαντες.

417 519 526 574 alio
572 521 731 574 modo
763 521 823 586 ii,
860 524 951 592 qui
983 522 1186 578 divina:
1235 531 1446 578 natura:
1474 523 1768 594 participes
1806 521 1983 578 effecti

413 611 649 682 Spiritus
693 615 869 668 sancti
901 614 1044 670 dona
1099 623 1336 687 gestant,
1365 615 1704 688 Paulumque
1757 616 1988 672 audiunt

415 713 756 756 armaturam
793 704 889 758 Dei
943 704 1175 761 induere
1222 706 1630 776 praecipientem
1671 707 1716 740 σί
1756 726 1770 772 ;
1807 708 1986 777 ipsam

413 793 676 846 nimirum
722 795 953 862 iustitiae
1002 797 1250 859 loricam,
1284 797 1456 866 ipsam
1517 797 1714 852 salutis
1755 797 1986 868 galeam,

415 885 593 952 ipsum
616 885 740 938 lidei
765 893 1006 950 sentum,
1027 887 1204 958 ipsum
1217 887 1452 957 denique
1479 886 1715 957 Spiritus
1727 889 1986 954 gladium,

413 973 560 1042 «ιιιοά
607 982 692 1028 est
736 975 827 1028 Dei
879 976 1153 1040 verbum;
1214 977 1416 1045 quibus
1476 991 1576 1030 nos
1631 976 1991 1045 subditosque

412 1065 646 1135 pupulas
674 1066 1022 1134 protegimus.
1041 1066 1334 1132 Caeterum,
1351 1069 1470 1122 Non
1490 1084 1609 1122 cum
1630 1069 1878 1129 tumultu,
1909 1068 1991 1122 in-

413 1155 554 1224 quit,
607 1155 807 1208 exituri
879 1155 1027 1210 estis.
1103 1154 1224 1210 Non
1279 1158 1424 1211 enim
1513 1156 1991 1226 tanquamfugere

413 1241 588 1298 coacti
621 1243 676 1296 in
707 1242 850 1296 viam
883 1245 1125 1314 gentium
1152 1243 1408 1300 abierunt
1422 1245 1468 1275 “
1501 1242 1834 1313 (quanquam
1859 1251 1912 1296 et
1937 1241 1990 1296 id

415 1333 567 1404 passi
617 1332 792 1405 sunt),
823 1334 918 1389 sed
953 1335 1244 1405 spontanei
1295 1341 1350 1390 et
1383 1334 1594 1389 alacres
1623 1351 1640 1401 ;
1671 1335 1763 1403 qui
1804 1340 1993 1400 gentes

413 1437 607 1479 omnes
672 1424 727 1477 in
797 1423 918 1493 ejus
967 1424 1193 1480 nomine
1241 1424 1441 1480 docere
1500 1421 1986 1494 jussil'uerant".

413 1513 473 1568 In
526 1528 659 1583 pace
701 1521 884 1568 autem
927 1514 1032 1568 iter
1059 1513 1352 1580 faciebant,
1385 1529 1510 1570 cum
1549 1529 1674 1568 eum
1727 1513 1990 1568 baberent

413 1607 694 1666 comitem,
735 1605 827 1675 qui
861 1621 922 1662 se
955 1619 1078 1660 eum
1110 1606 1220 1662 illis
1243 1605 1486 1660 futurum
1517 1605 1712 1661 diebus
1735 1604 1990 1658 omnibus

415 1695 482 1748 ad
527 1695 712 1750 saeculi
747 1711 919 1766 usque
971 1699 1502 1752 consummationem
1559 1695 1738 1752 fuerat
1771 1697 1987 1766 pollici-

417 1794 504 1840 tus
541 1785 606 1850 “,
631 1787 777 1856 quod
811 1795 959 1843 certe
983 1789 1167 1844 verbis
1195 1788 1337 1855 istis,
1364 1787 1633 1843 Praecedet
1685 1764 1784 1842 vos
1808 1787 1988 1840 Domi—
2023 1764 2064 1818 Β

415 1893 539 1940 nus,
572 1877 677 1932 hoc
706 1879 828 1934 loco
859 1880 1292 1936 demonstratur.
1319 1879 1488 1935 Aiunt
1515 1880 1764 1934 nonnulli
1795 1879 1864 1934 de
1893 1893 1993 1934 sua

309 1977 316 1982 ‘
416 1970 692 2040 cujusque
719 1971 916 2025 animae
937 1973 1114 2027 salute
1141 1971 1412 2034 curanda,
1439 1973 1613 2041 deque
1643 1969 1804 2042 595
1825 1971 1994 2025 Chal-

417 2061 660 2114 daeorum
693 2059 939 2114 moribus
969 2060 1146 2130 prius,
1185 2075 1350 2131 quam
1388 2060 1456 2115 de
1497 2061 1638 2116 locis
1676 2059 1994 2126 relinquen-

416 2151 503 2205 dis
551 2151 868 2220 praecipere,
900 2151 1048 2220 quod
1082 2159 1234 2206 certe
1271 2159 1326 2206 et
1361 2149 1568 2206 Levitis
1613 2149 1769 2220 ipsis,
1792 2148 1994 2218 quibus

417 2255 577 2300 saera
614 2249 831 2311 gestare
891 2241 1184 2306 Incumbit,
1220 2241 1600 2296 denuntiatur.
1625 2239 1722 2296 Est
1757 2254 1889 2295 vero
1926 2237 1996 2294 de

418 2334 644 2396 futuris.
695 2341 958 2403 tanquam
1005 2332 1120 2401 jam
1167 2333 1472 2398 evenerint,
1507 2330 1805 2402 Scriptura
1845 2329 1993 2400 loqui

418 2424 706 2479 usitatum.
738 2421 829 2476 Sic
852 2431 904 2476 et
936 2419 1104 2476 David
1137 2421 1609 2492 ipse,priusquam
1636 2421 1910 2474 civitatem
1939 2429 1995 2474 et

417 2515 678 2584 templum
713 2513 832 2583 capi
860 2513 1236 2584 contingeret,
1263 2514 1497 2568 canebat
1539 2530 1552 2568 :
1583 2531 1602 2565 ι
1633 2511 1796 2576 Deus,
1829 2526 1994 2566 vene-

415 2612 548 2661 runt
567 2613 760 2675 gentes
796 2605 848 2658 in
875 2604 1250 2660 haereditatem
1281 2612 1432 2659 tuam
1455 2605 1524 2666 ⁸³,
1551 2623 1575 2656 ι
1601 2611 1657 2658 et
1681 2617 1805 2672 qua:
1837 2599 1994 2656 deiu-

416 2713 570 2769 ceps.
599 2695 744 2752 Fore
778 2703 960 2751 autem
989 2710 1179 2752 eorum
1205 2710 1328 2750 cum
1361 2709 1497 2766 pace
1545 2694 1784 2748 reditum
1821 2693 1993 2762 signi-

417 2791 622 2854 ﬁcavit,
649 2804 758 2858 quo
783 2787 1002 2842 tandem
1040 2797 1096 2842 et
1127 2787 1232 2858 ipsi
1260 2787 1315 2841 in
1348 2787 1462 2840 otio
1489 2793 1545 2842 et
1575 2782 1994 2854 tranquillitate,

417 2884 631 2956 adjecto
663 2899 759 2954 per
803 2882 1004 2953 Cyrum
1048 2883 1325 2953 praesidio,
1357 2881 1577 2952 Deoque
1629 2881 1753 2951 ipso
1813 2878 1994 2949 opitu-

415 2976 586 3038 lante,
628 2983 682 3028 et
722 2974 780 3028 in
816 2972 1094 3044 propriam
1122 2973 1400 3028 civitatem
1449 2971 1611 3028 simul
1665 2969 1994 3035 deducente,

418 3067 574 3138 potiti
607 3073 752 3122 sunt.
1193 3097 1196 3099 λ

489 3157 653 3229 596
689 3157 850 3214 Vens.
889 3157 1074 3213 15-15.
1108 3156 1243 3212 Ecce
1272 3157 1528 3228 intelliget
1562 3171 1690 3222 puer
1731 3172 1898 3220 meus,
1945 3165 1995 3208 et
2024 3138 2070 3199 ο

417 3251 762 3315 multabitur,
789 3260 837 3304 et
882 3249 1269 3319 glori/imbitur
1301 3247 1468 3304 valde.
1533 3246 1684 3302 Sicut
1723 3247 2000 3315 stupebant

419 3355 576 3408 super
601 3349 651 3394 te
687 3339 878 3403 multi,
910 3340 986 3393 sie
1011 3339 1064 3392 in
1089 3338 1264 3408 gloria
1290 3339 1390 3391 erit
1437 3337 1505 3390 ab
1535 3337 1830 3418 hominibus
1881 3351 2000 3405 spe-

419 3433 524 3485 cies
543 3439 655 3496 tua,
683 3438 733 3484 et
757 3429 930 3497 gloria
961 3439 1050 3482 tua
1074 3445 1106 3482 α
1133 3428 1265 3498 ﬁliis
1285 3427 1574 3495 hominum,
1600 3439 1710 3484 etc.

487 3646 652 3720 597
669 3645 825 3714 Quod
843 3645 953 3714 hic,
974 3625 1240 3717 Intelliget
1259 3659 1388 3716 puer
1411 3661 1575 3712 meus,
1595 3643 1842 3710 habetur,
1866 3645 2006 3698 Eru-

424 3739 602 3796 dietur
631 3755 810 3795 servus
831 3755 999 3806 meus,
1027 3737 1250 3808 Aquilus
1274 3744 1326 3792 et
1349 3735 1712 3807 Symmachus
1736 3735 2005 3804 interpre-

429 3843 636 3890 tantur.
671 3834 746 3888 De
766 3834 1000 3903 hocque,
1023 3831 1140 3887 sive
1173 3844 1396 3899 puerum
1454 3843 1606 3892 eum,
1637 3829 1752 3883 sive
1795 3841 2003 3881 servum

428 3926 701 3988 nomines,
729 3923 984 3994 superius
1033 3922 1166 3976 illud
1195 3918 1318 3985 fuit,
1377 3918 1522 3990 quod
1555 3935 1568 3971 :
1607 3935 1627 3970 ι
1667 3918 1812 3972 Ecce
1867 3930 2005 3986 puer

329 4030 332 4034 '
428 4034 604 4083 meus,
635 4015 1040 4088 apprehendam
1076 4029 1200 4070 eum
1231 4013 1298 4078 ⁸⁸,
1338 4031 1358 4065 ι
1385 4012 1593 4068 dictum
1619 4017 1722 4066 est.
1748 4007 1815 4064 Et
1843 4009 2007 4078 paulo

427 4120 550 4183 post
583 4129 598 4167 :
635 4129 654 4164 ι
679 4109 748 4164 Ει
775 4109 830 4164 in
861 4107 1082 4162 nomine
1124 4106 1244 4175 ejus
1306 4110 1496 4176 gentes
1547 4099 1849 4172 sperabunt
1879 4099 1948 4152 ⁸⁷.
1982 4118 2001 4149 ν

431 4204 491 4258 Et
517 4217 738 4258 rursum
771 4219 785 4256 :
811 4219 830 4252 ι
857 4200 922 4254 Et
954 4197 1080 4253 dedi
1105 4205 1158 4252 te
1179 4197 1234 4251 in
1259 4201 1644 4250 testamentum
1676 4190 1916 4263 generis,
1952 4189 2006 4244 in

433 4299 607 4352 lucem
638 4293 882 4365 gentium
899 4291 964 4344 ⁸⁸.
1001 4310 1022 4344 ι
1054 4287 1120 4346 Ει
1149 4301 1374 4359 postea:
1406 4309 1424 4342 ι
1451 4287 1636 4343 Estote
1659 4285 1790 4341 mihi
1817 4293 2006 4350 testes,

429 4397 482 4440 et
507 4397 610 4454 ego
641 4383 820 4447 testis,
843 4381 980 4438 dicit
1011 4379 1295 4444 Dominus,
1313 4387 1366 4434 et
1393 4391 1528 4448 puer
1556 4392 1718 4446 quem
1745 4376 1882 4446 elegi
1905 4376 2000 4427 θ’.»

2093 523 2289 591 Σκεύη
2337 523 2394 577 δὲ
2423 521 2605 594 ἔχουσι
2639 523 2762 578 καθ’
2817 525 3004 596 ἕτερον
3045 527 3268 598 τρόπον,
3338 527 3539 593 οἵτινες
3568 529 3688 599 τῆς

2089 613 2240 676 θείας
2263 613 2428 667 αὐτοῦ
2467 613 2680 684 φύσεως
2705 618 2954 670 κοινωνοὶ
3008 617 3314 686 γεγονότες,
3363 617 3460 672 τοῦ
3519 619 3686 673 Beia»

2089 703 2406 774 Πνεύματος
2452 703 2523 757 τὰ
2588 703 2906 776 χαρίσματα
2973 709 3364 780 σκευοφορῶσι
3418 709 3683 782 Χριστῷ,

2091 793 2293 866 Παύλῳ
2313 795 2628 864 πειθόμενοι
2658 784 2872 862 λέγοντι
2908 813 2924 830 ο
2980 797 3308 853 Ἐνδύσασθε
3367 799 3471 869 τὴν
3522 818 3687 855 παν-

2088 884 2281 938 οπλίαν
2300 885 2394 938 τοῦ
2423 881 2580 938 Θεοῦ.
2615 884 2764 956 Αὕτη
2783 886 2840 940 δέ
2878 887 3025 940 ἐστιν
3055 889 3084 940 ὁ
3109 885 3290 958 θώραξ
3327 888 3424 956 τῆς
3460 889 3687 943 δικαιο-

2091 977 2334 1051 σύνης,ή
2368 978 2775 1050 περικεφαλαία
2798 978 2893 1032 τοῦ
2943 979 3235 1049 σωτηρίου,
3263 980 3292 1032 6
3329 977 3521 1050 θυρεὸς
3567 979 3685 1050 τῆς

2091 1069 2348 1136 πίστεως,
2375 1071 2408 1139 ἡ
2442 1071 2687 1140 μάχαιρα
2735 1069 2832 1123 τοῦ
2888 1068 3229 1138 Πνεύματος,
3282 1069 3312 1122 ὃ
3359 1070 3477 1121 ἐστι
3511 1069 3686 1142 ῥῆμα.

2090 1159 2246 1222 Θεοῦ,
2273 1159 2341 1213 δι’
2371 1152 2446 1214 ὧν
2474 1160 2687 1214 ἑαυτῶν
2717 1177 2780 1214 τε
2836 1162 3261 1233 προασπίζουσι,
3303 1161 3394 1212 καὶ
3424 1160 3534 1214 τῶν
3563 1159 3688 1212 ὑπὸ

2091 1253 2249 1322 χεῖρα
2269 1250 2435 1305 λαῶν.
2465 1253 2612 1323 Πλὴν
2636 1254 2710 1306 οὺ
2737 1251 2890 1322 μετὰ
2931 1250 3201 1322 ταραχῆς
3257 1251 3689 1315 ἐξελεύσεσθε

2090 1342 2272 1410 φησίν.
2307 1342 2382 1396 Ού
2405 1343 2513 1414 γὰρ
2541 1343 2618 1406 ὡς
2646 1343 3004 1414 ἐλαυνόμενοι
3057 1343 3376 1412 προῆλθον
3433 1343 3518 1406 εἰς
3567 1341 3687 1410 τὴν

2089 1434 2334 1504 περίοδον
2394 1433 2502 1488 τῶν
2579 1433 2770 1502 ἐθνῶν,
2831 1435 2926 1506 ἢο
2983 1436 3081 1490 καὶ
3133 1433 3298 1488 τοῦτο
3337 1433 3682 1497 πεπόνθασι,

2091 1525 2490 1598 προαιρέσειδὲ
2525 1527 2624 1580 καὶ
2650 1525 2932 1598 προθυμίᾳ
2979 1525 3321 1597 μαθητεῦσαι
3368 1525 3552 1578 πάντα
3579 1540 3686 1577 κε-

2089 1617 2410 1680 λευσθέντες
2432 1615 2503 1670 τὰ
2531 1616 2661 1687 ἔθνη
2683 1619 2742 1671 ἐν
2768 1617 2845 1688 τῷ
2877 1617 3102 1687 ὀνόματι
3125 1615 3312 1672 αὐτοῦ.
3345 1617 3452 1670 Σὺν
3471 1617 3685 1686 είρήνῃ

2090 1711 2146 1764 δὲ
2170 1709 2268 1779 τὴν
2305 1709 2530 1779 πορείαν
2557 1707 2838 1763 ἐποιοῦντο
2862 1709 3076 1779 ἔχοντες
3133 1709 3362 1762 συνόντα
3399 1707 3492 1760 τὸν
3514 1708 3684 1776 (191;-

2097 1800 2230 1855 κότα
2250 1800 2463 1864 αὐτοῖς’
2489 1819 2509 1852 ι
2529 1800 2662 1856 Ἰδοὺ
2692 1797 2804 1867 ἐγὼ
2850 1799 2968 1870 μεθ’
2998 1797 3151 1868 ὑμῶν
3193 1799 3312 1869 ειμι
3337 1797 3516 1859 πάσας
3572 1796 3688 1859 τὰς

2097 1895 2330 1968 ἡμέρας,
2355 1893 2460 1957 ἕως
2490 1893 2590 1964 τῆς
2623 1891 2932 1954 συντελείας
2960 1889 3054 1944 τοῦ
3081 1889 3332 1954 αίῶνος.ι
3367 1886 3524 1958 Ὀδὴ
3579 1888 3687 1942 καὶ

2093 1987 2189 2040 νῦν
2220 1985 2371 2057 δηλοῖ
2397 1985 2480 2052 τὸ,
2507 1983 2991 2052 Προπορεύσεται
3037 1980 3153 2050 πρὸ
3198 1979 3370 2050 ὑμῶν
3427 1980 3684 2047 Κύριος.

2016 2126 2026 2135 .
2093 2077 2248 2142 Τινὲς
2265 2077 2322 2130 δέ
2345 2091 2528 2144 φασιν,
2559 2075 2636 2138 ὡς
2660 2073 2761 2143 τῆς
2791 2072 2928 2136 ιδίας
2983 2069 3371 2142 ἐπιμελεῖσθαι
3395 2071 3685 2142 προστάτ-

2091 2187 2174 2223 τει
2206 2167 2406 2239 ψυχῆς.
2431 2166 2526 2220 καὶ
2565 2164 2670 2233 πρὸ
2698 2163 2808 2217 τῶν
2835 2164 3018 2217 τόπων
3051 2162 3358 2232 ἀποστῆναι
3386 2161 3496 2214 τῶν
3517 2159 3686 2232 ἠθῶν

2092 2263 2200 2316 τῶν
2229 2257 2566 2320 Χαλδαϊκῶν,
2599 2256 2628 2310 ὃ
2659 2255 2726 2326 δὴ
2747 2254 2842 2310 καὶ
2864 2257 2975 2318 τοῖς
2993 2253 3253 2317 Αευῖταις
3287 2253 3683 2324 rapa-{fuitat

2091 2356 2203 2418 τοῖς
2229 2353 2298 2407 τὰ
2333 2351 2465 2421 ἅγια
2505 2347 2957 2420 μετακομίζουσι.
2989 2344 3126 2418 Περὶ.
3165 2345 3226 2400 δὲ
3282 2345 3395 2398 τῶν
3445 2344 3686 2412 μελλόν-

2093 2463 2202 2501 των
2231 2445 2304 2509 ὠς
2329 2443 2428 2515 ήδη
2457 2441 2758 2511 γεγονότων
2795 2438 3042 2510 συνήθως
3073 2438 3240 2507 φησὶν
3267 2438 3302 2508 ὴ
3319 2435 3514 2507 Γραφή
3553 2449 3570 2465 ·
3597 2435 3685 2498 ὡς

2095 2538 2188 2592 καὶ
2246 2534 2410 2590 Δασὶδ
2467 2534 2598 2606 πρὶν
2651 2531 2750 2602 τὴν
2799 2531 2954 2584 πόλιν
3021 2529 3226 2584 ἁλῶναι
3271 2529 3367 2582 καὶ
3415 2527 3512 2582 τδν
3535 2525 3684 2581 νεὼν

2095 2628 2332 2700 ἔφασκεν
2353 2641 2370 2655 ⁶
2403 2644 2422 2678 ι
2467 2625 2526 2678 '0
2562 2623 2715 2688 Θεὸς,
2743 2621 2978 2692 ήλθοσαν
3010 2619 3140 2689 ἔθνη
3168 2621 3248 2683 εἰς
3281 2619 3381 2688 τὴν
3410 2619 3683 2688 κληρονυ.

2098 2722 2224 2793 μεαν
2248 2735 2364 2782 σου,
2407 2736 2428 2769 ι
2473 2717 2568 2770 καὶ
2627 2714 2698 2767 τὰ
2716 2711 2864 2782 ἑξῆς.
2904 2712 3020 2782 Τὴν
3069 2711 3128 2764 δὲ
3170 2709 3434 2763 ἐπάνοδον
3489 2708 3684 2762 αὐτῶν

2095 2811 2312 2866 ἔσεσθαι
2364 2807 2482 2880 μετ’
2526 2806 2747 2877 εἰρήνης
2775 2803 2946 2872 δηλοῖ,
2993 2801 3064 2874 ἡν
3115 2799 3235 2870 μεθ’
3290 2797 3534 2870 ἠρεμίας
3581 2799 3686 2852 καὶ

2097 2904 2292 2976 σχολῆς
2347 2897 2804 2972 δορυφορούμενοι
2855 2893 2997 2976 κατὰ
3023 2893 3085 2946 τδ
3117 2889 3451 2962 πρόσταγμα
3484 2887 3683 2960 Κύρου

2096 2973 2444 3064 πεποίηνται,
2504 2985 2924 3060 συμμαχοῦντος
2959 2973 3158 3046 ἀὐτοῖς
3207 2980 3304 3054 τοῦ
3374 2979 3538 3044 Θεοῦ,
3579 2979 3688 3034 καὶ

2098 3087 2234 3158 πρὸς
2266 3084 2363 3155 τὴν
2401 3083 2536 3136 ἰδίαν
2558 3081 2878 3148 συνάγοντος
2901 3078 3076 3132 πόλιν.

2173 3195 2226 3248 ιγ
2245 3175 2357 3231 -ιε’.
2388 3173 2536 3230 Ἰδοὺ
2558 3173 2816 3239 συνήσει
2850 3175 2882 3226 ὀ
2907 3169 3048 3236 παῖς
3066 3185 3205 3238 μου,
3235 3165 3335 3222 καὶ
3356 3165 3690 3236 ὑψωθήσε-

2099 3287 2214 3335 ται,
2259 3267 2360 3322 και
2419 3263 2884 3332 δοξασθήσεται,
2963 3257 3222 3330 σφόδρα.
3283 3260 3395 3310 Ὃν
3455 3257 3687 3324 τρόπον

2099 3359 2503 3427 ἐκστήσονται
2533 3357 2631 3411 ἐπὶ
2655 3357 2730 3410 σὲ
2758 3353 2996 3418 πολλοὶ,
3041 3351 3192 3408 οὕτω
3220 3347 3513 3417 ἀδοξήσει
3561 3347 3688 3402 ἀπὸ

2102 3453 2222 3509 τῶν
2264 3451 2591 3520 ἀνθρώπων
2637 3449 2704 3504 τὸ
2725 3444 2888 3514 εῒδός
2934 3459 3077 3500 σου.
3141 3444 3249 3498 Kal
3284 3443 3324 3511 ἠ
3380 3439 3536 3504 δόξα
3561 3454 3687 3494 σου

2101 3546 2222 3602 ἀπὸ
2256 3541 2406 3599 υἱῶν
2435 3541 2784 3612 ἀνθρώπων,
2820 3556 2875 3593 κ.
2909 3554 2962 3592 τ.
2993 3535 3046 3591 λ.

2185 3637 2332 3692 Ἀντὶ
2359 3633 2453 3690 τοῦ
2487 3635 2749 3700 συνήσει
2777 3634 2810 3686 ὀ
2854 3627 2998 3696 παῖς
3043 3644 3186 3698 μου,
3230 3623 3466 3686 Ἀκύλας
3497 3619 3690 3684 ἐξέδω-

2103 3715 2239 3786 κενδ
2283 3721 2971 3796 Ἑπιστημονισθήσεται
3047 3716 3269 3784 δοῦλός
3301 3732 3444 3786 μου,
3487 3712 3602 3767 Καὶ
3649 3713 3684 3766 ὁ

2103 3821 2402 3892 Σύμμαχος
2435 3835 2448 3852 ο
2483 3816 2710 3882 Δυῦλός
2736 3833 2876 3886 μου.
2911 3813 3049 3883 Περὶ
3075 3809 3267 3866 τούτου
3302 3809 3360 3864 δὲ
3393 3807 3500 3864 τοῦ
3547 3821 3686 3862 παι-

2103 3915 2210 3980 δὸς
2245 3909 2280 3981 ἢ
2313 3910 2540 3966 δούλου
2560 3908 2655 3964 καὶ
2703 3907 2968 3978 πρότερον
2992 3905 3178 3974 ἔλεγεν
3211 3919 3232 3935 σ
3259 3921 3280 3956 ι
3322 3902 3456 3956 Ἰδοὺ
3485 3899 3516 3952 ό
3557 3902 3687 3963 παῖς

2109 4019 2238 4075 μου,
2267 3999 2636 4071 ἀντιλήψομαι
2655 3997 2844 4052 αὑτοῦ.
2877 4015 2896 4050 ι
2929 3993 3042 4049 Καὶ
3098 3993 3216 4066 μετ’
3247 3992 3405 4060 ὀλίγα
3436 4007 3450 4022 ⁸
3488 4007 3507 4041 ι
3577 3989 3689 4043 Καὶ

2105 4096 2164 4148 ἐν
2211 4093 2291 4166 τῷ
2337 4093 2563 4164 ὀνόματι
2602 4089 2766 4145 αὑτοῦ
2823 4087 2952 4160 ἔθνη
3009 4084 3314 4140 ἐλπιοῦσιν.
3351 4103 3369 4136 ι
3403 4077 3501 4146 Οἷς
3523 4081 3689 4135 πάλιν

2109 4187 2357 4258 ἐπιφέρει
2378 4199 2392 4216 ⁸
2433 4203 2452 4237 ι
2489 4183 2600 4237 Καὶ
2635 4181 2812 4236 ἔδωκᾶ
2843 4199 2904 4234 σε
2935 4183 3016 4244 είς
3045 4179 3309 4249 διαθήκην
3362 4176 3580 4244 γένους,
3611 4177 3692 4238 είς

2108 4277 2223 4348 φῶς
2284 4273 2474 4330 ἐθνῶν.
2515 4292 2536 4324 ι
2601 4271 2712 4326 Καὶ
2755 4271 2961 4342 προῖὼν
3013 4267 3195 4332 αὖθις·
3233 4285 3252 4318 ι
3303 4262 3536 4319 Γενεσθέ
3601 4279 3690 4333 μοι

2111 4369 2406 4440 μάρτυρες,
2439 4363 2598 4432 κάγὼ
2631 4363 2864 4434 μάρτυς,
2887 4359 3038 4428 λέγει
3091 4356 3294 4427 Κύριος
3330 4357 3360 4410 ὁ
3386 4353 3541 4418 Θεὸς.
3599 4351 3692 4440 mi

430 4473 773 4529 Conveniunt
815 4480 996 4527 autem
1066 4471 1170 4526 ista
1217 4483 1341 4525 cum
1413 4455 1827 4538 superioribus;
1890 4465 1999 4532 ubi,

2115 4438 2304 4522 δπαῐς
2330 4457 2389 4511 ὃν
2445 4453 2798 4523 ἐξελεξάμην.
2860 4469 2881 4538 3
2932 4449 3016 4502 Τὰ
3061 4447 3387 4518 δὲπαρόντα
3418 4447 3534 4508 τοῖς
3583 4438 3690 4513 πρὸ

437 4586 456 4618 ι
482 4564 620 4632 Quia
685 4579 786 4634 ego
841 4565 978 4633 ipse,
1041 4563 1136 4634 qui
1162 4561 1374 4631 loquor
1405 4560 1596 4616 adsum
1623 4558 1690 4624 ⁷ο,
1729 4577 1748 4611 ι
1784 4566 1838 4614 et
1887 4573 2010 4627 qua:

433 4657 714 4727 deinceps,
740 4655 957 4710 dicebat
995 4675 1010 4711 :
1044 4655 1100 4709 in
1139 4653 1358 4725 quibus,
1398 4651 1490 4708 ubi
1518 4651 1600 4706 de-
1621 4666 1722 4706 suo
1747 4649 2008 4713 adventu,

433 4751 610 4820 deque
657 4747 875 4802 oculata
908 4744 1366 4816 evangelislarum
1407 4743 1514 4798 [ide
1537 4739 1838 4812 disputavit
1863 4756 1878 4806 ;
1902 4754 2013 4810 quo

435 4840 724 4912 paetojam
757 4839 831 4895 sit
860 4837 1183 4894 mortalibus
1233 4835 1610 4906 appariturus.
1664 4831 1756 4900 qui
1791 4848 1872 4897 se,
1916 4831 2012 4902 qui

439 4932 702 5003 loquitur.
735 4930 928 4985 adesse
963 4925 1317 4998 signiﬁcavit,
1349 4923 1608 4980 ostendit.
1644 4922 1854 4976 Dicitur
1885 4937 2014 4978 vero

437 5025 738 5079 secundum
759 5022 1150 5076 humanitatem
1176 5033 1298 5074 esse
1323 5032 1518 5079 servus,
1541 5021 1738 5070 natura
1766 5011 2012 5083 alioquin

437 5115 608 5184 ﬁlius,
636 5123 690 5168 et
723 5128 818 5184 per
849 5112 1305 5168 resurrectionem
1327 5107 1620 5178 gloriﬁcari
1645 5149 1659 5172 ,
1693 5120 1896 5176 perque
1925 5120 2014 5161 as-

439 5207 806 5276 sumptionem
847 5205 1062 5260 elevari.
1115 5201 1218 5270 Qui
1257 5201 1419 5274 euim_
1467 5208 1592 5254 ante
1641 5197 2013 5268 plausibiliora

437 5297 674 5364 dixerat,
703 5295 920 5352 eisdem
945 5311 1064 5365 qua
1097 5301 1226 5350 sunt
1269 5291 1336 5347 de
1366 5299 1541 5345 morte
1570 5288 1870 5355 toleranda,
1919 5288 2016 5343 ad-

445 5389 640 5459 iungit,
670 5396 726 5444 et
763 5387 1125 5458 intelligendi,
1155 5386 1270 5442 sive
1289 5379 1567 5437 erudiendi
1615 5379 1842 5435 verbum
1887 5392 2014 5432 cum

2117 4550 2348 4623 βραχέος
2395 4542 2686 4606 ἀκόλουθα,
2732 4545 2791 4597 ὲν
2828 4535 2910 4606 οἷς
2942 4539 3150 4609 ἔλεγεν,
3180 4557 3200 4590 ι
3237 4539 3360 4592 Ὀτι
3417 4533 3529 4604 ἐγὼ
3574 4534 3688 4623 εἶμι

2314 4641 2342 4692 ὁ
2370 4636 2547 4690 λαλῶν
2571 4633 2827 4706 πάρειμι,
2874 4649 2894 4684 ι
2939 4630 3034 4686 καὶ
3085 4629 3156 4684 τὰ
3201 4625 3422 4698 ἐφεξῆς.
3465 4625 3559 4678 Ἐν
3606 4618 3688 4686 οἷς

2117 4733 2246 4806 περὶ
2275 4733 2376 4803 τῆς
2398 4725 2694 4800 ιπιδημίας
2745 4723 2934 4790 αὐτοῦ,
2975 4721 3070 4778 καὶ
3106 4721 3207 4793 τῆς
3266 4719 3377 4772 τῶν
3405 4714 3691 4786 εὐαγγελι-

2119 4823 2258 4879 στῶν
2282 4819 2541 4890 αὑτοψίας
2571 4815 2763 4884 εἰπὼν,
2810 4815 2906 4870 νῦν
2939 4813 3088 4876 ὅπως
3119 4813 3182 4866 ὲν
3232 4809 3542 4880 ἀνθρώποις
3589 4822 3693 4874 φα-

2116 4915 2339 4986 νήσεται
2357 4910 2626 4966 δείκνυσιν
2653 4910 2681 4962 ό
2710 4903 2904 4961 εἰπών’
2932 4903 3106 4966 Αὐτὸς
3126 4905 3155 4955 ὁ
3177 4900 3356 4956 λαλῶν
3378 4900 3608 4970 πάρειμι
3635 4905 3682 4949 Ρ.

2119 5005 2193 5060 Τδ
2247 5001 2588 5072 ἀνθρώπινον
2638 4997 2850 5070 εἴρηται
2877 4995 3101 5062 δοῦλος
3124 4996 3153 5048 ὁ
3188 4993 3330 5046 κατὰ
3357 4991 3518 5061 φύσιν
3539 4988 3688 5052 υἱὸς,

2119 5093 2476 5160 δοξάζεσθαι
2527 5107 2586 5144 τε
2621 5090 2710 5144 διὰ
2761 5088 2864 5158 τῆς
2890 5087 3256 5148 ἀναστάσεως,
3283 5079 3596 5152 ὐφοῦσθαί
3630 5095 3690 5131 τε

2119 5189 2209 5244 διὰ
2235 5189 2330 5258 τῆς
2351 5183 2691 5255 ἀναλήψεως.
2714 5181 2798 5234 Τὰ
2821 5179 2932 5252 γὰρ
2981 5175 3338 5247 εὐφημότερα
3393 5169 3696 5246 προειπὼν,

2121 5279 2193 5333 τὰ
2240 5279 2370 5350 περὶ
2425 5275 2516 5330 τοῦ
2587 5273 2796 5335 πάθους
2849 5271 3038 5333 αὐτοῖς
3095 5268 3441 5338 ἐπενήνοχεν.
3499 5259 3609 5314 Καὶ
3631 5259 3694 5312 τὸ

2121 5371 2382 5438 omnium
2403 5368 2482 5434 δὲ,
2515 5368 2682 5438 ¹ίιγουν
2725 5359 3400 5436 ἐπιστημονισθήσεται,
3431 5354 3544 5418 τοῖς
3597 5353 3696 5404 ἀν-

514 5495 560 5530 ⁶¹
589 5498 784 5567 Εριιρε.
809 5513 885 5558 vt,
911 5497 1099 5551 H46.
1173 5492 1434 5567 "Matth.
1482 5508 1537 5556 ι,
1569 5491 1621 5545 5.
1678 5490 1742 5567 _“
1773 5489 1966 5567 Matth.
2014 5501 2207 5567 “vnit,
2233 5481 2325 5538 20.
2357 5481 2404 5515 “
2438 5481 2569 5537 ibid.
2647 5479 2690 5512 ⁸⁸
2711 5474 2860 5534 Psel:
2891 5489 3117 5542 uxvnt,
3149 5473 3202 5530 Ι.
3286 5469 3460 5526 “lsa.
3486 5480 3610 5531 xw,
3639 5463 3692 5517 Ι.

442 5557 749 5622 "ibid-12.
819 5557 1001 5622 "Visa.
1032 5582 1176 5633 ιιικ,
1209 5565 1260 5620 8.
1336 5564 1380 5595 ⁶⁹
1417 5563 1518 5617 lsa.
1551 5577 1634 5628 LV,
1665 5561 1716 5618 4.
1793 5560 1839 5593 ⁷⁸
1865 5557 1969 5614 lsa.
2005 5573 2100 5622 LII,
2135 5559 2187 5610 θ.

1730 5649 1966 5709 VAle
2005 5643 2410 5706 LECTIONES.

528 5766 550 5790 ο
578 5769 666 5820 γρ.
711 5751 776 5805 εἰ.
853 5761 880 5801 ι’
909 5749 994 5802 ἵσ.
1027 5749 1168 5802 κατᾶ
1203 5748 1281 5802 δέ.
