3954 6308
286 351 429 417 2517

1422 364 1956 428 COMMENTARII
1997 368 2078 429 IN
2114 369 2395 429 ISAIAM.

3399 336 3563 434 25181

285 468 588 534 θρωπίνοις
614 464 836 538 μέτροις
870 467 1153 539 ἁρμόττει.
1204 471 1514 526 ’.ἀναλαϐὼν
1546 474 1655 544 γὰρ
1684 475 1868 530 δούλου

1980 475 2339 531 humanitatis
2362 475 2573 533 ratione
2614 477 2854 547 copulat.
2890 475 3024 532 Nam
3058 492 3182 533 cum
3237 477 3378 534 servi
3415 491 3538 547 per-

289 559 528 630 μορφήν,
581 559 648 612 δι’
712 560 779 629 ἢν
813 560 908 613 καὶ
933 561 1149 628 λέγεται
1201 564 1446 631 δοῦλος,
1475 569 1659 637 πάσης
1689 570 1862 638 αὐτὴν

288 650 485 716 σοφίας
520 650 859 720 ἐπλήρωσεν.
893 652 1016 716 Πῶς
1047 656 1156 724 γὰρ
1193 655 1293 708 οὐκ
1333 656 1568 726 ἤμελλεν
1618 659 1869 712 αύτοεπι-

289 741 478 810 στήμη
502 742 598 795 καὶ
629 738 787 811 λόγος
817 743 1102 815 ὑπάρχων,
1141 748 1235 800 καὶ
1267 742 1335 818 ἦς
1359 747 1620 815 ἀνείληφε
1666 748 1869 819 σαρκὸς

285 830 357 883 δι’
386 832 563 902 ἀκραν
594 833 791 887 ἕνωσιν
821 836 1085 906 ὑπάρχων
1117 836 1418 906 ἀχώριστος
1444 838 1661 903 ;,οὐδὲν
1684 839 1777 893 οὖν
1809 842 1869 894 ἐν

286 924 405 985 τοῖς
429 923 567 995 ὑπὲρ
588 924 740 993 ήμῶν
767 928 1049 994 γεγονόσιν
1085 929 1363 983 ἀσύνετον.
1428 930 1587 984 Κατά
1612 929 1723 1000 γὰρ
1776 931 1869 984 τὸν

290 1012 476 1078 Δασὶδ,
500 1033 518 1065 ι
559 1015 744 1071 Πάντα
776 1017 834 1069 ὲν
868 1018 1031 1087 σοφίᾳ
1052 1018 1359 1089 ἐποίησεν.»
1399 1019 1511 1082 Διὸ,
1541 1021 1671 1089 φασί
1702 1038 1867 1085 τινες,

291 1101 555 1169 ὑψοῦται
579 1105 709 1174 παρ’
765 1106 921 1176 ήμῶν
950 1107 1024 1170 ὡς
1051 1107 1206 1170 Θεὸς,
1238 1110 1334 1162 καὶ
1391 1109 1729 1174 δοξάζεται.
1770 1114 1871 1165 Ut.-

293 1193 575 1259 στεύοντες
631 1195 738 1267 γὰρ
787 1198 868 1260 είς
899 1197 1086 1261 αὑτὸν,
1145 1199 1374 1269 Σωτῆρα
1437 1200 1730 1271 καλοῦμεν,
1775 1201 1870 1254 καὶ

293 1283 619 1356 Λυτρωτὴν,
643 1287 775 1339 Θεόν
797 1304 877 1351 τε,
906 1291 998 1341 καὶ
1028 1289 1255 1359 Κύριον.
1281 1284 1376 1352 Οἷς
1433 1291 1702 1359 ὲπιλέγει’
1761 1293 1871 1344 Ὃν

291 1374 517 1440 τρόπον
561 1364 963 1443 ἐκστήσονται
1015 1378 1113 1432 ἐπὶ
1175 1380 1251 1432 σὲ
1300 1381 1542 1435 πολλοί.
1582 1382 1676 1445 Ἦ,
1726 1382 1870 1435 κατὰ

292 1462 649 1532 Θεοδοτίωνα,
680 1466 754 1521 ὃν
783 1469 1008 1536 τρόπον
1033 1468 1404 1540 ἐθαύμασαν.
1425 1472 1602 1541 Μέχρι
1629 1471 1735 1540 γὰρ
1758 1482 1787 1522 τι
1821 1473 1870 1525 oi

294 1548 378 1619 μὴ
410 1554 764 1619 πιστεύοντες
797 1556 860 1610 τὸ
892 1558 1151 1613 ταπεινὸν
1180 1559 1348 1613 αὐτοῦ
1381 1561 1481 1629 τῆς
1530 1561 1610 1623 είς
1655 1559 1869 1631 ἀνθρώ-

294 1655 437 1703 πους
472 1643 703 1713 παρόδου
739 1646 1167 1715 θαυμάζουσιν,
1193 1646 1604 1720 ἀμηχανοῦντες
1630 1650 1743 1713 πῶς
1771 1650 1868 1704 ἀν-

295 1730 516 1799 Θρωπος
544 1736 782 1801 γεγονὼς
808 1739 1033 1809 εὐτελῆς
1056 1756 1116 1793 τε
1148 1741 1244 1794 καὶ
1266 1740 1452 1805 ἄδοξος
1484 1741 1739 1812 (ἐκάλουν
1762 1742 1870 1813 γὰρ

1970 579 2159 621 sonam
2185 567 2455 622 induisset
2484 567 2508 638 (
2537 567 2680 623 unde
2717 575 2773 622 et
2799 578 2976 623 servus
3015 567 3359 638 appellatur),
3391 569 3539 622 omni

1969 670 2088 709 eam
2106 656 2371 726 sapientia
2398 657 2706 726 complevit.
2732 657 2836 723 Qui
2878 657 3025 712 enim
3055 672 3162 711 non
3197 657 3329 710 illud
3361 655 3542 710 enice-

1970 755 2074 808 ret,
2106 747 2199 815 qui
2233 747 2498 815 sapientia
2526 746 2666 817 ipsa,“
2712 747 3048 817 verbumque
3097 745 3335 810 exsistit,
3368 759 3547 816 neque

1970 835 2041 890 ab
2070 850 2132 888 ea
2156 850 2342 903 carne,
2379 850 2540 907 quam
2581 838 2903 905 assmnpsit,
2951 845 3178 907 propter
3205 836 3426 891 unionis
3446 851 3545 890 ex-

1969 929 2495 998 cellentiam,potest
2516 928 2799 999 separari?
2827 927 2922 983 Est
2942 943 3073 998 ergo
3107 930 3163 981 in
3188 927 3256 983 iis
3299 940 3422 996 qua
3451 939 3550 980 no-

1971 1020 2066 1075 stri
2097 1033 2267 1074 causa
2293 1019 2566 1089 praestitit,
2604 1019 2739 1072 nihil
2777 1033 3005 1088 prorsus
3051 1017 3370 1087 ignoranter
3421 1014 3548 1070 eﬂ‘e-

1970 1118 2140 1165 ctum.
2171 1111 2410 1163 Auctore
2438 1111 2583 1163 enim
2615 1108 2849 1170 Davide.
2880 1126 2900 1160 ι
2935 1108 3125 1163 Omnia
3163 1107 3217 1161 in
3277 1106 3547 1177 sapientia

1972 1198 2099 1253 fecit
2123 1199 2203 1265 ";
2233 1216 2252 1248 ι
2285 1206 2343 1250 ot
2372 1198 2444 1252 ob
2475 1197 2550 1260 id,
2582 1197 2738 1251 aiunt
2788 1196 3061 1259 nonnulli,
3089 1197 3362 1250 exaltatur
3389 1210 3420 1249 a
3453 1210 3550 1249 no-

1970 1288 2077 1351 bis,
2126 1296 2387 1358 tanquam
2442 1287 2607 1353 Deus,
2659 1297 2715 1341 et
2761 1269 3112 1356 gloriﬁcatur.
3154 1285 3256 1353 Qui
3288 1286 3432 1339 enim
3492 1286 3548 1337 in

1969 1393 2093 1433 eum
2115 1378 2414 1441 credimus,
2441 1378 2691 1433 eumdem
2741 1376 3078 1433 Salvatorem
3118 1387 3173 1431 et
3222 1375 3551 1443 Redemptu-

1971 1485 2106 1534 rem,
2144 1469 2424 1537 Deumque
2477 1479 2530 1524 et
2578 1467 2868 1523 Dominum
2907 1481 3314 1536 nuncupamus.
3356 1463 3552 1534 Sequi-

1974 1568 2060 1612 tur
2083 1558 2301 1624 deinde,
2349 1557 2500 1613 Sicut
2533 1560 2815 1628 stupebant
2847 1574 3005 1627 super
3039 1566 3088 1612 te
3125 1556 3318 1609 multi:
3356 1556 3465 1618 vel,
3493 1562 3552 1608 ut
3596 1624 3599 1627 Α

1972 1647 2276 1703 Theodotio
2299 1648 2719 1718 interpretatur,
2748 1648 2897 1705 Sicut
2925 1649 3112 1702 mirati
3138 1655 3280 1702 sunt.
3312 1646 3392 1699 Ad
3436 1645 3552 1699 ba:c

1975 1740 2120 1795 enim
2155 1755 2328 1807 usque
2362 1746 2608 1809 tempora
2636 1737 2732 1808 qui
2780 1754 2811 1793 a
2855 1739 2958 1793 tlde
2992 1739 3153 1792 alieni
3189 1744 3339 1798 sunt,
3375 1734 3554 1788 humi-

227 1897 233 1901 ἢ
292 1824 460 1878 αὑτὸν
480 1824 845 1899 Σαμαρείτην,
876 1830 1050 1900 φάγον
1100 1848 1183 1897 τε,
1234 1831 1332 1884 καὶ
1367 1830 1618 1901 μέθυσον,
1666 1834 1760 1884 καὶ
1806 1833 1869 1884 ἐκ

1980 1833 2074 1887 lem
2108 1830 2276 1901 598
2315 1831 2481 1899 hujus
2511 1830 2581 1885 ad
2612 1829 2865 1885 homines
2886 1842 3165 1884 accessum
3196 1826 3550 1887 demirantur,

292 1915 558 1985 πορνείας
623 1923 1007 1990 γεγενημένον,
1057 1923 1153 1976 καὶ
1210 1920 1577 1993 ἁμαρτωλὸν),
1609 1921 1867 1993 ἀνωτέρω

288 2003 405 2059 τῶν
433 2008 690 2080 πολεμεῖν
718 2011 882 2065 αὐτὸν
912 2013 1270 2084 πειρωμένων
1308 2012 1654 2067 καθίσταται.

1973 1924 2139 1978 animi
2164 1922 2500 1994 cogitatione
2531 1921 2920 1992 obstupefacti,
2957 1920 3049 1991 qui
3074 1920 3237 1974 homo
3261 1918 3441 1973 factus
3476 1926 3555 1970 te—

1972 2016 2103 2072 nuis
2134 2022 2189 2071 et
2227 2013 2522 2085 abjectus(
2551 2014 2801 2069 eumdem
2833 2014 2979 2069 enim
3029 2020 3083 2068 et
3116 2011 3550 2068 Samaritanum,

290 2104 351 2149 et
381 2098 622 2161 edacem.
642 2110 698 2155 et
723 2103 1105 2170 temulentum,
1133 2113 1186 2159 et
1212 2103 1482 2160 adulterio
1507 2110 1878 2176 procreatum,
1914 2113 1968 2162 et
2001 2115 2342 2177 peccatorem
2395 2104 2703 2160 vocitabant
2736 2106 2824 2175 τ’)
2893 2104 3004 2160 illis
3055 2105 3215 2174 ipsis,
3283 2116 3314 2156 a
3354 2100 3553 2172 quibus

291 2191 741 2263 impugnabatur,
756 2195 1008 2264 superior
1039 2196 1294 2250 evaserit.

370 2284 433 2336 0!
487 2282 544 2336 δὲ
584 2285 785 2351 πιστοὶ,
820 2287 915 2339 καὶ
945 2286 1013 2340 τά
1056 2288 1224 2355 ἔθνη,
1292 2284 1663 2356 θαυμάζουσι
1697 2303 1867 2360 προσ-

293 2373 589 2438 κυνοῦντες
646 2376 814 2429 αὐτοῦ
838 2378 937 2447 τὴν
958 2376 1215 2447 θεότητα,
1245 2377 1344 2448 τὴν
1372 2378 1684 2449 οἰκονομίαν
1701 2395 1871 2433 κατα-

297 2465 658 2534 πληττόμενοι
687 2483 701 2497 ⁸
733 2469 916 2531 ὁποῖος
941 2463 1010 2538 ἦν
1046 2468 1369 2538 ’Δμϐακοὺμ
1400 2468 1573 2538 λέγων
1593 2485 1609 2501 ο
1632 2487 1651 2520 ι
1678 2468 1870 2538 Κύριε,

294 2555 597 2625 είσακήκοα
625 2556 723 2626 τὴν
756 2558 925 2628 ἀκοήν
960 2575 1076 2623 σου,
1100 2558 1196 2612 καὶ
1220 2556 1521 2629 ἐφοϐήθην.
1553 2558 1873 2627 Κατενόησα

294 2644 371 2697 τὰ
394 2644 528 2714 ἔργα
552 2662 667 2708 σου,
710 2648 804 2700 καὶ
836 2647 1082 2718 ἐξέστην.
1121 2668 1140 2700 ι
1163 2646 1444 2713 ,ϐασιλεῖς
1472 2647 1549 2712 δὲ,
1585 2647 1724 2716 μετά
1772 2646 1873 2708 τὰς

298 2734 422 2788 κατ’
444 2735 607 2789 αὐτοῦ
640 2736 1009 2809 βλασφημίας,
1039 2739 1134 2793 καὶ
1181 2739 1243 2792 τὺ
1301 2737 1489 2804 διῶξαι
1508 2738 1606 2809 τὴν
1652 2738 1873 2808 Ἐκκλη-

300 2825 425 2879 σίαν
459 2825 647 2894 αὑτοῦ,
682 2828 846 2899 μηδὲν
882 2829 1173 2899 όνήσαντες
1198 2829 1538 2899 ἐσιώπησαν,
1562 2831 1660 2899 τῆς
1703 2825 1869 2882 αὐτοῦ

294 2916 650 2982 διδασκαλίας
728 2919 1048 2988 ἡττώμενοι.
1103 2920 1257 2972 Ἐπεὶ
1316 2920 1425 2972 ’καὶ
1479 2918 1628 2973 ἄλλοι
1684 2918 1872 2982 ἄλλαις

296 3007 579 3102 θεηλάτοξς
610 3010 734 3063 ἀντὶ
761 3008 967 3063 τούτων
1003 3009 1296 3079 ἠλαύνοντο
1338 3008 1616 3081 μάστιξιν,
1674 3009 1764 3063 διά
1802 3024 1863 3061 σε

298 3097 405 3169 μὲν
423 3097 639 3167 ἐσίγων.
670 3099 735 3152 0i
759 3099 1167 3170 δὲδιατάγμασι
1207 3099 1305 3164 τὰς
1390 3098 1717 3168 Ἐκκλησίας
1770 3100 1864 3153 ἀν·-

2037 2286 2142 2353 Qui
2209 2292 2393 2340 autem
2449 2282 2608 2338 ﬁdem
2665 2281 2900 2351 amplexi
2953 2288 3101 2344 sunt,
3142 2278 3383 2347 ipsaeque
3422 2274 3556 2329 adeo

1972 2388 2172 2450 gentes,
2210 2378 2282 2433 ita
2309 2391 2437 2434 eum
2471 2377 2824 2437 demirantur,
2858 2381 2916 2427 ut
2948 2372 3070 2442 ejus
3096 2370 3323 2425 adorata
3350 2367 3549 2423 divini-

1970 2476 2080 2524 tate
2101 2469 2165 2523 ad
2201 2466 2523 2523 meonomiae
2549 2464 2955 2520 meditationem
2984 2461 3368 2531 percellantur.
3404 2455 3554 2510 Talis

1982 2558 2089 2614 fuit
2111 2557 2413 2622 Habacum,
2437 2557 2597 2626 cujus
2621 2555 2724 2610 ista
2742 2562 2873 2610 sunt
2896 2570 2941 2607 ιι
2978 2552 3227 2615 Domine,
3250 2547 3428 2603 audivi
3457 2562 3556 2601 au-

1976 2649 2152 2703 ditum
2185 2657 2336 2703 tuum
2377 2655 2430 2702 e‘t
2460 2647 2636 2702 timui.
2678 2644 2924 2715 Cogitavi
2986 2655 3151 2712 opera
3209 2631 3419 2702 tua,'et
3453 2636 3553 2691 ohe

1976 2741 2163 2810 stupui
2194 2740 2263 2794 ".
2305 2757 2326 2792 ›
2362 2737 2527 2809 Reges
2558 2751 2743 2807 porro,
2776 2743 2900 2806 post
2936 2732 3114 2789 editas
3154 2731 3208 2786 in
3258 2743 3381 2785 eum
3441 2727 3558 2780 bla-

1975 2830 2278 2900 sphemiae,
2312 2839 2437 2900 post
2494 2828 2741 2898 ejusdem
2798 2827 3170 2895 impugnalam
3229 2818 3551 2880 Ecclesium,

1977 2936 2100 2979 cum
2126 2920 2264 2976 nihil
2291 2918 2639 2990 proficerent,
2669 2918 2843 2987 ipsius
2878 2915 3131 2970 doctrina
3180 2911 3420 2982 superati
3473 2915 3556 2962 ta-

1973 3020 2395 3068 cuerunt:cum
2465 3009 2639 3081 plagis
2695 3007 2914 3078 quidem
2979 3004 3102 3060 aliis
3132 3001 3226 3057 alii
3291 2998 3554 3056 divinitus

1974 3103 2213 3158 istorum
2248 3101 2471 3156 nomine
2502 3098 2752 3169 impetiti,
2779 3107 3007 3167 propter
3040 3106 3092 3150 te
3116 3097 3435 3148 tacuerunt:
3463 3086 3555 3142 alii

296 3189 539 3261 εγείρειν
558 3189 828 3257 ἐκέλευον,
854 3193 946 3245 καὶ⁵
973 3191 1044 3245 τὰ
1072 3193 1275 3264 συνήθη
1321 3193 1491 3245 ποιεῖν
1530 3191 1589 3245 ὲν
1643 3191 1836 3254 αὐταῖς
1864 3205 1879 3219 ’

1983 3201 2170 3248 autem
2193 3191 2388 3249 edictis
2409 3190 2688 3247 Ecclesias
2742 3188 2997 3252 excitari,
3054 3195 3109 3240 et
3144 3184 3198 3239 in
3231 3184 3314 3239 eis
3354 3181 3557 3236 usitata

293 3280 525 3346 τούτους
559 3281 618 3335 δὲ
647 3284 774 3347 τοὺς
804 3285 1029 3347 πιστοὺς
1078 3284 1174 3338 καὶ
1210 3283 1473 3346 ἀπίστους
1523 3283 1882 3354 ἀντιδιαιρῶν

296 3371 554 3442 ἐπιφέρει
583 3388 598 3403 ο
639 3366 740 3437 Οἷς
769 3374 883 3426 οὐκ
906 3373 1216 3443 ἀνηγγέλη
1248 3374 1383 3441 περὶ
1438 3374 1648 3441 αὐτοῦ,
1694 3374 1881 3442 ὄψον-

295 3479 396 3516 ται
427 3478 440 3493 °
480 3465 593 3527 τοῖς
625 3464 690 3517 ἐκ
714 3468 1014 3536 περιτομῆς
1049 3465 1498 3519 ἀντιδιαστέλλων
1553 3465 1683 3529 τοὺς
1730 3465 1875 3519 ἐθνιο

296 3552 449 3616 κούς.
493 3555 555 3607 Οί
612 3557 711 3624 μὲν
749 3556 858 3628 γὰρ
876 3556 1042 3627 νόμον
1083 3551 1176 3610 κάι
1220 3557 1510 3627 προφήτας
1537 3549 1685 3627 εἶχον
1720 3572 1735 3588 υ
1784 3556 1881 3609 καὶ

295 3651 537 3719 πρώτοις
565 3647 860 3717 ἐκήρυξεν
883 3645 1054 3700 ἐλθὼν
1078 3647 1172 3700 ἐπὶ
1192 3645 1259 3700 ca
1291 3645 1608 3699 ἀπολωλότα
1631 3644 1880 3716 πρόϐατα

309 3738 554 3810 Ἰσραήλ.
588 3740 650 3792 ΟΞ
688 3738 744 3791 δὲ
769 3736 972 3791 τούτων
993 3732 1134 3808 ἦσαν
1168 3736 1413 3806 ἀνήκοοι.
1474 3734 1754 3803 Καὶοόμως
1778 3732 1879 3802 τὴν

296 3827 366 3893 ἕξ
392 3827 555 3884 αὑτοῦ
584 3827 857 3900 σωτηρίαν
880 3827 1183 3892 τεθέανται,
1229 3827 1341 3889 τοῖς
1363 3823 1464 3894 τῆς
1524 3823 1704 3894 ψυχῆς
1782 3822 1879 3891 ὅμ-

292 3933 488 3990 μασιν
516 3918 680 3974 αὑτὸν
707 3917 1056 3988 θεασάμενοι,
1083 3919 1178 3971 καὶ
1230 3914 1329 3987 τὴν
1376 3915 1542 3969 αὑτοῦ
1586 3912 1878 3980 συνέντες

297 4011 668 4074 διδασκαλίαν,
724 4010 803 4072 ὡς
854 4011 1084 4069 ἐκείνοις
1106 4009 1348 4080 ἁρμόσαι
1393 4007 1492 4075 τήν
1539 4005 1875 4077 προφητείαν

298 4106 404 4173 τήν
431 4119 444 4133 ·
473 4122 494 4155 ι
529 4104 689 4170 Ἀκοῇ
742 4100 1028 4163 ἀκούσετε,
1084 4100 1181 4154 καὶ
1212 4099 1273 4153 ού
1318 4098 1394 4168 μὴ
1418 4097 1636 4167 συνῆτε.
1678 4115 1698 4148 ι
1745 4098 1872 4151 Καί’

303 4193 605 4256 Βλέποντες
634 4190 879 4262 βλέψετε,
907 4189 1003 4245 καὶ
1028 4190 1090 4244 οὐ
1128 4190 1204 4261 μὴ
1233 4189 1401 4259 ἴδητε.
1444 4184 1669 4251 Τούτοις
1689 4186 1745 4240 δὲ
1778 4186 1873 4240 τοῦ

300 4285 558 4356 Σωτῆρος
580 4283 670 4337 τὸν
696 4283 853 4351 λόγον
881 4282 1149 4349 εἰπόντος,
1187 4301 1205 4333 ε
1240 4281 1518 4351 Μακάριοι
1539 4280 1590 4332 οἱ
1630 4279 1706 4351 μὴ
1739 4278 1875 4331 ίδόν-

299 4389 397 4437 τες
432 4373 529 4427 καὶ
556 4372 944 4435 πιστεύσαντες
978 4386 994 4403 ο
1034 4390 1054 4425 ι
1108 4371 1238 4443 περὶ
1274 4364 1350 4424 ὧν
1379 4371 1439 4424 τὸ
1491 4368 1776 4437 συνῆκαν
1796 4378 1818 4404 ι’
1846 4369 1876 4421 ό

301 4464 589 4535 προφήτης
617 4461 971 4533 φησίν.⁶Ρίζα
994 4463 1102 4534 γὰρ
1119 4461 1386 4525 συνέσεως
1416 4463 1450 4532 ή
1479 4459 1663 4523 πίστις
1681 4476 1695 4488 ·
1717 4453 1873 4511 cum

1984 3284 2095 3339 iieri
2129 3282 2463 3339 curaverint.
2508 3279 2845 3341 Sed.l|deles
2872 3277 3009 3333 istos
3048 3274 3116 3328 ab
3141 3271 3451 3328 intldelibus
3471 3283 3558 3325 se-

1979 3389 2205 3445 parans,
2235 3372 2386 3428 addit
2418 3390 2433 3426 :
2472 3370 2679 3438 Quibus
2707 3386 2810 3424 non
2857 3379 2935 3424 est
2967 3367 3342 3422 annuntiatum
3374 3359 3439 3416 de
3474 3374 3557 3421 eo.

1977 3456 2355 3533 cidebuntfut
2406 3462 2768 3519 circumcisus
2816 3476 2846 3515 a
2889 3459 3143 3531 gentibus
3179 3454 3557 3524 distingueret.

1979 3559 2300 3617 Habuerunt
2327 3550 2473 3614 enim
2504 3557 2582 3612 illi
2606 3556 2779 3627 legam
2800 3562 2856 3610 et
2887 3553 3188 3624 prophetas
3218 3550 3264 3582 '"*
3293 3567 3308 3612 ;
3340 3547 3560 3616 illisque

1979 3652 2242 3720 primum,
2278 3649 2372 3718 qui
2407 3656 2653 3709 venerat,
2702 3646 2756 3698 in
2789 3645 2974 3699 ouium
3037 3642 3260 3698 lsraelis
3309 3638 3566 3709 gratiam,

1980 3756 2104 3809 qua:
2144 3740 2444 3809 perierant,
2473 3735 2810 3791 annuutiavit
2846 3735 2930 3789 7':
2965 3747 3089 3787 cum
3132 3731 3286 3786 nullo
3324 3728 3416 3784 isti
3458 3729 3560 3782 ho-

1977 3846 2099 3885 rum
2128 3830 2336 3893 audito,
2367 3827 2598 3884 salutem
2631 3834 2813 3880 tamen
2846 3824 2916 3879 ab
2949 3838 3015 3878 eo
3033 3820 3270 3892 pendere
3308 3817 3561 3872 animad-

1978 3919 2261 3977 verterint,
2287 3917 2566 3986 animique
2606 3914 2780 3970 oculis
2824 3915 3003 3983 ipsum
3046 3905 3252 3975 iniuiti,
3310 3906 3559 3977 ejusdem

1976 4009 2282 4065 doctrinam
2315 4008 2390 4063 ita
2409 4007 2806 4068 intellexerunt,
2843 4012 2901 4058 ut
2933 4003 3071 4059 bene
3118 4000 3229 4055 illis
3268 3998 3565 4061 conveniat

1977 4099 2351 4171 propheticum
2383 4098 2560 4153 istud:
2607 4114 2626 4148 ι
2659 4094 2864 4150 Auditu
2892 4092 3157 4156 audietis,
3184 4098 3369 4146 etnon
3399 4086 3562 4142 intel-

1977 4190 2156 4259 ligetis
2190 4188 2286 4242 ⁷⁸.»
2322 4187 2387 4242 Ει
2413 4206 2426 4242 :
2451 4206 2472 4239 ι
2510 4184 2768 4241 Videntes
2800 4182 3097 4251 aspicietis,
3126 4186 3182 4234 et
3213 4193 3320 4232 non
3354 4174 3563 4229 videbi-

1977 4279 2047 4335 tis
2067 4279 2133 4333 ".
2148 4299 2166 4331 ›
2185 4277 2305 4333 Istis
2323 4285 2501 4332 autem
2520 4274 2941 4345 alia;Salvatoris
2962 4287 3063 4326 vox
3082 4268 3344 4324 dicentis:
3369 4285 3388 4318 ι
3416 4260 3567 4320 Beati

1977 4370 2070 4439 qui
2125 4384 2233 4423 non
2266 4367 2517 4423 viderunt
2554 4373 2610 4421 et
2646 4361 3091 4420 crediderunt".
3167 4379 3185 4412 ι
3239 4358 3315 4415 De
3362 4357 3571 4429 quibus

1977 4457 2200 4513 verbum
2236 4453 2773 4521 intellexerunt,quod
2791 4466 2821 4506 a
2840 4452 3098 4522 propheta
3111 4445 3564 4510 additur,intelli-

301 4555 414 4623 γὰρ
441 4553 516 4625 μὴ
553 4553 903 4627 πιστεύσητε,
935 4555 1121 4625 φησὶν,
1170 4553 1278 4607 οὐδ’
1311 4553 1372 4606 οὐ
1402 4552 1477 4623 μὴ
1512 4551 1727 4619 συνῆτε.
1764 4569 1782 4602 ι
1813 4552 1878 4601 Ὅ

1983 4548 2217 4619 gendum
2236 4554 2341 4602 est.
2362 4548 2455 4602 Est
2471 4547 2616 4601 enim
2637 4544 2772 4602 tides
2790 4542 3160 4615 intelligentia:
3179 4540 3329 4595 radix
3352 4557 3368 4607 ;
3388 4538 3515 4610 quia
3533 4561 3563 4603 ·,

302 4644 373 4715 δὴ
393 4646 487 4699 καὶ
512 4645 708 4715 θαῦμα
739 4648 853 4710 τοῖς
893 4646 1200 4718 προφήταις
1230 4647 1477 4716 παρεῖχε.

884 4822 1133 4877 ΚΕΦΑΛ.
1162 4822 1282 4876 NF'.

380 4909 547 4980 αι’-ιβ’.
569 4911 768 4978 Κύριε,
796 4911 889 4976 τίς
913 4911 1240 4965 ἐπίστευσε
1266 4909 1339 4980 τῇ
1366 4907 1521 4977 ἀκοῇ
1553 4906 1744 4977 ἡμῶν,
1780 4906 1882 4961 καὶ

307 5005 628 5073 δβραχίων
651 5005 872 5073 Κυρίου
900 5006 1017 5059 τίνι
1049 5006 1444 5074 ἀπεκαλύφθη
1470 5002 1888 5071 finem-rella-

299 5111 422 5165 μεν
443 5095 525 5160 ὡς
551 5096 792 5150 παιδίον
819 5095 1099 5149 ἐναντίον
1121 5094 1329 5165 αὐτοῦ,
1364 5095 1446 5159 ὡς
1485 5091 1619 5161 ,ῥίζα
1675 5092 1746 5146 ἐν
1804 5090 1882 5161 τῆ

304 5182 549 5252 διψώσῃ
580 5201 594 5214 ο
622 5187 735 5239 οὐκ
769 5183 941 5239 ἔστιν
963 5180 1123 5250 εἶδος
1153 5182 1335 5250 αὐτῷ,
1404 5182 1548 5237 οὐδὲ
1573 5180 1737 5246 δόξα.
1774 5181 1885 5236 Καί

309 5271 553 5342 εἴδομεν
604 5273 813 5338 αὐτὸν,
846 5275 944 5329 καὶ
993 5276 1106 5329 οὐκ
1138 5271 1304 5344 εἶχεν
1335 5270 1515 5338 εἶδος,
1575 5272 1716 5327 οὐδὲ
1748 5270 1889 5325 κάλ-

1993 4654 2011 4688 ι
2050 4635 2163 4692 Nisi
2202 4635 2564 4702 credideritis,
2586 4635 2783 4705 inquit,
2804 4648 2909 4689 non
2936 4632 3248 4703 intelligetis
3277 4631 3376 4686 π.»
3413 4628 3564 4696 Quod

1985 4734 2133 4782 certe
2172 4720 2334 4782 etiam
2374 4725 2654 4796 prophetis
2694 4738 2920 4778 causam
2965 4721 3335 4776 admirationis
3359 4718 3564 4772 attulit.

2603 4812 2755 4868 CAP.
2794 4811 2925 4868 Llll.

2064 4902 2624 4968 Vsus.~l-12.Dominc,
2656 4905 2774 4974 quis
2824 4902 3050 4957 credidit
3095 4900 3304 4956 auditui
3341 4900 3570 4953 nostra?

1992 5006 2043 5052 et
2068 4995 2341 5050 brachium
2377 4993 2614 5058 Domini,
2638 4995 2724 5048 cui
2744 4995 3072 5063 patefactum
3119 5001 3194 5046 est
3221 4993 3245 5047 ἲ
3274 4990 3573 5042 Ammntia-

1990 5103 2105 5141 mus
2136 5087 2290 5155 quasi
2328 5084 2605 5153 parvulum
2639 5085 2692 5138 in
2737 5092 3015 5152 conspectu
3053 5081 3187 5151 ejus,
3244 5079 3380 5134 sicut
3410 5076 3565 5131 radix

1990 5175 2046 5229 in
2079 5185 2223 5229 terra
2262 5173 2491 5227 sitiente.
2517 5171 2638 5226 Non
2670 5183 2747 5226 est
2780 5174 2975 5242 species
3004 5172 3074 5236 ei,
3115 5186 3274 5239 neque
3296 5169 3484 5239 gloria,
3512 5175 3562 5220 et

1993 5269 2220 5323 vidimus
2250 5283 2367 5321 eum
2390 5274 2439 5320 et
2464 5283 2566 5319 non
2595 5264 2819 5320 habebat
2849 5265 3093 5334 speciem,
3119 5278 3278 5332 neque
3306 5260 3569 5322 decorem,

309 5367 442 5428 λος.
484 5365 669 5420 Ἀλλὰ
698 5364 766 5419 τὸ
785 5361 944 5432 εῖδος
966 5366 1153 5421 αὐτοῦ
1183 5366 1416 5434 ἄτιμον,
1463 5363 1561 5418 καὶ
1604 5362 1882 5417 ἐκλεῖπον

1994 5361 2085 5415 sed
2116 5361 2313 5430 species
2364 5359 2480 5427 ejus
2530 5357 2870 5422 inhonorata,
2902 5366 2951 5411 et
2989 5355 3233 5425 deﬁciens
3273 5367 3382 5421 pra:
3440 5349 3571 5420 ﬁliis

311 5454 474 5524 παρὰ
498 5454 728 5521 πάντας
752 5457 896 5522 τοὺς
918 5456 1083 5522 υἱοὺς
1113 5456 1232 5511 τῶν
1278 5455 1621 5524 ἀνθρώπων,
1677 5471 1730 5508 κ.
1759 5471 1789 5507 τ
1835 5454 1884 5506 λ.

387 5565 431 5599 ’ί
467 5565 610 5621 Psal.
637 5581 757 5625 cm.
788 5565 878 5620 ει.
958 5565 1189 5646 "do-an,
1225 5583 1341 5630 vm,
1367 5566 1470 5629 48;
1499 5564 1688 5619 Matth.
1712 5580 1789 5628 xr,
1817 5563 1902 5617 19.
2012 5563 2058 5593 ⁷³
2088 5563 2198 5615 Hah

387 5667 411 5689 ι.
485 5637 531 5668 ⁷⁸
572 5636 676 5689 lsa.
716 5653 786 5689 vr.
824 5641 877 5689 9.
954 5637 999 5668 ⁷⁷
1036 5635 1171 5689 ibid.
1246 5638 1290 5669 ⁷⁸
1322 5636 1483 5689 Joan.
1522 5650 1613 5689 xx.
1639 5634 1727 5689 29.
1823 5635 1868 5666 ⁷⁹
1904 5632 2008 5688 lsa.
2035 5646 2131 5689 vn.
2165 5630 2198 5684 9

1355 5650 1483 5690 Oﬂll.
1522 5650 1613 5696 Χῖ,
1639 5646 1727 5689 '29.
1825 5646 1868 5666 ”
1905 5646 2008 5688 I53.
2035 5646 2131 5693 VII,
2165 5646 2218 5684 ν.

316 5635 411 5689 24.
485 5637 531 5668 ⁷⁸
572 5636 676 5693 lsa.
716 5653 786 5699 vr,
824 5641 877 5689 il.
954 5637 999 5668 ⁷⁷
1036 5635 1171 5691 ibid.

1994 5453 2285 5517 hominum,
2321 5461 2426 5506 etc.

2012 5561 2058 5593 ⁷³
2088 5561 2289 5616 Hahae.
2321 5577 2401 5624 ιιι,
2430 5558 2512 5613 16.
2591 5556 2635 5591 ⁷⁵
2668 5556 2797 5613 Luc.
2832 5573 2943 5625 xvn,
2972 5556 3062 5613 29.
3139 5557 3182 5588 "
3230 5555 3420 5611 ﬂatth.
3480 5571 3568 5619 xv,

677 5758 707 5768 -
1602 5723 1833 5780 VAllle
1866 5721 2162 5777 LECTION
2168 5723 2269 5777 ES.

397 5826 529 5870 ςισ.
571 5820 632 5871 .ι.
660 5816 774 5872 νῦν.
853 5826 875 5854 τ
916 5831 995 5870 ιε’.
1024 5815 1361 5887 συνήσουσιν.
