3980 6306
485 323 626 388 2510

1815 335 2167 398 PROCOPII
2201 341 2439 402 GAZASI

3599 337 3739 403 2520

553 440 738 509 Itaque
759 441 865 494 ait:
901 440 1142 508 Domine,
1175 445 1291 514 quis
1317 444 1541 500 credidit
1586 447 1797 500 auditui
1831 451 2064 503 nostra?

2237 453 2436 525 Διόπερ
2463 454 2660 522 ἐπάγει
2689 469 2703 486 ·
2729 453 2929 521 Κύριε,
2977 453 3070 518 τίς
3107 449 3438 505 ἐπίστευσε
3467 447 3544 518 τῇ
3592 450 3738 518 decu

482 540 777 600 utrumque
805 532 952 586 enim
975 535 1316 589 mirabantur
1341 552 1358 599 ;
1385 545 1441 590 et
1475 535 1788 590 Judaeorum
1821 539 2058 592 inﬁdeli-

481 633 669 686 tatem,
695 634 749 679 et
775 627 1004 693 gentium
1027 629 1466 683 conversionem.
1489 627 1552 681 Et
1577 628 1850 683 brachium
1875 630 2060 698 Domi-

481 712 538 764 ni
558 711 646 765 cui
675 715 958 767 revelatum
989 717 1114 770 est?
1145 719 1229 770 cui
1272 725 1476 780 autem,
1510 735 1607 788 per
1631 735 1717 784 ea,
1766 735 1886 788 qua:
1921 735 2059 788 prte-

481 813 790 864 cesseruut,
825 807 1125 872 indicavit;
1155 824 1278 861 cum
1302 809 1573 862 brachium
1596 826 1754 866 suum
1779 819 2056 876 sanctum,

480 893 534 947 id
575 903 681 958 est,
717 893 1072 966 Unigenitum
1109 914 1266 954 suum
1312 900 1366 952 in
1397 908 1694 970 conspectu
1729 900 1895 970 599
1934 915 2062 970 geu-

369 1003 377 1017 ι
483 982 616 1036 ιὶυιη
651 987 895 1040 omnium
921 988 1291 1042 revelaturum
1325 988 1613 1044 Dominum
1643 991 1949 1048 allirmavit.

552 1076 634 1132 Illi
657 1080 824 1144 enim,
862 1080 1182 1146 utCLristo,
1219 1083 1300 1138 sic
1337 1091 1390 1137 et
1423 1085 1700 1153 prophetis
1722 1085 1850 1139 olim
1879 1086 2056 1154 ipsum

480 1167 962 1237 promulgantibus
1019 1169 1188 1223 alium
1228 1170 1332 1224 sibi
1365 1187 1610 1225 errorem
1641 1172 1840 1226 docere
1869 1182 1924 1226 et
1968 1189 2056 1226 re-

481 1253 739 1307 nuntiare
784 1255 1157 1324 opponebam.
1215 1254 1354 1310 Hinc
1399 1257 1491 1310 illa
1525 1256 1817 1314 Jeremiae:
1871 1259 2060 1328 Neque

481 1339 687 1410 profui,
716 1357 894 1410 neque
935 1343 1065 1397 mihi
1105 1341 1309 1412 profuit
1340 1345 1654 1414 quisquam.
1689 1344 1828 1399 Hinc
1864 1361 2061 1402 rursus

480 1434 538 1480 et
575 1426 877 1496 praphetici
908 1428 1060 1484 chori
1091 1429 1234 1485 alia:
1282 1449 1301 1482 ι
1331 1428 1657 1487 Curavimus
1704 1430 2056 1502 Babylonem,

482 1531 662 1586 neque
688 1525 880 1572 sanata
902 1526 1009 1574 est.
1040 1519 1216 1589 Ipsam
1244 1519 1656 1578 deseramus“.
1695 1541 1712 1574 ι
1760 1521 1860 1576 Uhi
1888 1521 2064 1594 Baby-

484 1614 629 1668 lonis
651 1616 895 1683 nomine,
941 1616 1442 1690 Hierosolymorum
1471 1621 1688 1684 civitas.
1721 1637 1844 1691 qua:
1869 1637 1897 1676 a
1924 1639 2056 1692 gen-

486 1705 624 1759 tium
652 1706 900 1762 moribus
942 1709 1074 1762 nihil
1103 1709 1290 1773 distet,
1317 1727 1494 1781 neque
1511 1713 1674 1766 ullam
1703 1713 1836 1782 legis
1869 1727 2058 1768 curam

2168 542 2372 610 ἡμῶν;
2416 543 2583 613 ἄμφω
2607 544 2716 613 γὰρ
2736 543 3099 612 ἐθαύμαζον,
3151 542 3247 596 καὶ
3297 542 3409 594 τῶν
3474 540 3738 594 Ἰουδαίων

2162 631 2260 698 τὴν
2293 632 2568 693 ἀπιστίαν,
2602 631 2819 685 καὶτῶν
2852 631 3045 686 ἐθνῶν
3075 631 3174 702 τὴν
3223 631 3585 700 ἐπιστροφήν.
3633 631 3735 683 Καὶ

2161 723 2278 774 τίνι
2303 726 2336 774 ὁ
2353 725 2628 790 βραχίων
2657 725 3060 792 ἀπεκαλύφθη
3087 723 3310 790 Κυρίου
3335 737 3356 785 ;
3402 722 3526 776 τίνι
3557 721 3634 786 δὲ,
3656 721 3735 774 διὰ

2159 809 2270 862 τῶν
2307 811 2688 880 προλαϐόντων
2715 813 2973 880 ἐδήλωσε,
3004 812 3174 880 λέγων
3202 829 3216 843 ο
3261 814 3356 864 καὶ
3379 811 3734 880 ἀποκαλύψει

2161 900 2365 971 Κύριος
2409 902 2437 954 ὁ
2469 900 2604 963 Θεὸς
2649 901 2739 952 τὸν
2771 903 3072 969 βραχίονα
3129 900 3222 953 τὸν
3260 901 3416 968 ἅγιον
3455 899 3620 952 αὑτοῦ
3659 901 3738 953 ἐν·

2159 989 2327 1043 ὠπιον
2353 992 2568 1044 πάντων
2593 992 2702 1044 τῶν
2727 992 2918 1051 ἐθνῶν,
2953 991 3152 1060 δηλαδὴ
3182 989 3270 1043 τδν
3300 991 3603 1060 Μονογενῆ.

2243 1081 2473 1134 Ἐκεῖνοι
2491 1081 2620 1152 γὰρ,
2653 1081 2726 1144 ὡς
2748 1081 2826 1151 τῷ
2849 1081 3070 1152 Χριστῷ
3090 1121 3104 1142 .
3140 1081 3285 1134 οὕτω
3308 1085 3402 1134 καὶ
3428 1082 3599 1134 πάλαι
3628 1083 3734 1146 τοῖς

2165 1173 2468 1242 προφήταις
2489 1173 2654 1224 αὑτὸν
2679 1172 3151 1242 προκηρύττουσιν
3179 1171 3387 1238 ἔλεγονο
3411 1172 3577 1224 Ἀλλὰ
3607 1175 3734 1241 ἡμῖν

2161 1260 2374 1313 λαλεῖτε
2403 1261 2498 1313 καὶ
2525 1259 2886 1328 ὰναγγέλλετε
2935 1262 3068 1330 ἡμῖν
3097 1260 3291 1328 ἑτέραν
3322 1259 3618 1330 πλάνησιν.
3654 1261 3736 1326 ὀς

2162 1349 2370 1404 καὶτὸν
2411 1347 2681 1420 Ἰερεμίαν
2708 1349 2890 1417 λέγειν
2911 1365 2925 1379 ο
2949 1349 3087 1403 Οὔτε
3118 1349 3398 1420 ὠφέλησα,
3435 1351 3561 1405 οὔτε
3594 1351 3737 1420 tiret--

2161 1441 2296 1512 λησέ
2327 1457 2396 1512 με
2424 1442 2619 1504 οὐδείς.
2646 1441 2758 1494 Καὶ
2797 1441 2890 1519 τὸν
2913 1442 3254 1512 προφητικὸν
3283 1441 3338 1496 δὲ
3366 1444 3554 1512 χορὺν,
3593 1463 3612 1494 ι
3639 1443 3735 1496 ἰα-

2159 1536 2489 1608 τρεύσαμεν,
2517 1537 2718 1605 λέγειν,
2745 1535 2844 1606 τὴν
2870 1537 3189 1602 Βαὸυλῶνα,
3220 1537 3316 1590 καὶ
3349 1539 3452 1590 οὐκ
3480 1537 3624 1608 ἰάθη·
3649 1539 3735 1606 ὲγ-

2161 1628 2556 1698 καταλίπωμεν
2579 1628 2772 1698 αὐτήν.
2817 1645 2837 1679 s
2893 1629 3006 1698 Τὴν
3041 1629 3400 1698 Ἰερουσαλὴμ
3433 1629 3735 1682 καλέσαντα

2163 1719 2484 1784 Βαϐυλῶνα,
2503 1719 2579 1783 ὡς
2599 1719 2697 1788 τῆς
2710 1719 2880 1772 ἐθνῶν
2897 1720 3152 1782 ἀσεϐείας
3169 1721 3335 1790 μηδὲν
3351 1721 3730 1791 διαφέρουσαν,

486 1797 706 1865 habeat,
743 1799 1012 1856 innuitur.
1065 1801 1174 1856 Ista
1211 1803 1378 1872 igitur
1421 1812 1708 1873 postquam
1759 1781 2060 1858 demiratus

2170 1811 2301 1881 μηδὲ
2331 1809 2430 1863 τοῦ
2461 1781 2628 1880 νόμου
2653 1781 3002 1880 ’ποιουμένην
3033 1781 3307 1882 φροντίδα.
3344 1781 3533 1864 Tatii-ca-
3563 1781 3734 1864 τοίνυν

485 1899 571 1951 cst
604 1892 890 1962 pmpheta,
917 1894 1256 1949 narrationis
1291 1895 1473 1959 modo,
1507 1895 1658 1965 pueri
1683 1895 1946 1964 deinceps
1992 1895 2061 1949 ad
2109 1965 2122 1987 1

487 1982 741 2039 homines
780 2000 1064 2041 accessum
1113 1987 1357 2051 exhibet,
1393 1988 1478 2042 his
1515 1989 1730 2043 verbis:
1763 1989 2060 2042 Annuntia-

485 2074 656 2128 vimus
681 2077 835 2145 quasi
869 2077 1144 2146 puerulum
1192 2079 1248 2132 in
1285 2087 1562 2145 conspectu
1599 2079 1758 2146 ejus;
1804 2079 1940 2133 sicut
1969 2096 2061 2132 ra.

485 2165 583 2216 dia:
609 2165 662 2218 in
693 2173 836 2219 terra
869 2167 1089 2220 sitienti.
1127 2167 1442 2221 Secundum
1465 2169 1718 2236 Aquilam
1745 2180 1963 2224 autem:
1997 2169 2062 2224 Et

489 2253 734 2310 ascendet
755 2257 894 2310 sicut
923 2259 1015 2326 qui
1043 2259 1349 2312 nutricatur
1380 2259 1433 2312 in
1463 2259 1650 2330 faciem
1679 2261 1814 2330 ejus,
1844 2273 1892 2315 et
1923 2263 2060 2315 sicut

486 2347 647 2406 radix
673 2365 706 2401 a
730 2358 870 2402 terra
892 2352 1179 2404 inaccessa.
1206 2350 1270 2404 In
1294 2351 1482 2420 faciem
1513 2353 1656 2406 enim
1681 2353 1802 2420 ejus
1837 2353 2060 2421 (brachii

489 2438 748 2494 nimirum
775 2440 843 2494 de
875 2456 986 2509 quo
1017 2442 1296 2513 superius)
1323 2445 1569 2498 ascendet
1595 2445 1682 2514 qui
1721 2445 2063 2508 nutricatur;

490 2531 580 2586 ille
621 2532 762 2586 idem
792 2533 1066 2598 videlicet,
1109 2537 1202 2604 qui
1245 2535 1312 2589 tie
1351 2534 1572 2606 Virgine
1608 2545 1908 2606 prognatus
1947 2545 2061 2600 est;

483 2622 640 2690 juxta
682 2623 851 2678 illud:
924 2643 942 2676 ι
974 2624 1114 2680 Ecce
1167 2626 1324 2696 virgo
1359 2627 1638 2696 concipiet
1661 2627 1714 2680 in
1755 2638 1912 2681 utero
1931 2629 1998 2690 “;
2038 2647 2056 2680 ι

487 2727 649 2780 quam
676 2714 838 2769 etiam
873 2725 1068 2769 terram
1101 2718 1449 2783 inaccessam,
1481 2719 1610 2786 quia
1636 2719 1792 2788 virgo
1810 2719 1903 2784 sit,
1933 2734 2064 2772 nun-

489 2807 730 2874 cupavit.
755 2803 1008 2860 Radicem
1035 2809 1233 2862 deinde
1293 2808 1438 2862 illam
1496 2823 1618 2864 esse
1655 2808 1953 2880 signiﬁcat,
1995 2809 2066 2866 de

489 2909 599 2965 qua
633 2895 800 2950 illud:
849 2917 868 2949 ι
908 2897 1238 2967 Egredietur
1268 2899 1419 2968 virga
1453 2898 1520 2954 de
1557 2899 1744 2955 radice
1787 2886 1964 2965 iesse,
2011 2911 2064 2957 et

491 2986 593 3042 llos
619 2989 684 3044 de
722 2989 910 3044 radice
941 2990 1062 3056 ejus
1121 2991 1382 3045 ascendet
1415 2991 1482 3044 θ’.
1525 3009 1544 3044 ι
1590 2990 1703 3046 Illic.
1725 2994 1870 3047 enim
1898 2994 2062 3047 etiam

2161 1903 2192 1954 ὁ
2217 1903 2503 1972 προφήτης
2531 1901 2952 1972 ἀποθανμάσας.
2978 1901 3396 1972 διηγηματικῶς
3425 1901 3612 1954 λοιπὸν
3643 1901 3732 1955 τοῦ

2164 1993 2556 2065 προλεχθέντος
2587 1993 2829 2046 παιδίου
2848 1993 2947 2064 τὴν
2976 1994 3058 2056 είς
3087 1992 3414 2062 ἀνθρώπους
3445 1992 3734 2061 παρίστησι

2164 2086 2398 2156 πάροδον
2428 2085 2606 2153 λέγων
2627 2098 2641 2113 ·
2684 2085 3140 2154 Ἆνητγείλαμεν
3173 2084 3252 2150 ὡς
3281 2084 3526 2138 παιδίον
3565 2086 3734 2138 ἐναν-

2163 2179 2296 2232 τίον
2351 2177 2558 2242 αὐτοῦ,
2591 2177 2672 2242 ὡς
2692 2174 2825 2244 ῥίζα
2852 2176 2923 2228 ἐν
2950 2174 3029 2244 τῇ
3077 2175 3340 2244 διψώσῃ.
3389 2177 3549 2228 Κατὰ
3571 2176 3626 2229 δὲ
3648 2177 3734 2228 τὸν

2177 2268 2432 2322 Ἀκύλαψ
2499 2267 2607 2321 Καὶ
2655 2267 3020 2332 ἀναϐήσεται
3055 2267 3136 2332 ὡς
3163 2266 3612 2335 τιθηνιζόμενον
3653 2269 3734 2332 εις

2164 2364 2492 2428 πρόσωπον
2531 2358 2741 2421 αὐτοῦ,
2794 2357 2894 2412 καὶ
2926 2358 3007 2422 ὠς
3021 2355 3154 2424 ῥίζα
3201 2354 3323 2412 ἀπὸ
3356 2355 3471 2424 γῆς
3499 2354 3732 2410 ἀϐάτου.

2164 2452 2268 2518 Είς
2291 2453 2620 2520 πρόσωπον
2645 2450 2756 2520 γὰρ
2783 2447 2972 2502 αὐτοῦ
3007 2448 3173 2518 (λέγω
3200 2448 3258 2501 δὲ
3281 2445 3376 2501 τοῦ
3420 2447 3737 2518 προλεχθέν-

2163 2561 2254 2604 τος
2312 2540 2660 2610 βραχίονος)
2718 2539 3085 2606 ἀναϐήσεται
3125 2541 3210 2606 ὡς
3237 2537 3730 2608 ’τιθηνιζόμενον,

2163 2633 2299 2702 ὅπερ
2321 2629 2387 2702 ἧν
2409 2633 2471 2684 τὸ
2491 2633 2554 2684 ὲκ
2575 2631 2674 2700 τῆς
2729 2629 3008 2700 Παρθένου
3065 2628 3489 2698 γεγεννημένον,
3539 2627 3666 2698 περὶ
3681 2621 3737 2680 οὗ

2165 2725 2368 2792 ἔλεγεν·
2392 2742 2411 2776 ι
2435 2723 2567 2776 Ἰδοὺ
2590 2725 2623 2792 ἡ
2644 2725 2723 2776 II:
2735 2721 2917 2792 ρθὲνος
2941 2723 2998 2774 ὲν
3025 2721 3223 2791 γαστρὶ
3245 2721 3498 2790 λήψεται,
3515 2739 3532 2770 ι
3563 2721 3628 2790 ἦν
3647 2719 3738 2772 καὶ

2163 2817 2386 2870 ἄϐατον
2444 2813 2583 2886 γῆν,
2615 2815 2692 2877 ὡς
2735 2812 3005 2882 παρθένον
3053 2811 3232 2866 καλεῖ.
3271 2810 3469 2872 Ῥέζαν
3495 2810 3554 2862 δέ
3583 2826 3737 2879 φησιν

2165 2906 2404 2974 ἐκείνην,
2455 2905 2588 2974 περὶ
2619 2900 2686 2978 ἦς
2722 2903 2928 2973 ἔλεγεν⁴
2967 2922 2984 2956 ι
3010 2901 3394 2969 Ἐξελεύσεται
3451 2899 3652 2972 diﬁc;
3678 2902 3739 2953 ἐκ

2164 2999 2264 3069 τῆς
2295 2999 2450 3070 ῥίζης
2478 2997 2699 3062 Ἰεσσαὶ,
2731 2997 2824 3050 καὶ
2855 2997 3015 3060 ἄνθος
3046 2996 3112 3048 ὲκ
3139 2996 3240 3065 τῆς
3270 2993 3429 3064 ῥίζης
3474 2992 3736 3062 ἀναϐήσε-

491 3094 829 3146 ascensurus,
863 3081 955 3134 sed
979 3082 1048 3134 de
1071 3081 1254 3135 radice
1277 3089 1367 3147 ;ut
1397 3081 1484 3134 hic
1514 3081 1578 3135 de
1603 3090 1744 3136 terra
1775 3083 2064 3146 inaccessa,

2173 3105 2284 3142 ται.
2339 3089 2513 3140 Κάκεῖ
2543 3087 2599 3140 δὲ
2631 3087 2694 3139 τὸ
2749 3085 3139 3154 ἀναϐήσεται,
3202 3083 3315 3136 ἀλλ’
3340 3084 3404 3136 ὲκ
3458 3082 3636 3152 ῥίζης,
3670 3081 3739 3144 ὡς

493 3168 1226 3242 signiﬁcatur.Symmachns
1247 3181 1428 3226 autem
1453 3171 1716 3226 descendit
1741 3173 2070 3228 sicutramus

491 3273 677 3314 coram
707 3268 845 3321 eo.et
863 3261 1000 3314 sicut
1027 3260 1184 3313 radix
1203 3262 1271 3314 de
1295 3271 1436 3314 terra
1463 3260 1690 3327 sitiente,
1721 3263 2081 3330 inquit,inac-

495 3366 698 3406 cessum
746 3360 942 3404 terram
986 3352 1246 3405 sitientem
1297 3353 1606 3406 nominans.
1654 3350 2078 3417 At'l‘heodotio,

496 3441 740 3496 ascendet
757 3450 1006 3511 tanquam
1025 3443 1115 3512 qui
1141 3442 1324 3496 lactat.
1340 3442 1430 3496 Ille
1446 3416 1752 3510 siquidem‘t
1761 3459 1856 3513 pse
1875 3447 2084 3509 erat.,de

499 3547 610 3606 quo
633 3534 797 3588 etiam
827 3542 951 3588 ante
971 3534 1026 3588 In
1063 3539 1209 3589 hunc
1237 3533 1457 3589 modum
1483 3535 1684 3590 dictum
1714 3535 1834 3592 fuit:
1863 3535 2081 3594 ενι-ἰοε-

499 3641 664 3694 quam
692 3635 986 3696 cognoscat
1014 3642 1149 3696 puer
1179 3627 1382 3682 bonum
1414 3629 1498 3682 vel
1528 3629 1752 3694 malum,
1791 3643 1896 3682 non
1925 3645 2080 3700 pare-

499 3719 578 3774 bit
618 3719 872 3788 nequitiae
898 3719 966 3774 ⁸⁸.
1003 3739 1022 3773 s
1069 3720 1132 3775 Et
1160 3735 1376 3776 rursum
1419 3738 1432 3774 :
1470 3740 1489 3773 ι
1527 3722 1829 3792 Antequam
1881 3723 2081 3778 intelli-

499 3817 590 3881 gat
621 3825 754 3880 puer
795 3795 996 3866 bonum
1049 3813 1136 3868 vel
1187 3813 1414 3877 malum,
1447 3816 1626 3883 capiet
1677 3814 1937 3867 virtutem
1971 3814 2078 3867 Da-

2183 3179 2438 3243 ἐνταῦθα,
2461 3179 2530 3233 ἐκ
2554 3177 2664 3246 τῆς
2693 3175 2934 3231 ἀϐάτου.
2953 3176 3010 3230 '0
3037 3177 3092 3230 δὲ
3123 3175 3440 3244 Σύμμαχοςο
3456 3169 3740 3240 Ἁνέὅηὼς

2182 3268 2404 3334 κλάδος
2425 3267 2682 3322 ἐνώπιον
2700 3266 2906 3332 αὐτοῦ,
2927 3265 3025 3320 καὶ
3049 3265 3130 3332 ὡς
3141 3263 3275 3332 ῥίζα
3291 3265 3412 3320 ἀπὸ
3435 3261 3548 3333 γῆς
3569 3261 3740 3332 διψώ-

2181 3376 2318 3426 σης,
2351 3359 2505 3428 φησὶ,
2553 3356 2832 3426 διψῶσαν
2883 3357 2998 3425 τὴν
3025 3357 3246 3410 ἄϐατον
3290 3355 3409 3422 τῆν
3435 3356 3690 3426 simul»?
3713 3353 3741 3405 6

2180 3453 2236 3506 δὲ
2266 3453 2580 3518 Θεοδοτίων,
2637 3451 3004 3518 ἀναϐήσεται
3025 3451 3106 3515 ὡς
3157 3447 3434 3517 θηλάζον,
3497 3447 3736 3510 ἐξέδωκε.

2181 3543 2352 3598 Τοῦτο
2385 3543 2495 3614 γὰρ
2521 3537 2589 3612 ἦν
2620 3543 2750 3613 περὶ
2789 3535 2854 3594 οὗ
2881 3539 2974 3593 καὶ
3001 3538 3239 3608 πρόσθεν
3263 3536 3502 3605 ἐλέγετο·
3528 3534 3736 3604 «Πρὶνῆ

2180 3637 2383 3702 γνῶναι
2413 3635 2478 3697 τὸ
2504 3633 2712 3688 παιδίον
2753 3631 2980 3700 ἀγαθὸν,
3011 3631 3044 3702 ἢ
3077 3630 3272 3694 κακὸν,
3329 3627 3553 3683 ἀπειθεῖ
3595 3643 3740 3696 πονη-

2183 3728 2294 3796 ρίᾳ.
2315 3745 2332 3777 ι
2365 3727 2474 3780 Καὶ
2500 3727 2680 3779 πάλιν·
2706 3743 2725 3776 ι
2745 3725 2886 3794 Πρὶν
2919 3722 2952 3792 ἢ
2981 3721 3184 3790 γνῶναι
3201 3719 3260 3773 τὸ
3281 3717 3496 3774 παιδίον
3523 3716 3735 3787 ἀγαθὸν,

2177 3817 2210 3889 ἢ
2240 3816 2406 3870 κακὸν
2437 3815 2672 3885 λήψεται
2732 3813 2961 3882 δύναμιν
3007 3809 3328 3881 Δαμασκοῦ.
3359 3828 3378 3862 ι
3409 3811 3524 3863 Καὶ
3561 3809 3737 3862 πάλιν·

503 3901 670 3956 Iuasci
695 3900 793 3955 “.s
823 3901 1084 3972 Itemque:
1126 3919 1147 3955 ι
1179 3901 1318 3968 Quia
1354 3917 1487 3972 puer
1514 3911 1680 3957 natus
1697 3913 1781 3958 est
1811 3903 1996 3970 nobis,
2023 3915 2066 3959 el

2183 3906 2342 3960 (Ὅτι
2374 3905 2586 3960 παιδίον
2641 3902 2904 3972 ἐγεννήθη
2954 3905 3087 3972 ἡμῖν
3143 3902 3238 3955 καὶ
3291 3897 3473 3970 ἐδόθη.
3501 3919 3520 3950 ι
3557 3898 3738 3969 Τὴνᾶ

501 3993 651 4048 ﬁlius
680 3993 842 4050 datus
873 4001 957 4049 est
982 3978 1144 4050 nobis
1173 3995 1240 4048 ".
1274 4013 1292 4048 ι
1336 3994 1606 4049 Caeterum
1663 4003 1954 4064 postquam
2011 3994 2066 4050 dt

2174 3997 2389 4072 γένεσιν
2415 3997 2512 4052 τοῦ
2543 3996 2792 4066 Σωτῆρος
2823 3993 3018 4055 εἰπὼν,
3045 3993 3146 4061 τὴν
3167 3994 3262 4046 ἐπὶ
3289 3991 3394 4062 γῆς
3444 3991 3611 4047 αὐτοῦ
3666 3991 3739 4044 δι·

505 4083 809 4140 Salvatoris
849 4085 1138 4140 nativitate
1171 4084 1454 4149 disseruit,
1503 4085 1624 4152 ejus
1673 4085 1786 4154 jam
1827 4085 1881 4138 in
1928 4092 2066 4139 terra

2173 4091 2390 4158 ηγεϊται
2421 4085 2724 4160 διατριϐήν.
2745 4088 2830 4141 οὐ
2859 4080 3063 4160 γὰρῆν
3087 4081 3473 4154 αὑτῷ,φησὶν,
3499 4081 3742 4146 ἔνδοξον

503 4183 982 4236 conversationem
1015 4180 1273 4250 explicat.
1309 4177 1432 4233 Non
1465 4169 1609 4234 enim
1639 4187 1754 4234 erat
1776 4179 1844 4244 ei,
1874 4178 2070 4250 inquit,
2172 4175 2354 4245 εἶδος.

501 4269 674 4341 600
705 4269 898 4326 decora
927 4271 1142 4341 species.

575 4361 810 4430 Ideoque
859 4362 913 4415 in
971 4362 1116 4415 hunc
1168 4361 1387 4415 modum
1421 4358 1822 4429 Symmachus:
1869 4359 1991 4414 Non
2022 4363 2066 4416 ei

2242 4363 2333 4416 Διδ
2377 4359 2676 4432 Σύμμαχός
2728 4373 2928 4430 φησιν·
2998 4358 3121 4412 Οὐκ
3187 4351 3348 4421 εἶδος
3381 4355 3567 4421 αὐτῷ,
3611 4350 3744 4407 οὐδὲ

505 4447 700 4519 forma,
731 4466 834 4504 non
897 4449 1165 4520 dignitas,
1217 4458 1274 4502 ut
1309 4450 1596 4503 videremus
1645 4465 1784 4514 eum,
1823 4466 1985 4520 neque
2026 4467 2066 4502 αι

2187 4450 2372 4516 ἀξιῶν
2399 4454 2446 4516 ⁵,
2476 4451 2576 4502 ἵνα
2597 4448 2850 4518 ετδωμεν
2866 4447 3032 4502 αὑτό.
3051 4445 3206 4501 οὐδὲ
3250 4445 3482 4514 θεωρία,
3503 4445 3605 4497 ἵνα
3628 4445 3744 4498 ἐπι-

505 4550 710 4612 spectus
729 4581 745 4608 ,
780 4551 836 4596 ut
875 4559 1179 4612 caperemus
1203 4559 1342 4598 eum.
1375 4544 1625 4612 Abiectus
1650 4552 1700 4598 et
1733 4544 1963 4598 virorum
1991 4547 2066 4597 mi

2179 4541 2536 4611 θυμήσωμεν
2547 4541 2750 4594 αὐτόν.
2770 4537 3293 4606 Ἑξουδενωμένος,
3316 4537 3414 4590 καὶ
3433 4534 3746 4603 ἐλάχιστος

506 4633 706 4688 nimus.
768 4633 858 4688 l’ir
895 4633 1224 4698 laboriosus,
1269 4643 1320 4688 et
1363 4639 1542 4689 morbo
1583 4645 1760 4699 notus,
1811 4643 1861 4689 et
1910 4635 2066 4689 scient

2183 4634 2442 4702 ἀνδρῶν.
2473 4631 2654 4699 Ἀνὴρ
2682 4631 2992 4694 ἐπίπονος,
3021 4629 3117 4683 καί
3143 4628 3412 4698 γνωστὸς
3430 4627 3615 4690 νόσῳ,
3651 4623 3745 4677 καὶ

509 4724 650 4794 ferre
680 4724 977 4788 mollitiem,
1019 4736 1318 4782 nontamen
1345 4725 1545 4783 mollis.
1576 4727 1706 4792 Quae
1745 4726 1928 4780 omnia
1959 4741 2066 4778 cun

2180 4722 2352 4787 εἰδὼς
2374 4720 2578 4790 φέρειν
2600 4719 2932 4788 μαλακίαν,
2957 4718 3028 4771 οὺ
3055 4715 3184 4785 μὴν
3201 4712 3742 4785 μεμαλακισμένος.

509 4831 625 4873 sua:
677 4816 900 4872 deitatis
946 4817 1134 4888 [aciem
1169 4818 1488 4882 occultaret,
1540 4834 1835 4889 perpessus
1892 4827 1996 4874 est.
2029 4820 2084 4874 Id

511 4908 658 4962 enim
693 4908 938 4979 profecto
965 4908 1260 4977 significat,
1293 4909 1437 4976 quod
1467 4908 1656 4975 faciem
1698 4909 1814 4977 ejus
1849 4925 2086 4963 aversam

511 5017 626 5056 esse
653 5001 810 5055 dixit.
858 4997 992 5054 Nam
1045 5009 1099 5054 et
1139 4999 1387 5070 Aquilas,
1425 5010 1674 5067 tanquam
1716 4999 2084 5054 absconditam

515 5089 706 5159 faciem
733 5089 1127 5158 interpretatur
1157 5106 1174 5153 ς
1205 5088 1511 5142 'I'heodotio
1544 5104 1693 5151 vero,
1717 5105 1822 5143 non
1874 5099 2088 5156 reputa-

517 5187 701 5238 bamus
730 5183 926 5244 iusum,
957 5181 1050 5234 ubi
1081 5197 1189 5236 non
1219 5190 1467 5249 reputata
1509 5188 1608 5246 est,
1644 5179 1911 5249 legimus:
1965 5179 2091 5234 reli-

517 5275 609 5344 qui
649 5283 830 5330 antem
863 5272 1120 5342 abjeczns,
1151 5271 1370 5342 ideoque
1411 5287 1515 5324 non
1553 5273 1910 5338 reputavimus
1943 5285 2082 5324 eum.

520 5363 858 5420 lntermiscct
883 5377 1048 5434 porro
1077 5363 1417 5418 humanitate
1443 5360 1704 5416 incitatus
1737 5361 1901 5416 etiam
1958 5376 2082 5430 per-

2183 4814 2368 4868 Ταῦτα
2399 4815 2457 4866 δὲ
2482 4813 2777 4880 ὑπέμεινεν
2804 4809 3130 4880 ἀποκρύψας
3159 4808 3220 4860 τὺ
3245 4807 3348 4876 τῆς
3373 4807 3626 4876 θεότητος
3651 4804 3744 4855 αὖ·

2183 4907 2277 4960 τοῦ
2334 4905 2676 4973 πρόσωπον.
2759 4901 2927 4953 Τοῦτο
2978 4900 3086 4968 γὰρ
3151 4899 3232 4961 τὸ,
3284 4896 3630 4964 ἀπέστρεψε
3685 4889 3748 4944 τὸ

2182 4995 2504 5063 πρόσωπον
2528 4991 2736 5047 αὐτοῦ.
2764 4991 2918 5044 Κατὰ
2974 4991 3081 5059 γὰρ
3113 4987 3206 5040 τὸν
3243 4986 3587 5050 ’Δκύλαν,ὠς
3613 4985 3749 5038 ἀπο-

2183 5083 2590 5153 κεκρυμμένον
2618 5082 2944 5149 πρόσωπον
3007 5077 3218 5132 αὐτοῦ.
3272 5076 3432 5130 Κατὰ
3458 5076 3517 5129 δὲ
3567 5074 3746 5128 Θεοδοο

2183 5177 2375 5241 τίωνα,
2405 5175 2471 5229 τὸ
2501 5176 2612 5229 οὐκ
2636 5173 2945 5242 ἐλογίσθη.
2969 5171 3092 5224 Οὐκ
3112 5166 3517 5239 ἐλογισάμεθα
3551 5166 3748 5220 αὐτόν.

2194 5267 2350 5322 Κατὰ
2379 5267 2438 5320 δὲ
2464 5266 2592 5330 τοὺς
2630 5265 2872 5327 λοιποὺς,
2918 5260 3455 5329 Ἐξουδενωμένος.
3495 5257 3592 5312 Διὸ
3647 5257 3752 5310 οὐκ

2189 5357 2590 5428 ἐλογισάμεθα
2645 5355 2848 5410 αὐτόν.
2903 5353 3003 5407 Διὰ
3062 5351 3476 5424 φιλανθρωπίαν
3496 5351 3554 5404 δὲ
3585 5349 3674 5402 καὶ
3695 5345 3750 5398 τὸ

591 5537 637 5570 ⁸⁸
659 5537 861 5596 lerem.
895 5555 968 5605 LI,
1000 5540 1054 5596 9.
1130 5541 1174 5573 “
1233 5539 1337 5596 Isa.
1385 5555 1480 5605 vn,
1536 5541 1621 5597 II.
1697 5540 1744 5570 "
1794 5537 2088 5602 lsa.x1,l.
2165 5537 2210 5568 ⁸³
2247 5534 2478 5600 Isa.vn,
2543 5533 2630 5588 l6.
2707 5532 2753 5565 “
2805 5533 2908 5588 Isa.
2965 5528 3174 5598 vln,4.
3245 5525 3425 5583 "Isa.
3492 5541 3566 5591 ix,
3599 5523 3653 5578 6.

1775 5654 2002 5710 VABIAS
2040 5651 2440 5710 LECTIONES.

594 5748 618 5778 '
660 5762 749 5816 γρ.
791 5745 1025 5816 ἀξὲωμα.
1064 5733 1068 5738 ’
