3980 6306
210 301 320 365 S21

1286 292 1815 373 COMMENTARII
1840 314 1921 374 1N
1947 316 2230 376 ISAIAM.

3271 316 3420 381 2522

169 400 314 467 iam
337 413 679 504 ὁπροφήτης
740 415 1013 471 ὑπέϐαλλε
1038 418 1328 488 πρόσωπον
1362 424 1473 484 τοῖς
1502 425 1593 475 τὸν
1627 425 1730 491 Χρι

1861 439 2051 479 sonam
2074 441 2228 480 suam
2263 426 2523 495 pr0pheta
2550 443 2674 482 cum
2709 428 2797 492 iis,
2823 426 2913 496 qui
2943 426 3219 483 Christum
3241 442 3426 504 asper-

167 505 306 557 στδν
334 503 685 572 ἀθετήσασιν.
727 507 929 577 Ἐχρῆν
955 509 1011 562 δὲ
1043 513 1266 563 σκοπεῖν
1322 513 1469 582 ἡμᾶς
1489 553 1503 574 ,
1559 516 1749 581 φησιν,

1860 515 2149 571 nabantur.
2186 515 2377 571 Deeuit
2405 531 2534 572 vero
2567 533 2689 578 nos,
2721 518 2919 585 inquit,
2944 517 3247 583 advertere,
3274 517 3423 574 hunc

164 594 246 659 ὡς
275 590 438 659 οὗτος
467 593 534 667 ἦν
557 599 663 668 ἄρα
680 599 790 651 τῶν
818 600 1104 671 ἡμετέρων
1130 602 1315 672 ψυχῶν
1343 605 1372 656 ὁ
1400 605 1608 674 Σωτὴρ,
1646 606 1732 671 τὰς

1853 621 1977 660 esse
2013 608 2317 661 animarum
2354 618 2662 663 nostrarum
2701 607 3056 670 Salvatorem,
3084 612 3176 674 qui
3205 617 3422 675 peccata

164 687 469 754 ἁμαρτίας
499 687 669 756 ἡμῶν
704 688 907 757 φέρων,
939 692 1036 744 καὶ
1068 694 1198 761 περὶ
1251 693 1409 763 ἡμῶν
1455 695 1749 763 ὀδυνώμε-

164 790 302 839 νος.
367 775 656 846 Σύμμαχος
695 777 751 830 δέ
802 795 1004 846 φησιν’
1061 783 1278 848 Ὄντως
1305 784 1411 848 τὰς
1460 787 1748 853 ἁμαρτίας

164 863 351 931 ἡμῶν
377 866 559 931 αὐτὸς
606 868 882 930 ἀνέλαϐε,
934 870 1031 923 καὶ
1061 871 1204 936 τοὺς
1236 874 1465 939 πόνους
1505 875 1746 943 ὑπέμει-

162 968 300 1008 νεν.
333 954 616 1023 ἰιμεῒςδὲ
642 957 1038 1026 ἐλογισάμεθα
1067 962 1255 1015 αὐτὸν
1280 963 1349 1016 ὲν
1379 963 1501 1032 ἀφῇ
1525 965 1538 1001 ι
1576 965 1741 1029 ὄντα,

163 1047 525 1114 πεπληγότα
587 1050 705 1101 ὑπὸ
745 1051 913 1112 Θεοῦ,
966 1052 1066 1105 καί
1113 1056 1641 1124 τεταπεινωμένον.
1673 1051 1745 1128 ’ᾯ

162 1136 483 1202 συμφώνως
525 1136 792 1201 ἐξέδωκαν
825 1141 874 1191 oi
897 1139 1096 1194 λοιποί.
1143 1143 1333 1211 Ἡμεῖς
1360 1153 1365 1159 ’
1390 1145 1487 1213 μὲν
1516 1141 1629 1212 οὖν,
1653 1142 1745 1200 οἷα

160 1226 382 1295 νήπιοι,
430 1226 605 1279 ταῦτα
641 1231 769 1299 περὶ
818 1232 981 1283 αὑτοῦ
1019 1237 1464 1304 πεφρονήκαμεν.
1498 1238 1742 1307 Ἐπασχε

158 1315 220 1370 δὲ
244 1317 320 1370 δι’
349 1319 516 1388 ἡμᾶς.
547 1320 909 1376 ἀπαλλάττων
936 1326 1207 1394 τιμωρίας
1230 1327 1329 1395 τῆς
1347 1328 1412 1379 ὲκ
1433 1328 1541 1380 τῶν
1565 1330 1744 1399 άμαρ-

158 1406 430 1475 τημάτων
458 1407 811 1478 ὀφειλομένης
842 1413 939 1481 τὴν
968 1414 1384 1484 ἁνθρωπότητα.
1416 1417 1474 1469 'O
1498 1417 1556 1469 δὲ
1582 1418 1743 1471 Ἀκύ-

158 1495 283 1556 λας·
302 1498 514 1563 Αὐτὸς,
538 1502 689 1568 φησὶ,
705 1503 1127 1571 ,βεϐηλωμένος
1148 1506 1245 1557 ἐπὶ
1276 1506 1535 1561 ἀθεσιῶν
1549 1506 1735 1577 ἡμῶν.

157 1582 272 1640 'llv
306 1590 421 1660 γὰρ
448 1591 663 1660 άληθῶς
685 1592 1128 1661 βεϐηλωμένος,
1177 1597 1259 1648 ὅτι
1315 1597 1538 1664 γέγονεν
1595 1600 1739 1669 ὑπὲρ

162 1681 190 1749 ἢ
201 1680 322 1748 μῶν
356 1682 589 1751 κατάρα,
621 1684 760 1736 κατὰ
789 1685 880 1737 τὸν
905 1684 962 1740 Ἀ
975 1686 1252 1751 πόστολον,
1270 1689 1351 1740 ὅτι
1381 1691 1691 1760 γέγραπται
1719 1710 1734 1725 ο

1854 708 2035 751 nostra
2066 698 2258 760 lueret,
2289 699 2493 768 quique
2517 697 2689 752 nostri
2706 712 2871 752 causa
2893 697 3100 751 dolores
3121 707 3419 763 pateretur.

1853 785 1956 840 Sed
1989 786 2150 842 habet
2172 789 2225 841 in
2257 788 2404 844 hunc
2424 788 2642 842 modum
2667 788 2975 857 Symmachi
3007 785 3417 855 interpretatio:

1847 877 2046 933 Revera
2091 892 2307 946 peccata
2372 890 2558 934 nostra
2608 881 2717 947 ipse
2771 879 3077 947 assumpsit.
3114 877 3421 945 laboresque

1847 976 2060 1023 nostros
2087 970 2361 1022 sustinuit.
2406 969 2447 1019 Δ·
2461 986 2518 1023 os
2544 978 2717 1021 autem
2742 967 3042 1035 putavimus
3099 981 3218 1019 eum
3249 965 3422 1032 leproo

1845 1072 1960 1110 sum
2007 1072 2138 1118 esse,
2166 1073 2470 1123 percussum
2503 1074 2535 1109 a
2596 1057 2726 1119 Deo,
2775 1065 2825 1109 et
2895 1055 3228 1108 Itumitiatum
3256 1069 3275 1107 :
3330 1053 3417 1107 cui

1844 1155 1898 1201 et
1927 1145 2121 1214 reliqui
2152 1148 2316 1200 etiam
2351 1147 2724 1201 consentiunt.
2757 1144 2869 1201 Nos
2916 1146 3100 1214 igitur,
3157 1155 3417 1211 tauquam

1843 1252 2037 1307 parum
2082 1237 2401 1305 prudentes,
2458 1237 2525 1291 de
2549 1252 2612 1291 eo
2649 1237 2780 1290 talia
2817 1236 3224 1297 sentiebamus;
3287 1247 3416 1286 cum

1845 1335 2067 1396 propter
2105 1342 2208 1381 nos
2245 1335 2525 1396 pateretur
2553 1335 2755 1387 tamen,
2788 1334 2848 1378 ut
2874 1340 2936 1380 ea
2970 1325 3248 1383 mortales,
3294 1337 3418 1391 quae

1844 1421 2084 1488 peccatis
2112 1432 2301 1472 eorum
2353 1418 2606 1485 debetur,
2630 1419 2869 1473 vindicta
2899 1419 3172 1473 liberaret.
3202 1415 3292 1470 Sic
3319 1431 3418 1468 au-

1842 1518 1947 1562 tem
1982 1509 2237 1576 Aquilus:
2272 1507 2416 1576 Ipse,
2441 1509 2639 1577 inquit,
2676 1507 3049 1577 oﬂ'ensionibus
3078 1510 3417 1572 ποεῖν-ἐεργο-

1841 1600 2059 1668 [artatus
2108 1606 2210 1652 est.
2273 1598 2401 1650 Erat
2460 1598 2606 1652 enim
2664 1613 2850 1651 revera
2907 1597 3257 1666 profanatur,
3318 1596 3412 1665 qui

1841 1695 2144 1749 secundum
2197 1693 2558 1763 Apostoium,
2634 1711 2653 1744 ι
2692 1694 2800 1745 Pro
2858 1692 3020 1747 nobis
3076 1690 3415 1744 abominatis

171 1771 605 1843 Ἐπικατάρατος
663 1776 765 1838 πᾶς
801 1776 829 1827 ὁ
858 1778 1205 1847 κρεμάμενος
1257 1781 1349 1832 ἐπὶ
1394 1781 1578 1844 ξύλου.
1620 1785 1732 1836 Οὑκ

1840 1787 2017 1840 iactus
2054 1796 2139 1842 est
2161 1787 2246 1850 ⁸⁶;
2288 1805 2306 1836 ι
2351 1800 2472 1839 cum
2506 1783 2852 1837 maledictum
2882 1796 3007 1836 esse
3043 1793 3280 1841 omnem,
3318 1778 3412 1847 qui

160 1860 268 1928 ἄρα
320 1861 551 1928 κάλλος
571 1862 681 1933 εἶχε
711 1866 773 1918 τὸ
803 1866 1125 1935 θεοπρεπὲς,
1171 1870 1305 1922 ἀλλ’
1329 1870 1561 1939 ἄτιμον.
1595 1874 1736 1945 Πρὸς

158 1950 270 2022 γὰρ
290 1956 392 2022 τὴν
426 1952 576 2006 θείαν
605 1955 969 2026 λαμπρότητα
993 1960 1099 2010 πᾶν
1135 1958 1476 2028 ἀνθρώπινον
1502 1961 1733 2030 ἄτιμον.

161 2041 393 2112 Εἴρηται
416 2044 547 2112 γοῦν
559 2053 609 2080 δι’
637 2064 655 2096 ι
686 2048 898 2116 Ὠραῖος
927 2048 1114 2102 κάλλει
1137 2050 1286 2119 πῑρὰ
1312 2052 1437 2114 τοὺς
1453 2052 1601 2115 υἱοὺς
1628 2053 1736 2107 τῶν

159 2128 638 2199 ἀνθρώπων.»Καὶ
654 2134 829 2197 άλλως
845 2135 900 2187 δὲ
919 2136 1157 2203 γεγονὼς
1178 2138 1241 2189 ὲκ
1264 2141 1483 2207 πτωχῆς
1505 2141 1732 2211 μητρὸς.

160 2218 247 2271 διὰ
311 2221 534 2274 πάντων
576 2221 782 2277 ὥδευσε
836 2226 946 2277 τῶν
997 2229 1292 2287 ταπεινῶν.
1330 2230 1394 2281 ἵν’
1431 2230 1620 2303 ὑψώσῃ
1676 2234 1734 2285 τὸ

159 2315 439 2378 ταπεινὸν,
470 2317 564 2371 καὶ
595 2318 797 2389 Κύριος
822 2321 877 2372 δὲ
903 2323 994 2374 καὶ
1029 2323 1280 2391 βασιλεὺς
1313 2326 1575 2395 ὑπάρχων
1624 2328 1732 2380 τῶν

160 2403 316 2472 ὅλων,
381 2406 541 2470 ποίας
568 2407 636 2462 ἂν
663 2409 856 2479 ἐδεήθη
907 2413 1006 2481 τῆς
1028 2414 1087 2464 ὲν
1117 2413 1428 2483 ἀνθρώποις
1483 2416 1733 2485 λαμπρό-

159 2512 356 2566 τητος;
384 2499 631 2567 κατηφὲς
654 2500 712 2554 δὲ
743 2501 873 2564 ἴσως
905 2504 966 2555 τὺ
996 2504 1090 2556 τοῦ
1144 2506 1395 2574 Σωτῆρος
1446 2507 1732 2579 τεῦέανται

162 2589 457 2659 πρόσωπον
501 2594 597 2645 καὶ
635 2594 1045 2665 τεταραγμένον
1093 2596 1198 2665 πρὸ
1235 2614 1331 2649 του
1371 2598 1628 2668 σταυροῦ,
1657 2601 1732 2664 ὡς

160 2678 339 2748 λέγειν
359 2696 372 2713 ·
405 2701 424 2734 ι
448 2683 563 2737 Νῦν
594 2687 626 2753 ἡ
652 2683 797 2754 ψυχή
819 2702 921 2755 μου
949 2686 1278 2756 τετάρακται
1302 2691 1396 2741 καὶ
1424 2691 1727 2757 περίλυπός

161 2770 306 2825 ἔστιν
332 2774 367 2844 ἡ
398 2772 543 2844 ψυχή
577 2792 678 2844 μου
704 2776 804 2838 ἕως
833 2775 1115 2830 θανάτου.)
1149 2777 1392 2848 Ἀπαθὴς
1419 2779 1526 2850 γὰρ
1550 2777 1733 2844 rima);

162 2860 312 2930 Θεὸς,
340 2866 410 2935 τῇ
443 2865 568 2918 καθ’
597 2867 747 2936 ἡμᾶς
800 2867 1032 2920 ἐνέδωκε
1096 2868 1256 2936 φύσει
1292 2869 1366 2938 μὴ
1410 2871 1732 2938 ἀναλγήτως

162 2952 304 3025 ἔχειν
329 2956 697 3025 ιμσάλλοντος
725 2957 1055 3028 πειρασμοῦ,
1091 2959 1190 3029 τῆς
1245 2960 1548 3027 φαντασίας
1580 2962 1732 3015 ἀναι-

165 3044 275 3114 ρῶν
301 3046 403 3117 τὴν
437 3047 712 3102 ὑπόνοιαν.

1840 1875 2036 1943 pendet
2064 1875 2120 1928 in
2155 1876 2300 1943 ligno
2331 1876 2610 1930 scribatur
2640 1874 2705 1925 ⁸⁷.
2739 1872 2855 1926 Νοη
2876 1886 3006 1940 ergo
3028 1871 3269 1939 speciem
3301 1868 3412 1922 Deo

1837 1965 2080 2033 dignam,
2123 1965 2216 2020 sed
2248 1965 2620 2018 inhonoratam
2657 1963 2885 2017 habuit:
2925 1960 3148 2031 quando
3187 1958 3320 2012 nihil
3353 1957 3409 2010 in

1838 2053 2194 2111 humanitatis
2245 2055 2454 2110 ratione
2508 2054 2785 2124 reperias,
2838 2052 2978 2122 quod
3019 2053 3315 2106 obscurum
3352 2058 3410 2105 et

1836 2145 2211 2199 inhonoratum
2263 2161 2370 2199 non
2424 2145 2537 2209 sit,
2586 2145 2631 2199 si
2680 2159 2806 2197 cum
2861 2142 3053 2197 divino
3115 2141 3408 2209 splendore

1836 2248 2143 2304 compares.
2203 2234 2415 2288 Dicitur
2475 2235 2621 2289 enim
2689 2233 3021 2302 «speciosus
3080 2230 3254 2284 forma
3297 2244 3407 2298 pm:

1837 2325 1964 2379 ﬁliis
1997 2324 2274 2379 hominum
2327 2325 2392 2379 ⁸³.
2435 2344 2453 2377 ι
2515 2326 2665 2379 Alias
2702 2340 2829 2378 vero
2863 2324 3028 2377 etiam
3070 2323 3406 2391 paupercula

1837 2425 2011 2468 matre
2040 2415 2220 2468 editus
2252 2430 2346 2483 per
2368 2416 2586 2469 humilia
2613 2415 2794 2468 omnia
2818 2413 3134 2475 ambulavit,
3163 2413 3320 2482 601
3351 2422 3409 2464 ut

1834 2506 1978 2574 quod
1999 2515 2141 2560 esset
2162 2507 2424 2573 ejusmodi
2448 2508 2751 2573 extolleret.
2767 2505 2921 2571 Quali
2941 2520 3156 2559 rursum
3173 2506 3246 2555 illi
3268 2507 3408 2557 inter

1838 2596 2090 2650 homines
2119 2597 2356 2652 versanti
2393 2598 2686 2665 splendore
2725 2610 2865 2664 opus
2911 2594 3032 2658 fuit,
3067 2595 3159 2664 qui
3191 2595 3406 2647 univeru

1837 2699 2022 2737 sorum
2059 2685 2319 2739 Dominus
2370 2693 2424 2738 et
2475 2700 2569 2737 rex
2618 2684 2869 2738 exsistit?
2917 2682 3079 2751 Atqui
3108 2681 3404 2736 demissum

1836 2770 2045 2836 forsan,
2082 2780 2135 2825 et
2162 2772 2536 2842 perturbatum
2569 2779 2696 2824 ante
2716 2783 2936 2823 crucem
2963 2767 3262 2823 Salvaturis
3288 2768 3405 2821 vul-

1835 2874 1949 2919 tum
1998 2873 2162 2917 tuum
2194 2863 2411 2918 demum
2442 2872 2573 2917 sunt
2601 2861 2807 2926 intuiti,
2835 2877 2962 2915 curn
2981 2860 3217 2913 animam
3246 2873 3402 2913 suam

1833 2955 2155 3010 conturbari
2185 2963 2241 3009 et
2269 2955 2456 3009 dolere
2502 2969 2679 3023 usque
2708 2954 2773 3006 ad
2809 2960 3045 3007 mortem
3096 2951 3305 3005 diceret
3332 2950 3400 3002 θ’.

1833 3046 1970 3102 Cum
1993 3048 2139 3099 enim
2176 3046 2314 3116 ipse,
2350 3052 2606 3113 tauquam
2646 3042 2809 3108 Deus,
2844 3040 3087 3114 passioni
3119 3054 3224 3094 nou
3258 3048 3403 3096 esset

162 3137 466 3206 obnoxius,
500 3151 749 3197 naturam
788 3151 990 3202 tamen.
1019 3161 1182 3215 quam
1237 3156 1440 3203 nostra:
1497 3149 1729 3202 similem
1777 3145 2091 3214 assumpsit,
2133 3158 2257 3198 cum
2289 3142 2616 3198 tentationes
2650 3140 2913 3210 impetum
2982 3137 3241 3198 facerent,
3309 3134 3405 3189 do-

164 3227 276 3285 lore
309 3245 507 3287 vacare
532 3234 726 3301 noluit,
762 3246 1039 3305 spectrum
1077 3253 1201 3292 esse
1225 3242 1403 3307 putari
1432 3256 1497 3293 ne
1520 3256 1579 3295 sc
1604 3241 1959 3310 permitteret.
2219 3236 2223 3241 ’

243 3318 672 3391 Ἀπέστρεπται
695 3323 773 3390 δὲ,
802 3326 955 3392 φασὶ,
983 3325 1050 3379 τὸ
1087 3329 1433 3395 πρόσωπον,
1463 3332 1585 3383 ἀντὶ
1632 3330 1725 3382 τοῦ

1901 3330 1996 3385 Est
2023 3338 2200 3384 autem
2235 3331 2349 3398 ejus
2375 3345 2557 3383 auersa
2612 3326 2796 3396 facies,
2832 3324 3017 3391 aiunt;
3048 3322 3098 3376 id
3134 3332 3236 3377 est.
3271 3337 3405 3377 con-

166 3412 532 3485 κατῃσχὺνθη.
561 3416 889 3484 Ἠτιμάσθη
920 3418 996 3479 δὲ,
1021 3419 1119 3473 καὶ
1148 3422 1259 3474 οὐκ
1279 3421 1571 3490 ἐλογίσθη
1596 3440 1609 3452 ·
1642 3424 1730 3476 ὅτε

166 3501 474 3572 πέμψαντος
494 3503 722 3559 Πιλάτου
747 3507 880 3577 πρὸς
901 3509 992 3563 τὸν
1008 3508 1274 3579 Ἡρώδην,
1296 3511 1456 3564 αὑτὸν
1474 3522 1502 3550 ν
1521 3511 1730 3576 ἐξουδεο

169 3593 270 3644 νῶν
302 3595 381 3657 ὡς
403 3595 564 3648 αὑτὸν
585 3596 903 3667 ἀπέπεμψε.
937 3599 1106 3652 Πάλιν
1136 3602 1230 3653 καὶ
1280 3603 1368 3654 ὅτε
1397 3602 1466 3654 τὰ
1495 3603 1736 3673 ὑϐριστι-

172 3681 390 3737 minarat
440 3687 756 3756 κρινόμενος
812 3689 1052 3759 ἔπασχε·
1077 3690 1173 3743 καὶ
1231 3693 1362 3760 παρ’
1423 3694 1587 3747 αὑτὸν
1640 3696 1731 3748 τὸν

171 3777 419 3845 σταυρόν,
452 3776 541 3830 Διὸ
590 3779 693 3832 κάν
735 3781 849 3843 τοῖς
882 3781 1257 3852 προλεχθεῖσιν
1313 3784 1550 3852 ἔφασκεν
1583 3805 1603 3837 r
1628 3787 1730 3840 Τὸν

167 3859 325 3915 νῶτόν
359 3880 463 3934 μου
480 3864 687 3918 δέδωκα
709 3868 789 3929 είς
806 3867 1093 3936 μάστιγας,
1120 3887 1139 3919 ι
1158 3870 1249 3922 καὶ
1274 3870 1340 3923 τὰ
1365 3869 1447 3934 ὲξτ
1464 3888 1512 3934 ς.
1528 3873 1731 3926 Πέπον-

167 3948 253 4003 θεν
278 3948 374 4007 οὖν
394 3953 493 4006 οὑκ
514 3955 593 4018 είς
619 3954 748 4008 [διον
776 3956 935 4025 χρέος
963 3957 1261 4027 (ἁμαρτίαν
1286 3959 1397 4029 γὰρ
1419 3959 1519 4013 οὐκ
1544 3960 1728 4030 ἐποίηο

167 4043 417 4113 σεν),ὰλλ’
443 4049 522 4109 είς
558 4047 846 4117 ἡμέτερον,
873 4044 955 4112 εἷς
986 4052 1014 4102 ό
1043 4051 1263 4104 πάντων
1311 4051 1722 4121 ἁνταξιώτερος,

166 4131 378 4188 Παύλου
423 4132 815 4204 λέγοντοςἘῖς
876 4139 1016 4208 ὑπὲρ
1048 4140 1267 4194 πάντων
1314 4142 1605 4208 ἀπέθανεν,
1639 4143 1725 4197 ἴνα

164 4223 211 4274 οἱ
235 4222 437 4288 ζῶντες
488 4227 682 4295 μηκέτι
722 4228 934 4291 ἑαυτοῖς
967 4229 1156 4293 ζῶσιν,
1184 4231 1323 4286 ἀλλὰ
1348 4232 1425 4300 τῷ
1460 4233 1598 4303 ὑπὲρ
1625 4235 1724 4286 αὑ-

164 4311 267 4365 τῶν
288 4314 614 4370 ἀποθανόντι
637 4319 732 4372 καὶ
765 4319 1068 4389 ἐγερθέντι.
1101 4339 1120 4372 ι
1166 4321 1363 4373 Ἰστέον
1385 4321 1442 4374 δὲ
1473 4322 1548 4387 ὡς
1579 4324 1725 4387 τινὲς

163 4401 239 4464 τὸ,
275 4405 738 4476 Ἀνηγγείλαμεν
762 4409 844 4475 ὡς
879 4410 1141 4472 παιδίον,
1165 4411 1252 4464 διὰ
1280 4411 1373 4465 τοῦ
1417 4414 1722 4482 γράψαντες

163 4493 297 4548 οὑτω
318 4499 485 4568 φασίν
504 4515 517 4527 ’
545 4501 810 4554 ἀντέπεσε
833 4500 942 4572 γὰρ
963 4501 1038 4564 ὡς
1071 4503 1218 4562 εἰκὸς
1244 4516 1290 4566 ι,
1320 4503 1399 4573 τῷ
1443 4490 1718 4580 προφήτῃ,

163 4585 240 4639 ὅτι
268 4590 330 4642 ab
352 4592 418 4644 ὲκ
438 4591 532 4644 τοῦ
562 4592 878 4663 Πνεῦματος
905 4594 1189 4666 ἐδιδάχθης
1219 4596 1320 4664 τὴν
1362 4596 1530 4651 αὑτοῦ
1581 4614 1721 4669 παρ-

1839 3420 1978 3473 fusa.
2019 3420 2113 3475 Est
2149 3432 2205 3474 et
2233 3421 2527 3488 despectus,
2569 3434 2659 3472 nec
2698 3426 2970 3484 reputatus
2996 3430 3015 3468 :
3061 3411 3280 3483 quando
3314 3414 3400 3466 ui-

1835 3513 2032 3565 mirum
2066 3528 2159 3581 per
2192 3513 2425 3566 Pilatqu
2471 3512 2672 3565 missus
2706 3508 2774 3563 ad
2806 3508 3112 3569 Herodem,
3157 3506 3225 3560 ab
3265 3508 3400 3560 isto-

1814 3616 1940 3670 que
1966 3611 2314 3669 contemptus
2355 3602 2422 3654 ad
2453 3601 2703 3655 eumdem
2748 3601 3010 3653 remissus
3039 3607 3151 3661 est;
3182 3596 3399 3665 quando

1832 3707 2047 3747 rursum
2077 3691 2631 3747 contumeliosissime
2670 3689 2998 3753 damnatus;
3035 3688 3257 3755 quando
3304 3687 3399 3742 de-

1832 3782 1997 3852 nique
2030 3782 2213 3837 crucis
2259 3791 2488 3836 mortem
2526 3794 2820 3849 perpessus
2853 3797 2866 3833 :
2908 3779 3050 3832 unde
3081 3785 3136 3831 et
3182 3778 3272 3829 illa
3296 3791 3397 3829 ex-

1831 3872 2055 3937 sistunt,
2086 3872 2287 3941 quibus
2314 3886 2373 3925 se
2413 3869 2639 3924 dorsum
2677 3883 2838 3922 suum
2890 3866 3212 3920 verberibus
3259 3880 3398 3933 pra:-

1830 3967 2016 4021 buisse
2069 3966 2149 4030 ’°,
2201 3973 2257 4019 et
2310 3978 2433 4033 quae
2485 3963 2773 4029 deinceps,
2840 3958 3096 4029 superius
3156 3956 3392 4012 dicebat.

1829 4057 2033 4113 Passus
2056 4067 2143 4111 est
2169 4070 2302 4125 ergo
2328 4069 2439 4108 non
2466 4054 2519 4107 in
2565 4052 2649 4107 sui
2683 4050 2796 4121 (qui
2826 4057 3111 4120 peccatum
3144 4060 3256 4102 non
3296 4048 3393 4101 ad-

1827 4151 2021 4222 misit),
2070 4149 2163 4205 sed
2192 4150 2247 4203 in
2299 4149 2470 4203 nostri
2509 4144 2678 4201 debiti
2731 4143 3195 4214 persolutionem;
3249 4156 3394 4197 unus

1826 4246 2068 4297 omnium
2092 4242 2249 4312 longe
2262 4238 2772 4310 praestantissimus.
2800 4237 2970 4291 Paulo
2994 4244 3149 4296 teste,
3166 4235 3387 4290 ubisit:

1831 4351 1850 4383 ι
1894 4332 2046 4388 Unus
2078 4347 2179 4402 pro
2217 4330 2474 4385 omnibus
2527 4338 2776 4382 mortuus
2807 4335 2914 4389 est,
2947 4335 3006 4380 ut
3034 4325 3127 4395 qui
3166 4324 3387 4387 vivunt,

1825 4423 1929 4478 sibi
1951 4423 2183 4490 amplius
2208 4435 2317 4475 non
2349 4421 2561 4482 vivant,
2598 4417 2694 4474 sed
2721 4416 2848 4486 ipsi,
2868 4412 2968 4484 'qui
3013 4429 3109 4483 pro
3135 4415 3214 4468 eis
3244 4427 3390 4466 mor-

1825 4523 1952 4567 tuus
1983 4523 2068 4568 est
2116 4522 2170 4568 et
2211 4514 2514 4568 resurretit
2555 4512 2622 4566 ".
2657 4527 2674 4561 ι
2708 4508 2800 4562 Est
2825 4518 3005 4561 autem
3048 4504 3389 4558 animadver-

1824 4602 2067 4667 tendum,
2093 4617 2202 4670 quo
2226 4602 2346 4655 loco
2369 4600 2802 4655 annuntiavimus
2833 4606 3083 4665 tanquam
3110 4594 3388 4665 parvulum

163 4678 363 4743 ουσίαν,
415 4682 582 4751 ἐχρῆν
608 4681 666 4734 δὲ
693 4683 786 4735 καὶ
831 4683 958 4743 τοὺς
1015 4663 1209 4746 ἄλλους
1232 4663 1529 4740 διδάσκειν.
1577 4685 1636 4737 ὐ
1661 4663 1721 4738 δέ

1835 4695 2090 4755 habetur,
2148 4708 2397 4762 campum
2457 4691 2755 4745 nonnullos
2791 4690 2993 4757 legere.
3045 4686 3182 4742 Esse
3240 4687 3386 4741 enim

166 4780 339 4836 φησιν,
366 4769 442 4832 ὡς
466 4771 566 4824 οὑκ
595 4771 950 4840 ἐπαυσάμεθα
982 4773 1184 4836 πάντες
1204 4774 1254 4827 οἱ
1279 4775 1556 4845 προφῆται
1593 4776 1724 4846 ὑμῖν

1835 4791 2252 4839 :ousentaneum
2304 4780 2584 4850 propheta:
2649 4776 2940 4846 quemdam
2988 4790 3301 4835 occurrere,
3335 4781 3390 4827 et

163 4854 578 4926 ἀναγγέλλοντες
607 4864 688 4928 ὡς
730 4864 960 4927 πεδίον,
1010 4863 1155 4917 τοῦτ’
1208 4865 1355 4918 ἐστιν
1421 4866 1498 4929 ὡς
1555 4868 1725 4939 ἀγρὸς

1835 4873 2041 4936 licere;
2072 4872 2330 4941 quoniam
2381 4867 2589 4935 Spiritu
2632 4874 2824 4919 sancto
2871 4865 3103 4918 docente
3143 4863 3264 4931 ejus
3293 4861 3389 4916 ad-

166 4947 389 5023 εὐανθὴς
446 4955 542 5006 καὶ
598 4955 967 5025 καρποφόρος,
992 4954 1024 5025 ἦ
1058 4955 1152 5008 καὶ
1182 4956 1263 5022 ὡς
1277 4957 1410 5024 ῥίζα
1437 4958 1507 5011 ἐν
1534 4958 1613 5027 τῇ
1637 4958 1723 5011 διοη

1823 4970 2039 5017 ventum
2087 4962 2360 5024 didicerit,
2394 4960 2588 5014 decere
2639 4965 2693 5013 et
2730 4958 2870 5011 alios
2924 4956 3100 5025 ipsum
3153 4955 3387 5015 docere,

162 5037 352 5107 ψώση,
406 5042 722 5113 ἀρδεύοντος
773 5044 922 5114 ἡμᾶς
960 5044 1057 5096 τοῦ
1107 5044 1466 5112 Μονογενοῦς,
1515 5064 1535 5097 ι
1565 5042 1724 5116 Ἑνῷ

1835 5052 1916 5108 sed
1959 5051 2312 5120 respondere,
2344 5051 2638 5119 prophetas
2674 5062 2864 5103 omnes
2891 5045 3062 5114 campi
3108 5044 3302 5104 instar,
3334 5042 3387 5097 id

164 5128 353 5197 πάντες
398 5133 538 5186 εἰσιν
561 5134 612 5185 οἱ
642 5133 905 5203 θησαυροὶ
946 5134 1046 5202 τῆς
1086 5133 1279 5201 σοφίας
1327 5135 1420 5188 καὶ
1464 5136 1720 5202 γνώσεως

164 5215 514 5291 ἀπόκρυφοι,ι
541 5223 705 5276 πάλαι
724 5223 860 5292 μετὰ
878 5223 986 5275 τῶν
1011 5222 1188 5277 ἄλλων
1215 5223 1518 5294 ἀνθρώπων
1546 5225 1716 5296 ξηρὰν

167 5307 254 5359 καὶ
278 5311 524 5384 ἄκαρπον
565 5314 925 5385 ὑπάρχοντας
950 5315 1074 5385 γῆν.
1100 5314 1245 5368 Ἀλλ’
1272 5316 1605 5386 άνεθάλομεν
1626 5317 1716 5371 διὰ

230 5418 274 5496 ’ξ
306 5425 349 5480 ll
386 5426 510 5481 Cor.
541 5443 593 5488 ν,
633 5429 722 5483 2i.
798 5427 841 5459 ⁸⁷
899 5414 1057 5483 Deut.
1084 5444 1194 5493 χχι,
1227 5431 1328 5495 25;
1388 5429 1564 5486 Galat.
1614 5448 1693 5496 ιιι,

1900 5433 1947 5464 ⁸⁸
1982 5430 2129 5488 Psal.
2161 5446 2308 5496 κων,
2342 5431 2396 5483 5.

168 5498 217 5550 ιο.
245 5493 296 5547 6,
367 5498 411 5529 ⁹¹
448 5496 486 5551 Il
513 5499 642 5553 Cor.
670 5514 722 5563 v,
774 5498 860 5551 Η.

1825 5152 1910 5198 est
1947 5142 2061 5212 agri
2092 5140 2269 5195 ﬂoridi
2304 5147 2359 5193 et
2386 5137 2659 5207 frugiferi,
2691 5136 2801 5191 illis
2834 5147 3114 5203 nunquam
3144 5146 3251 5185 non
3285 5145 3387 5183 an-

1826 5229 2110 5284 uuntiasse
2145 5245 2158 5281 :
2197 5226 2280 5282 vel
2332 5224 2497 5279 etiam
2546 5231 2799 5292 tanquam
2852 5221 3083 5273 radicem
3138 5218 3195 5270 in
3243 5225 3386 5270 terra

1824 5320 2048 5386 sitienti,
2090 5334 2215 5373 cum
2249 5332 2344 5372 eos
2376 5316 2630 5385 irrigaret
2680 5311 3049 5381 Uuigenitus:
3100 5327 3118 5359 ι
3168 5306 3227 5361 In
3276 5321 3386 5374 quo

2247 5397 2308 5486 iv.
2342 5431 2396 5483 5.
2521 5429 2566 5463 ⁸³
2602 5422 2790 5481 Matth.
2827 5436 2974 5486 xxvr,
3017 5418 3107 5474 58.
3202 5418 3249 5452 νο
3275 5415 3384 5471 lsa.

1446 5579 1679 5634 VARle
1717 5578 2119 5636 LECTlONES.

234 5679 360 5752 ίγρ.
390 5685 554 5756 ἁλφῇ.
634 5695 658 5723 ιι
694 5687 776 5739 ῖσ.
810 5683 935 5753 γάρ.
1012 5690 1036 5719 ν
1078 5696 1164 5748 yp.
1209 5677 1386 5740 αὑτός.
1463 5684 1488 5712 ι
1529 5677 1614 5729 ἵσ.
1658 5678 1717 5728 .i.
1751 5691 1832 5737 τις
1867 5674 2053 5731 εἰπών.
