  <div class='ocr_page' id='page_1' title='image "/cluster/home/n/w/nwhite01/storage/ocr_20150623/87 pars.2/pst.000005712908/502.png"; bbox 0 0 3980 6306; ppageno 0'>
   <div class='ocr_carea' id='block_1_1' title="bbox 103 353 245 414">
    <p class='ocr_par' dir='ltr' id='par_1_1' title="bbox 103 353 245 414">
     <span class='ocr_line' id='line_1_1' title="bbox 103 353 245 414; baseline -0.007 0"><span class='ocrx_word' id='word_1_1' title='bbox 103 353 245 414; x_wconf 64' lang='grc'>2525</span> 
     </span>
    </p>
   </div>
   <div class='ocr_carea' id='block_1_2' title="bbox 1204 353 2324 420">
    <p class='ocr_par' dir='ltr' id='par_1_2' title="bbox 1204 353 2324 420">
     <span class='ocr_line' id='line_1_2' title="bbox 1204 353 2324 420; baseline 0 -8"><span class='ocrx_word' id='word_1_2' title='bbox 1204 354 1734 414; x_wconf 74' lang='lat' dir='ltr'><strong>COMMENTARII</strong></span> <span class='ocrx_word' id='word_1_3' title='bbox 1794 353 2221 420; x_wconf 65' lang='lat' dir='ltr'><strong>INJSAIAM.</strong></span> <span class='ocrx_word' id='word_1_4' title='bbox 2319 362 2324 368; x_wconf 87' lang='lat'><em>&#39;</em></span> 
     </span>
    </p>
   </div>
   <div class='ocr_carea' id='block_1_3' title="bbox 3204 353 3344 415">
    <p class='ocr_par' dir='ltr' id='par_1_3' title="bbox 3204 353 3344 415">
     <span class='ocr_line' id='line_1_3' title="bbox 3204 353 3344 415; baseline 0.014 -2"><span class='ocrx_word' id='word_1_5' title='bbox 3204 353 3344 415; x_wconf 73' lang='grc'><strong>2526</strong></span> 
     </span>
    </p>
   </div>
   <div class='ocr_carea' id='block_1_4' title="bbox 108 455 1690 530">
    <p class='ocr_par' dir='ltr' id='par_1_4' title="bbox 108 456 1673 530">
     <span class='ocr_line' id='line_1_4' title="bbox 108 456 1673 530; baseline 0.002 -19"><span class='ocrx_word' id='word_1_6' title='bbox 108 456 376 520; x_wconf 83' lang='grc' dir='ltr'><strong>ιὊνειδος</strong></span> <span class='ocrx_word' id='word_1_7' title='bbox 434 457 629 527; x_wconf 69' lang='grc' dir='ltr'>ἄφρονι</span> <span class='ocrx_word' id='word_1_8' title='bbox 675 456 881 520; x_wconf 77' lang='grc' dir='ltr'><strong>ἔδωκάς</strong></span> <span class='ocrx_word' id='word_1_9' title='bbox 936 475 1025 527; x_wconf 87' lang='grc' dir='ltr'><strong>με.</strong></span> <span class='ocrx_word' id='word_1_10' title='bbox 1056 458 1408 530; x_wconf 82' lang='grc' dir='ltr'><strong>Ἐκωφὼθην,</strong></span> <span class='ocrx_word' id='word_1_11' title='bbox 1438 462 1531 514; x_wconf 73' lang='grc' dir='ltr'><strong>καὶ</strong></span> <span class='ocrx_word' id='word_1_12' title='bbox 1574 463 1673 515; x_wconf 77' lang='grc' dir='ltr'>οὐκ</span> 
     </span>
    </p>
   </div>
   <div class='ocr_carea' id='block_1_5' title="bbox 1793 455 3346 530">
    <p class='ocr_par' dir='ltr' id='par_1_5' title="bbox 1793 455 3346 529">
     <span class='ocr_line' id='line_1_5' title="bbox 1793 455 3346 529; baseline -0.003 -13"><span class='ocrx_word' id='word_1_13' title='bbox 1793 463 1959 516; x_wconf 79' lang='lat' dir='ltr'><strong>brium</strong></span> <span class='ocrx_word' id='word_1_14' title='bbox 2000 457 2277 529; x_wconf 77' lang='lat' dir='ltr'><strong>insipienti</strong></span> <span class='ocrx_word' id='word_1_15' title='bbox 2323 457 2522 513; x_wconf 67' lang='lat' dir='ltr'><strong>dedisti</strong></span> <span class='ocrx_word' id='word_1_16' title='bbox 2553 471 2638 511; x_wconf 90' lang='lat' dir='ltr'><strong>me</strong></span> <span class='ocrx_word' id='word_1_17' title='bbox 2667 458 2707 510; x_wconf 82' lang='grc'><strong>⁸.</strong></span> <span class='ocrx_word' id='word_1_18' title='bbox 2734 487 2801 497; x_wconf 90' lang='lat'><strong>--</strong></span> <span class='ocrx_word' id='word_1_19' title='bbox 2843 455 3123 522; x_wconf 87' lang='lat' dir='ltr'><strong>Obmutui,</strong></span> <span class='ocrx_word' id='word_1_20' title='bbox 3151 467 3203 511; x_wconf 89' lang='lat' dir='ltr'><strong>et</strong></span> <span class='ocrx_word' id='word_1_21' title='bbox 3235 473 3346 512; x_wconf 91' lang='lat' dir='ltr'><strong>non</strong></span> 
     </span>
    </p>
   </div>
   <div class='ocr_carea' id='block_1_6' title="bbox 102 548 1674 623">
    <p class='ocr_par' dir='ltr' id='par_1_6' title="bbox 102 548 1674 623">
     <span class='ocr_line' id='line_1_6' title="bbox 102 548 1674 623; baseline 0.002 -20"><span class='ocrx_word' id='word_1_22' title='bbox 102 550 286 621; x_wconf 70' lang='grc' dir='ltr'>ἧνοιξα</span> <span class='ocrx_word' id='word_1_23' title='bbox 305 549 365 602; x_wconf 78' lang='grc' dir='ltr'><strong>τὸ</strong></span> <span class='ocrx_word' id='word_1_24' title='bbox 385 548 558 615; x_wconf 80' lang='grc' dir='ltr'><strong>στόμα</strong></span> <span class='ocrx_word' id='word_1_25' title='bbox 588 567 711 616; x_wconf 83' lang='grc' dir='ltr'>μου.</span> <span class='ocrx_word' id='word_1_26' title='bbox 735 569 755 602; x_wconf 71' lang='grc' dir='ltr'><strong>ι</strong></span> <span class='ocrx_word' id='word_1_27' title='bbox 797 549 1060 620; x_wconf 76' lang='grc' dir='ltr'><strong>’Λληθοῦς</strong></span> <span class='ocrx_word' id='word_1_28' title='bbox 1099 550 1304 614; x_wconf 79' lang='grc' dir='ltr'><strong>πάθους</strong></span> <span class='ocrx_word' id='word_1_29' title='bbox 1322 565 1346 591; x_wconf 69' lang='grc'><strong><em>⁸</em></strong></span> <span class='ocrx_word' id='word_1_30' title='bbox 1380 552 1487 623; x_wconf 73' lang='grc' dir='ltr'>ἄρα</span> <span class='ocrx_word' id='word_1_31' title='bbox 1524 549 1592 622; x_wconf 79' lang='grc' dir='ltr'><strong>ἦν</strong></span> <span class='ocrx_word' id='word_1_32' title='bbox 1617 555 1674 606; x_wconf 80' lang='grc' dir='ltr'>ἐν</span> 
     </span>
    </p>
   </div>
   <div class='ocr_carea' id='block_1_7' title="bbox 102 636 1670 710">
    <p class='ocr_par' dir='ltr' id='par_1_7' title="bbox 102 636 1670 710">
     <span class='ocr_line' id='line_1_7' title="bbox 102 636 1670 710; baseline -0.001 -16"><span class='ocrx_word' id='word_1_33' title='bbox 102 638 491 710; x_wconf 79' lang='grc' dir='ltr'>Χριστῷ-κατὰ</span> <span class='ocrx_word' id='word_1_34' title='bbox 521 640 581 690; x_wconf 82' lang='grc' dir='ltr'><strong>τὸ</strong></span> <span class='ocrx_word' id='word_1_35' title='bbox 611 636 973 708; x_wconf 81' lang='grc' dir='ltr'>ἀνθρώπινον.</span> <span class='ocrx_word' id='word_1_36' title='bbox 1006 637 1155 690; x_wconf 59' lang='grc' dir='ltr'>Ἀντί</span> <span class='ocrx_word' id='word_1_37' title='bbox 1181 637 1238 690; x_wconf 84' lang='grc' dir='ltr'><strong>δὲ</strong></span> <span class='ocrx_word' id='word_1_38' title='bbox 1266 637 1383 701; x_wconf 81' lang='grc' dir='ltr'>τοῦ,</span> <span class='ocrx_word' id='word_1_39' title='bbox 1424 639 1528 692; x_wconf 84' lang='grc' dir='ltr'><strong>Καὶ</strong></span> <span class='ocrx_word' id='word_1_40' title='bbox 1562 641 1670 692; x_wconf 85' lang='grc' dir='ltr'><strong>αὑ-</strong></span> 
     </span>
    </p>
   </div>
   <div class='ocr_carea' id='block_1_8' title="bbox 104 724 1693 796">
    <p class='ocr_par' dir='ltr' id='par_1_8' title="bbox 104 724 1693 796">
     <span class='ocr_line' id='line_1_8' title="bbox 104 724 1693 796; baseline -0.001 -14"><span class='ocrx_word' id='word_1_41' title='bbox 104 730 203 794; x_wconf 79' lang='grc' dir='ltr'><strong>τὸς</strong></span> <span class='ocrx_word' id='word_1_42' title='bbox 226 727 322 782; x_wconf 79' lang='grc' dir='ltr'><strong>διὰ</strong></span> <span class='ocrx_word' id='word_1_43' title='bbox 342 728 403 781; x_wconf 83' lang='grc' dir='ltr'>τὸ</span> <span class='ocrx_word' id='word_1_44' title='bbox 437 726 814 782; x_wconf 82' lang='grc' dir='ltr'><strong>κεκακῶσθαι</strong></span> <span class='ocrx_word' id='word_1_45' title='bbox 851 728 964 780; x_wconf 85' lang='grc' dir='ltr'>οὐκ</span> <span class='ocrx_word' id='word_1_46' title='bbox 1015 727 1239 796; x_wconf 81' lang='grc' dir='ltr'>ἀνοίγει</span> <span class='ocrx_word' id='word_1_47' title='bbox 1297 728 1365 781; x_wconf 85' lang='grc' dir='ltr'>τὸ</span> <span class='ocrx_word' id='word_1_48' title='bbox 1408 729 1620 795; x_wconf 80' lang='grc' dir='ltr'><em>στόμα,</em></span> <span class='ocrx_word' id='word_1_49' title='bbox 1648 724 1693 780; x_wconf 75' lang='grc' dir='ltr'><em>ὅ</em></span> 
     </span>
    </p>
   </div>
   <div class='ocr_carea' id='block_1_9' title="bbox 105 817 1671 889">
    <p class='ocr_par' dir='ltr' id='par_1_9' title="bbox 105 817 1671 889">
     <span class='ocr_line' id='line_1_9' title="bbox 105 817 1671 889; baseline -0.001 -16"><span class='ocrx_word' id='word_1_50' title='bbox 105 819 396 889; x_wconf 74' lang='grc' dir='ltr'>Σύμμαχος</span> <span class='ocrx_word' id='word_1_51' title='bbox 412 834 563 888; x_wconf 81' lang='grc' dir='ltr'>φησι’</span> <span class='ocrx_word' id='word_1_52' title='bbox 582 817 857 885; x_wconf 85' lang='grc' dir='ltr'>Προσηνέ</span> <span class='ocrx_word' id='word_1_53' title='bbox 859 820 995 886; x_wconf 79' lang='grc' dir='ltr'><strong>χθη,</strong></span> <span class='ocrx_word' id='word_1_54' title='bbox 1017 818 1112 871; x_wconf 81' lang='grc' dir='ltr'>καὶ</span> <span class='ocrx_word' id='word_1_55' title='bbox 1134 817 1318 881; x_wconf 84' lang='grc' dir='ltr'>αὐτὸς</span> <span class='ocrx_word' id='word_1_56' title='bbox 1337 817 1671 885; x_wconf 83' lang='grc' dir='ltr'>ὑπήκουσε.</span> 
     </span>
    </p>
   </div>
   <div class='ocr_carea' id='block_1_10' title="bbox 104 907 1677 978">
    <p class='ocr_par' dir='ltr' id='par_1_10' title="bbox 104 907 1677 978">
     <span class='ocr_line' id='line_1_10' title="bbox 104 907 1677 978; baseline -0.001 -15"><span class='ocrx_word' id='word_1_57' title='bbox 104 912 222 964; x_wconf 83' lang='grc' dir='ltr'>Τίνι</span> <span class='ocrx_word' id='word_1_58' title='bbox 245 911 299 963; x_wconf 81' lang='grc' dir='ltr'><strong>δὲ</strong></span> <span class='ocrx_word' id='word_1_59' title='bbox 322 907 735 978; x_wconf 82' lang='grc' dir='ltr'><strong>προσηνέχθη,</strong></span> <span class='ocrx_word' id='word_1_60' title='bbox 781 907 896 960; x_wconf 82' lang='grc' dir='ltr'>ἀλλ’</span> <span class='ocrx_word' id='word_1_61' title='bbox 932 907 1064 978; x_wconf 81' lang='grc' dir='ltr'><strong>ἢτῷ</strong></span> <span class='ocrx_word' id='word_1_62' title='bbox 1095 909 1348 978; x_wconf 78' lang='grc' dir='ltr'>Πιλάτῳς</span> <span class='ocrx_word' id='word_1_63' title='bbox 1406 908 1583 978; x_wconf 76' lang='grc' dir='ltr'>ἐσίγα</span> <span class='ocrx_word' id='word_1_64' title='bbox 1621 908 1677 961; x_wconf 83' lang='grc' dir='ltr'><strong>δὲ</strong></span> 
     </span>
    </p>
   </div>
   <div class='ocr_carea' id='block_1_11' title="bbox 102 999 1676 1074">
    <p class='ocr_par' dir='ltr' id='par_1_11' title="bbox 102 999 1676 1074">
     <span class='ocr_line' id='line_1_11' title="bbox 102 999 1676 1074; baseline -0.003 -19"><span class='ocrx_word' id='word_1_65' title='bbox 102 1001 739 1074; x_wconf 72' lang='grc' dir='ltr'>ψευδομαρτυρούμενος.</span> <span class='ocrx_word' id='word_1_66' title='bbox 777 1000 1077 1062; x_wconf 80' lang='grc' dir='ltr'>Ἦπίστατο</span> <span class='ocrx_word' id='word_1_67' title='bbox 1104 1000 1212 1070; x_wconf 83' lang='grc' dir='ltr'><strong>γὰρ</strong></span> <span class='ocrx_word' id='word_1_68' title='bbox 1243 1001 1548 1070; x_wconf 79' lang='grc' dir='ltr'>ἀνήσουσαν</span> <span class='ocrx_word' id='word_1_69' title='bbox 1576 999 1676 1069; x_wconf 79' lang='grc' dir='ltr'><strong>μὲν</strong></span> 
     </span>
    </p>
   </div>
   <div class='ocr_carea' id='block_1_12' title="bbox 103 1078 1673 1158">
    <p class='ocr_par' dir='ltr' id='par_1_12' title="bbox 103 1078 1673 1158">
     <span class='ocr_line' id='line_1_12' title="bbox 103 1078 1673 1158; baseline -0.006 -14"><span class='ocrx_word' id='word_1_70' title='bbox 103 1092 254 1144; x_wconf 81' lang='grc' dir='ltr'>οὐδὲν</span> <span class='ocrx_word' id='word_1_71' title='bbox 306 1086 407 1158; x_wconf 75' lang='grc' dir='ltr'>τὴν</span> <span class='ocrx_word' id='word_1_72' title='bbox 449 1088 743 1156; x_wconf 83' lang='grc' dir='ltr'>ἀπολογίαν</span> <span class='ocrx_word' id='word_1_73' title='bbox 778 1085 931 1157; x_wconf 86' lang='grc' dir='ltr'>(παρ’</span> <span class='ocrx_word' id='word_1_74' title='bbox 987 1078 1199 1156; x_wconf 77' lang='grc' dir='ltr'>ἐχθροῖς</span> <span class='ocrx_word' id='word_1_75' title='bbox 1253 1085 1362 1156; x_wconf 77' lang='grc' dir='ltr'><strong>γὰρ</strong></span> <span class='ocrx_word' id='word_1_76' title='bbox 1405 1081 1673 1154; x_wconf 74' lang='grc' dir='ltr'>ἐκρίνετο)</span> 
     </span>
    </p>
   </div>
   <div class='ocr_carea' id='block_1_13' title="bbox 105 1173 1672 1252">
    <p class='ocr_par' dir='ltr' id='par_1_13' title="bbox 105 1173 1672 1252">
     <span class='ocr_line' id='line_1_13' title="bbox 105 1173 1672 1252; baseline -0.006 -18"><span class='ocrx_word' id='word_1_77' title='bbox 105 1181 240 1252; x_wconf 63' lang='grc' dir='ltr'>προς</span> <span class='ocrx_word' id='word_1_78' title='bbox 295 1180 464 1249; x_wconf 65' lang='grc' dir='ltr'>θυμὸν</span> <span class='ocrx_word' id='word_1_79' title='bbox 518 1179 573 1230; x_wconf 83' lang='grc' dir='ltr'><strong>δὲ</strong></span> <span class='ocrx_word' id='word_1_80' title='bbox 629 1179 826 1241; x_wconf 77' lang='grc' dir='ltr'>αὐτοὺς</span> <span class='ocrx_word' id='word_1_81' title='bbox 896 1178 1252 1246; x_wconf 84' lang='grc' dir='ltr'>ὑφάπτουσαν</span> <span class='ocrx_word' id='word_1_82' title='bbox 1318 1173 1672 1244; x_wconf 79' lang='grc' dir='ltr'><strong>ἀγριώτερον,</strong></span> 
     </span>
    </p>
   </div>
   <div class='ocr_carea' id='block_1_14' title="bbox 104 1263 1677 1336">
    <p class='ocr_par' dir='ltr' id='par_1_14' title="bbox 104 1263 1677 1336">
     <span class='ocr_line' id='line_1_14' title="bbox 104 1263 1677 1336; baseline -0.006 -12"><span class='ocrx_word' id='word_1_83' title='bbox 104 1272 230 1326; x_wconf 68' lang='grc' dir='ltr'>Υίὸν</span> <span class='ocrx_word' id='word_1_84' title='bbox 281 1270 470 1324; x_wconf 81' lang='grc' dir='ltr'>ἑαυτὸν</span> <span class='ocrx_word' id='word_1_85' title='bbox 530 1267 667 1323; x_wconf 83' lang='grc' dir='ltr'>εἶναι</span> <span class='ocrx_word' id='word_1_86' title='bbox 713 1269 963 1336; x_wconf 78' lang='grc' dir='ltr'>λέγοντος</span> <span class='ocrx_word' id='word_1_87' title='bbox 1013 1268 1108 1320; x_wconf 81' lang='grc' dir='ltr'>τοῦ</span> <span class='ocrx_word' id='word_1_88' title='bbox 1169 1264 1326 1332; x_wconf 82' lang='grc' dir='ltr'><strong>Θεοῦ,</strong></span> <span class='ocrx_word' id='word_1_89' title='bbox 1361 1263 1591 1333; x_wconf 82' lang='grc' dir='ltr'>Σωτῆρά</span> <span class='ocrx_word' id='word_1_90' title='bbox 1616 1279 1677 1315; x_wconf 83' lang='grc' dir='ltr'><strong>τε</strong></span> 
     </span>
    </p>
   </div>
   <div class='ocr_carea' id='block_1_15' title="bbox 104 1350 1681 1426">
    <p class='ocr_par' dir='ltr' id='par_1_15' title="bbox 104 1350 1681 1426">
     <span class='ocr_line' id='line_1_15' title="bbox 104 1350 1681 1426; baseline -0.008 -13"><span class='ocrx_word' id='word_1_91' title='bbox 104 1361 322 1413; x_wconf 87' lang='grc' dir='ltr'>πάντων</span> <span class='ocrx_word' id='word_1_92' title='bbox 351 1358 442 1411; x_wconf 70' lang='grc' dir='ltr'><strong>καὶ</strong></span> <span class='ocrx_word' id='word_1_93' title='bbox 484 1357 788 1426; x_wconf 74' lang='grc' dir='ltr'><strong>λυτρωτὴν.</strong></span> <span class='ocrx_word' id='word_1_94' title='bbox 829 1356 974 1426; x_wconf 76' lang='grc' dir='ltr'>Πλὴν</span> <span class='ocrx_word' id='word_1_95' title='bbox 1016 1355 1118 1408; x_wconf 86' lang='grc' dir='ltr'>οὐκ</span> <span class='ocrx_word' id='word_1_96' title='bbox 1153 1353 1562 1423; x_wconf 83' lang='grc' dir='ltr'><strong>ἀπροφάσιστον</strong></span> <span class='ocrx_word' id='word_1_97' title='bbox 1585 1350 1681 1402; x_wconf 84' lang='grc' dir='ltr'>αὐ-</span> 
     </span>
    </p>
   </div>
   <div class='ocr_carea' id='block_1_16' title="bbox 102 1439 1680 1518">
    <p class='ocr_par' dir='ltr' id='par_1_16' title="bbox 102 1439 1680 1518">
     <span class='ocr_line' id='line_1_16' title="bbox 102 1439 1680 1518; baseline -0.007 -16"><span class='ocrx_word' id='word_1_98' title='bbox 102 1453 214 1512; x_wconf 87' lang='grc' dir='ltr'>τοῖς</span> <span class='ocrx_word' id='word_1_99' title='bbox 268 1449 366 1518; x_wconf 77' lang='grc' dir='ltr'>τὴν</span> <span class='ocrx_word' id='word_1_100' title='bbox 415 1447 691 1518; x_wconf 77' lang='grc' dir='ltr'>ἁμαρτίαν</span> <span class='ocrx_word' id='word_1_101' title='bbox 741 1445 1019 1515; x_wconf 75' lang='grc' dir='ltr'>εποίησεν,</span> <span class='ocrx_word' id='word_1_102' title='bbox 1077 1443 1349 1514; x_wconf 75' lang='grc' dir='ltr'>ὀρκίζοντι</span> <span class='ocrx_word' id='word_1_103' title='bbox 1381 1441 1481 1508; x_wconf 77' lang='grc' dir='ltr'>μὲν</span> <span class='ocrx_word' id='word_1_104' title='bbox 1508 1439 1680 1493; x_wconf 77' lang='grc' dir='ltr'>εἰπὼν</span> 
     </span>
    </p>
   </div>
   <div class='ocr_carea' id='block_1_17' title="bbox 100 1530 1680 1610">
    <p class='ocr_par' dir='ltr' id='par_1_17' title="bbox 100 1530 1680 1610">
     <span class='ocr_line' id='line_1_17' title="bbox 100 1530 1680 1610; baseline -0.006 -18"><span class='ocrx_word' id='word_1_105' title='bbox 100 1541 178 1609; x_wconf 81' lang='grc' dir='ltr'>τῷ</span> <span class='ocrx_word' id='word_1_106' title='bbox 196 1541 418 1610; x_wconf 74' lang='grc' dir='ltr'>Καῖάφᾳ</span> <span class='ocrx_word' id='word_1_107' title='bbox 433 1540 511 1592; x_wconf 78' lang='grc' dir='ltr'><strong>τό·</strong></span> <span class='ocrx_word' id='word_1_108' title='bbox 536 1559 553 1589; x_wconf 74' lang='grc' dir='ltr'><strong>ι</strong></span> <span class='ocrx_word' id='word_1_109' title='bbox 568 1537 800 1608; x_wconf 80' lang='grc' dir='ltr'>Ἀπάρτι</span> <span class='ocrx_word' id='word_1_110' title='bbox 822 1535 1016 1606; x_wconf 66' lang='grc' dir='ltr'>ὄψεσθε</span> <span class='ocrx_word' id='word_1_111' title='bbox 1034 1535 1126 1588; x_wconf 81' lang='grc' dir='ltr'>τὸν</span> <span class='ocrx_word' id='word_1_112' title='bbox 1139 1535 1264 1588; x_wconf 83' lang='grc' dir='ltr'>Υἱὸν</span> <span class='ocrx_word' id='word_1_113' title='bbox 1275 1532 1368 1586; x_wconf 81' lang='grc' dir='ltr'>τοῦ</span> <span class='ocrx_word' id='word_1_114' title='bbox 1388 1530 1680 1604; x_wconf 83' lang='grc' dir='ltr'>ἀνθρώπου</span> 
     </span>
    </p>
   </div>
   <div class='ocr_carea' id='block_1_18' title="bbox 103 1617 1678 1698">
    <p class='ocr_par' dir='ltr' id='par_1_18' title="bbox 103 1617 1678 1698">
     <span class='ocr_line' id='line_1_18' title="bbox 103 1617 1678 1698; baseline -0.005 -16"><span class='ocrx_word' id='word_1_115' title='bbox 103 1629 410 1698; x_wconf 79' lang='grc' dir='ltr'>καθήμενον</span> <span class='ocrx_word' id='word_1_116' title='bbox 441 1631 505 1681; x_wconf 77' lang='grc' dir='ltr'>ὲκ</span> <span class='ocrx_word' id='word_1_117' title='bbox 531 1626 718 1692; x_wconf 82' lang='grc' dir='ltr'><strong>δεξιῶν</strong></span> <span class='ocrx_word' id='word_1_118' title='bbox 746 1627 844 1695; x_wconf 78' lang='grc' dir='ltr'><strong>τῆς</strong></span> <span class='ocrx_word' id='word_1_119' title='bbox 871 1625 1172 1696; x_wconf 81' lang='grc' dir='ltr'><strong>δυνάμεως·</strong></span> <span class='ocrx_word' id='word_1_120' title='bbox 1190 1643 1206 1675; x_wconf 84' lang='grc' dir='ltr'><strong>ι</strong></span> <span class='ocrx_word' id='word_1_121' title='bbox 1229 1624 1322 1676; x_wconf 77' lang='grc' dir='ltr'>καὶ</span> <span class='ocrx_word' id='word_1_122' title='bbox 1349 1623 1429 1675; x_wconf 87' lang='grc' dir='ltr'><strong>τό·</strong></span> <span class='ocrx_word' id='word_1_123' title='bbox 1462 1641 1480 1673; x_wconf 88' lang='grc'><strong><em>‹</em></strong></span> <span class='ocrx_word' id='word_1_124' title='bbox 1504 1622 1575 1674; x_wconf 81' lang='grc' dir='ltr'><strong>Σὺ</strong></span> <span class='ocrx_word' id='word_1_125' title='bbox 1601 1617 1678 1674; x_wconf 75' lang='grc' dir='ltr'><strong>εῖ-</strong></span> 
     </span>
    </p>
   </div>
   <div class='ocr_carea' id='block_1_19' title="bbox 103 1714 1680 1789">
    <p class='ocr_par' dir='ltr' id='par_1_19' title="bbox 103 1714 1680 1789">
     <span class='ocr_line' id='line_1_19' title="bbox 103 1714 1680 1789; baseline -0.006 -15"><span class='ocrx_word' id='word_1_126' title='bbox 103 1739 228 1785; x_wconf 79' lang='grc' dir='ltr'>πας,</span> <span class='ocrx_word' id='word_1_127' title='bbox 255 1740 275 1773; x_wconf 74' lang='grc' dir='ltr'><strong>ι</strong></span> <span class='ocrx_word' id='word_1_128' title='bbox 315 1719 484 1773; x_wconf 83' lang='grc' dir='ltr'>εἰπὼν</span> <span class='ocrx_word' id='word_1_129' title='bbox 512 1720 727 1789; x_wconf 70' lang='grc' dir='ltr'>Πιλὰτῳ</span> <span class='ocrx_word' id='word_1_130' title='bbox 771 1718 1161 1786; x_wconf 80' lang='grc' dir='ltr'><strong>πυνθανομένῳ</strong></span> <span class='ocrx_word' id='word_1_131' title='bbox 1193 1717 1240 1768; x_wconf 85' lang='grc' dir='ltr'><strong>εί</strong></span> <span class='ocrx_word' id='word_1_132' title='bbox 1273 1714 1529 1785; x_wconf 84' lang='grc' dir='ltr'>βασιλεύς</span> <span class='ocrx_word' id='word_1_133' title='bbox 1563 1714 1680 1766; x_wconf 74' lang='grc' dir='ltr'>ἐστι</span> 
     </span>
    </p>
   </div>
   <div class='ocr_carea' id='block_1_20' title="bbox 1777 548 3349 623">
    <p class='ocr_par' dir='ltr' id='par_1_20' title="bbox 1777 548 3349 623">
     <span class='ocr_line' id='line_1_20' title="bbox 1777 548 3349 623; baseline -0.004 -16"><span class='ocrx_word' id='word_1_134' title='bbox 1777 555 1964 623; x_wconf 85' lang='lat' dir='ltr'><strong>aperui</strong></span> <span class='ocrx_word' id='word_1_135' title='bbox 1988 569 2049 609; x_wconf 92' lang='lat' dir='ltr'><strong>os</strong></span> <span class='ocrx_word' id='word_1_136' title='bbox 2084 566 2261 606; x_wconf 89' lang='lat' dir='ltr'><strong>meum</strong></span> <span class='ocrx_word' id='word_1_137' title='bbox 2287 551 2330 604; x_wconf 94' lang='lat'><strong>&quot;.</strong></span> <span class='ocrx_word' id='word_1_138' title='bbox 2362 569 2378 602; x_wconf 79' lang='grc' dir='ltr'><strong>ι</strong></span> <span class='ocrx_word' id='word_1_139' title='bbox 2421 548 2560 602; x_wconf 85' lang='lat' dir='ltr'><strong>Vera</strong></span> <span class='ocrx_word' id='word_1_140' title='bbox 2596 549 2762 618; x_wconf 92' lang='lat' dir='ltr'><strong>igitur</strong></span> <span class='ocrx_word' id='word_1_141' title='bbox 2788 549 2840 602; x_wconf 84' lang='lat' dir='ltr'><strong>in</strong></span> <span class='ocrx_word' id='word_1_142' title='bbox 2873 548 3117 608; x_wconf 81' lang='lat' dir='ltr'><strong>Christo,</strong></span> <span class='ocrx_word' id='word_1_143' title='bbox 3149 562 3349 603; x_wconf 90' lang='lat' dir='ltr'><strong>secun-</strong></span> 
     </span>
    </p>
   </div>
   <div class='ocr_carea' id='block_1_21' title="bbox 1777 636 3342 706">
    <p class='ocr_par' dir='ltr' id='par_1_21' title="bbox 1777 636 3342 706">
     <span class='ocr_line' id='line_1_21' title="bbox 1777 636 3342 706; baseline -0.007 -8"><span class='ocrx_word' id='word_1_144' title='bbox 1777 644 1904 698; x_wconf 91' lang='lat' dir='ltr'><strong>dum</strong></span> <span class='ocrx_word' id='word_1_145' title='bbox 1938 641 2294 696; x_wconf 78' lang='lat' dir='ltr'><strong>humanitatis</strong></span> <span class='ocrx_word' id='word_1_146' title='bbox 2340 638 2633 699; x_wconf 90' lang='lat' dir='ltr'><strong>rationem,</strong></span> <span class='ocrx_word' id='word_1_147' title='bbox 2661 637 2849 706; x_wconf 83' lang='lat' dir='ltr'><strong>passio</strong></span> <span class='ocrx_word' id='word_1_148' title='bbox 2879 637 3108 690; x_wconf 80' lang='lat' dir='ltr'><strong>exstitit.</strong></span> <span class='ocrx_word' id='word_1_149' title='bbox 3143 636 3342 689; x_wconf 80' lang='lat' dir='ltr'><strong>Verum</strong></span> 
     </span>
    </p>
   </div>
   <div class='ocr_carea' id='block_1_22' title="bbox 1777 724 3344 803">
    <p class='ocr_par' dir='ltr' id='par_1_22' title="bbox 1777 724 3344 803">
     <span class='ocr_line' id='line_1_22' title="bbox 1777 724 3344 803; baseline -0.006 -17"><span class='ocrx_word' id='word_1_150' title='bbox 1777 749 1887 803; x_wconf 92' lang='lat' dir='ltr'><strong>quo</strong></span> <span class='ocrx_word' id='word_1_151' title='bbox 1918 734 2064 796; x_wconf 93' lang='lat' dir='ltr'><strong>loco,</strong></span> <span class='ocrx_word' id='word_1_152' title='bbox 2100 730 2168 783; x_wconf 87' lang='lat' dir='ltr'><strong>Et</strong></span> <span class='ocrx_word' id='word_1_153' title='bbox 2201 730 2308 798; x_wconf 85' lang='lat' dir='ltr'><strong>ipse</strong></span> <span class='ocrx_word' id='word_1_154' title='bbox 2329 737 2540 795; x_wconf 84' lang='lat' dir='ltr'><strong>propter</strong></span> <span class='ocrx_word' id='word_1_155' title='bbox 2556 726 2886 796; x_wconf 73' lang='lat' dir='ltr'><strong>oﬁlictionem</strong></span> <span class='ocrx_word' id='word_1_156' title='bbox 2921 741 3022 777; x_wconf 84' lang='lat' dir='ltr'><strong>non</strong></span> <span class='ocrx_word' id='word_1_157' title='bbox 3051 724 3255 790; x_wconf 82' lang='lat' dir='ltr'><strong>aperuit</strong></span> <span class='ocrx_word' id='word_1_158' title='bbox 3289 740 3344 776; x_wconf 86' lang='lat' dir='ltr'><strong>os</strong></span> 
     </span>
    </p>
   </div>
   <div class='ocr_carea' id='block_1_23' title="bbox 1776 815 3348 892">
    <p class='ocr_par' dir='ltr' id='par_1_23' title="bbox 1776 815 3348 892">
     <span class='ocr_line' id='line_1_23' title="bbox 1776 815 3348 892; baseline -0.008 -12"><span class='ocrx_word' id='word_1_159' title='bbox 1776 815 1952 889; x_wconf 76' lang='lat' dir='ltr'><strong>suum,</strong></span> <span class='ocrx_word' id='word_1_160' title='bbox 2004 823 2256 892; x_wconf 87' lang='lat' dir='ltr'><strong>legimus,</strong></span> <span class='ocrx_word' id='word_1_161' title='bbox 2285 823 2356 874; x_wconf 86' lang='lat' dir='ltr'><strong>ita</strong></span> <span class='ocrx_word' id='word_1_162' title='bbox 2401 818 2812 890; x_wconf 79' lang='lat' dir='ltr'><strong>Symmachus:</strong></span> <span class='ocrx_word' id='word_1_163' title='bbox 2856 817 3114 869; x_wconf 78' lang='lat' dir='ltr'><strong>Admotus</strong></span> <span class='ocrx_word' id='word_1_164' title='bbox 3157 825 3252 877; x_wconf 85' lang='lat' dir='ltr'><strong>est,</strong></span> <span class='ocrx_word' id='word_1_165' title='bbox 3299 825 3348 868; x_wconf 89' lang='lat' dir='ltr'><strong>et</strong></span> 
     </span>
    </p>
   </div>
   <div class='ocr_carea' id='block_1_24' title="bbox 1777 902 3348 981">
    <p class='ocr_par' dir='ltr' id='par_1_24' title="bbox 1777 902 3348 981">
     <span class='ocr_line' id='line_1_24' title="bbox 1777 902 3348 981; baseline -0.008 -14"><span class='ocrx_word' id='word_1_166' title='bbox 1777 915 1886 981; x_wconf 77' lang='lat' dir='ltr'><strong>ipse</strong></span> <span class='ocrx_word' id='word_1_167' title='bbox 1919 913 2123 981; x_wconf 89' lang='lat' dir='ltr'><strong>paruit.</strong></span> <span class='ocrx_word' id='word_1_168' title='bbox 2171 908 2276 964; x_wconf 85' lang='lat' dir='ltr'><strong>Sed</strong></span> <span class='ocrx_word' id='word_1_169' title='bbox 2326 908 2413 961; x_wconf 89' lang='lat' dir='ltr'><strong>cui</strong></span> <span class='ocrx_word' id='word_1_170' title='bbox 2447 907 2716 969; x_wconf 78' lang='lat' dir='ltr'><strong>admotus;</strong></span> <span class='ocrx_word' id='word_1_171' title='bbox 2751 905 2851 958; x_wconf 89' lang='lat' dir='ltr'><strong>nisi</strong></span> <span class='ocrx_word' id='word_1_172' title='bbox 2899 904 3116 958; x_wconf 85' lang='lat' dir='ltr'><strong>Pilato?</strong></span> <span class='ocrx_word' id='word_1_173' title='bbox 3159 902 3348 955; x_wconf 87' lang='lat' dir='ltr'><strong>Tacuit</strong></span> 
     </span>
    </p>
   </div>
   <div class='ocr_carea' id='block_1_25' title="bbox 1779 995 3352 1066">
    <p class='ocr_par' dir='ltr' id='par_1_25' title="bbox 1779 995 3352 1066">
     <span class='ocr_line' id='line_1_25' title="bbox 1779 995 3352 1066; baseline -0.009 -8"><span class='ocrx_word' id='word_1_174' title='bbox 1779 1001 1994 1066; x_wconf 87' lang='lat' dir='ltr'><strong>deinde,</strong></span> <span class='ocrx_word' id='word_1_175' title='bbox 2031 1016 2155 1055; x_wconf 90' lang='lat' dir='ltr'><strong>cum</strong></span> <span class='ocrx_word' id='word_1_176' title='bbox 2195 1001 2330 1053; x_wconf 83' lang='lat' dir='ltr'><strong>falsa</strong></span> <span class='ocrx_word' id='word_1_177' title='bbox 2369 1001 2424 1052; x_wconf 91' lang='lat' dir='ltr'><strong>in</strong></span> <span class='ocrx_word' id='word_1_178' title='bbox 2467 1014 2590 1052; x_wconf 88' lang='lat' dir='ltr'><strong>eum</strong></span> <span class='ocrx_word' id='word_1_179' title='bbox 2623 996 2936 1050; x_wconf 87' lang='lat' dir='ltr'><strong>testimonia</strong></span> <span class='ocrx_word' id='word_1_180' title='bbox 2985 995 3352 1063; x_wconf 84' lang='lat' dir='ltr'><strong>produceren-</strong></span> 
     </span>
    </p>
   </div>
   <div class='ocr_carea' id='block_1_26' title="bbox 1779 1079 3348 1153">
    <p class='ocr_par' dir='ltr' id='par_1_26' title="bbox 1779 1079 3348 1153">
     <span class='ocr_line' id='line_1_26' title="bbox 1779 1079 3348 1153; baseline -0.008 -9"><span class='ocrx_word' id='word_1_181' title='bbox 1779 1100 1891 1144; x_wconf 87' lang='lat' dir='ltr'><strong>tur.</strong></span> <span class='ocrx_word' id='word_1_182' title='bbox 1923 1090 2144 1143; x_wconf 81' lang='lat' dir='ltr'><strong>Sciebat</strong></span> <span class='ocrx_word' id='word_1_183' title='bbox 2181 1087 2355 1151; x_wconf 90' lang='lat' dir='ltr'><strong>enim,</strong></span> <span class='ocrx_word' id='word_1_184' title='bbox 2385 1100 2509 1140; x_wconf 92' lang='lat' dir='ltr'><strong>cum</strong></span> <span class='ocrx_word' id='word_1_185' title='bbox 2549 1083 2692 1153; x_wconf 92' lang='lat' dir='ltr'><strong>apud</strong></span> <span class='ocrx_word' id='word_1_186' title='bbox 2723 1083 2910 1136; x_wconf 82' lang='lat' dir='ltr'><strong>hostes</strong></span> <span class='ocrx_word' id='word_1_187' title='bbox 2951 1089 3226 1149; x_wconf 83' lang='lat' dir='ltr'><strong>ageretur,</strong></span> <span class='ocrx_word' id='word_1_188' title='bbox 3261 1079 3348 1132; x_wconf 86' lang='lat' dir='ltr'><strong>ni-</strong></span> 
     </span>
    </p>
   </div>
   <div class='ocr_carea' id='block_1_27' title="bbox 1779 1171 3352 1249">
    <p class='ocr_par' dir='ltr' id='par_1_27' title="bbox 1779 1171 3352 1249">
     <span class='ocr_line' id='line_1_27' title="bbox 1779 1171 3352 1249; baseline -0.01 -13"><span class='ocrx_word' id='word_1_189' title='bbox 1779 1182 1856 1236; x_wconf 84' lang='lat' dir='ltr'><strong>ltil</strong></span> <span class='ocrx_word' id='word_1_190' title='bbox 1887 1196 2012 1236; x_wconf 88' lang='lat' dir='ltr'><strong>esse</strong></span> <span class='ocrx_word' id='word_1_191' title='bbox 2059 1179 2408 1249; x_wconf 75' lang='lat' dir='ltr'><strong>profuturam</strong></span> <span class='ocrx_word' id='word_1_192' title='bbox 2443 1175 2818 1230; x_wconf 78' lang='lat' dir='ltr'><strong>defensionem</strong></span> <span class='ocrx_word' id='word_1_193' title='bbox 2850 1191 2864 1238; x_wconf 89' lang='lat'><strong>;</strong></span> <span class='ocrx_word' id='word_1_194' title='bbox 2894 1173 2988 1226; x_wconf 89' lang='lat' dir='ltr'><strong>sed</strong></span> <span class='ocrx_word' id='word_1_195' title='bbox 3017 1174 3084 1226; x_wconf 89' lang='lat' dir='ltr'><strong>iis</strong></span> <span class='ocrx_word' id='word_1_196' title='bbox 3120 1171 3352 1224; x_wconf 82' lang='lat' dir='ltr'><strong>ferocio-</strong></span> 
     </span>
    </p>
   </div>
   <div class='ocr_carea' id='block_1_28' title="bbox 1777 1261 3351 1330">
    <p class='ocr_par' dir='ltr' id='par_1_28' title="bbox 1777 1261 3351 1330">
     <span class='ocr_line' id='line_1_28' title="bbox 1777 1261 3351 1330; baseline -0.011 -1"><span class='ocrx_word' id='word_1_197' title='bbox 1777 1289 1867 1329; x_wconf 90' lang='lat' dir='ltr'><strong>res</strong></span> <span class='ocrx_word' id='word_1_198' title='bbox 1901 1273 2110 1325; x_wconf 89' lang='lat' dir='ltr'><strong>animos</strong></span> <span class='ocrx_word' id='word_1_199' title='bbox 2151 1270 2489 1330; x_wconf 86' lang='lat' dir='ltr'><strong>eﬁ‘ecturam,</strong></span> <span class='ocrx_word' id='word_1_200' title='bbox 2526 1283 2646 1322; x_wconf 86' lang='lat' dir='ltr'><strong>cum</strong></span> <span class='ocrx_word' id='word_1_201' title='bbox 2690 1282 2750 1321; x_wconf 90' lang='lat' dir='ltr'><strong>se</strong></span> <span class='ocrx_word' id='word_1_202' title='bbox 2779 1265 2870 1319; x_wconf 89' lang='lat' dir='ltr'><strong>Dei</strong></span> <span class='ocrx_word' id='word_1_203' title='bbox 2904 1264 3124 1329; x_wconf 85' lang='lat' dir='ltr'><strong>Filium,</strong></span> <span class='ocrx_word' id='word_1_204' title='bbox 3156 1261 3351 1314; x_wconf 85' lang='lat' dir='ltr'><strong>Salva-</strong></span> 
     </span>
    </p>
   </div>
   <div class='ocr_carea' id='block_1_29' title="bbox 1783 1353 3350 1433">
    <p class='ocr_par' dir='ltr' id='par_1_29' title="bbox 1783 1353 3350 1433">
     <span class='ocr_line' id='line_1_29' title="bbox 1783 1353 3350 1433; baseline -0.008 -14"><span class='ocrx_word' id='word_1_205' title='bbox 1783 1375 2067 1433; x_wconf 85' lang='lat' dir='ltr'><strong>toremque</strong></span> <span class='ocrx_word' id='word_1_206' title='bbox 2115 1361 2362 1415; x_wconf 91' lang='lat' dir='ltr'><strong>omnium</strong></span> <span class='ocrx_word' id='word_1_207' title='bbox 2401 1369 2455 1414; x_wconf 89' lang='lat' dir='ltr'><strong>et</strong></span> <span class='ocrx_word' id='word_1_208' title='bbox 2504 1358 2906 1426; x_wconf 85' lang='lat' dir='ltr'><strong>redemptorem</strong></span> <span class='ocrx_word' id='word_1_209' title='bbox 2950 1370 3074 1410; x_wconf 87' lang='lat' dir='ltr'><strong>esse</strong></span> <span class='ocrx_word' id='word_1_210' title='bbox 3121 1353 3350 1407; x_wconf 85' lang='lat' dir='ltr'><strong>diceret.</strong></span> 
     </span>
    </p>
   </div>
   <div class='ocr_carea' id='block_1_30' title="bbox 1780 1448 3351 1524">
    <p class='ocr_par' dir='ltr' id='par_1_30' title="bbox 1780 1448 3351 1524">
     <span class='ocr_line' id='line_1_30' title="bbox 1780 1448 3351 1524; baseline -0.011 -14"><span class='ocrx_word' id='word_1_211' title='bbox 1780 1455 1967 1524; x_wconf 83' lang='lat' dir='ltr'><strong>Neque</strong></span> <span class='ocrx_word' id='word_1_212' title='bbox 1991 1464 2172 1506; x_wconf 83' lang='lat' dir='ltr'><strong>tamen</strong></span> <span class='ocrx_word' id='word_1_213' title='bbox 2205 1452 2363 1521; x_wconf 91' lang='lat' dir='ltr'><strong>culpa</strong></span> <span class='ocrx_word' id='word_1_214' title='bbox 2396 1459 2449 1504; x_wconf 92' lang='lat' dir='ltr'><strong>et</strong></span> <span class='ocrx_word' id='word_1_215' title='bbox 2481 1448 2911 1518; x_wconf 83' lang='lat' dir='ltr'><strong>reprehensione</strong></span> <span class='ocrx_word' id='word_1_216' title='bbox 2965 1459 3156 1500; x_wconf 77' lang='lat' dir='ltr'><strong>carere</strong></span> <span class='ocrx_word' id='word_1_217' title='bbox 3188 1457 3351 1496; x_wconf 89' lang='lat' dir='ltr'><strong>suum</strong></span> 
     </span>
    </p>
   </div>
   <div class='ocr_carea' id='block_1_31' title="bbox 1782 1531 3353 1618">
    <p class='ocr_par' dir='ltr' id='par_1_31' title="bbox 1782 1531 3353 1618">
     <span class='ocr_line' id='line_1_31' title="bbox 1782 1531 3353 1618; baseline -0.011 -16"><span class='ocrx_word' id='word_1_218' title='bbox 1782 1549 1917 1618; x_wconf 85' lang='lat' dir='ltr'><strong>ipsis</strong></span> <span class='ocrx_word' id='word_1_219' title='bbox 1943 1555 2227 1616; x_wconf 92' lang='lat' dir='ltr'><strong>peccatum</strong></span> <span class='ocrx_word' id='word_1_220' title='bbox 2273 1542 2466 1608; x_wconf 87' lang='lat' dir='ltr'><strong>voluit,</strong></span> <span class='ocrx_word' id='word_1_221' title='bbox 2510 1556 2634 1595; x_wconf 86' lang='lat' dir='ltr'><strong>cum</strong></span> <span class='ocrx_word' id='word_1_222' title='bbox 2668 1538 2946 1608; x_wconf 88' lang='lat' dir='ltr'><strong>adjuranti</strong></span> <span class='ocrx_word' id='word_1_223' title='bbox 2976 1535 3225 1605; x_wconf 65' lang='lat' dir='ltr'><strong>Caiphae,</strong></span> <span class='ocrx_word' id='word_1_224' title='bbox 3260 1531 3353 1585; x_wconf 79' lang='lat' dir='ltr'><strong>Fi-</strong></span> 
     </span>
    </p>
   </div>
   <div class='ocr_carea' id='block_1_32' title="bbox 1782 1627 3356 1706">
    <p class='ocr_par' dir='ltr' id='par_1_32' title="bbox 1782 1627 3356 1706">
     <span class='ocr_line' id='line_1_32' title="bbox 1782 1627 3356 1706; baseline -0.011 -11"><span class='ocrx_word' id='word_1_225' title='bbox 1782 1643 1913 1696; x_wconf 88' lang='lat' dir='ltr'><strong>lium</strong></span> <span class='ocrx_word' id='word_1_226' title='bbox 1938 1628 2179 1695; x_wconf 87' lang='lat' dir='ltr'><strong>hominis</strong></span> <span class='ocrx_word' id='word_1_227' title='bbox 2200 1637 2460 1706; x_wconf 87' lang='lat' dir='ltr'><strong>deinceps</strong></span> <span class='ocrx_word' id='word_1_228' title='bbox 2492 1635 2558 1689; x_wconf 86' lang='lat' dir='ltr'><strong>ad</strong></span> <span class='ocrx_word' id='word_1_229' title='bbox 2580 1634 2862 1688; x_wconf 82' lang='lat' dir='ltr'><strong>dexteram</strong></span> <span class='ocrx_word' id='word_1_230' title='bbox 2897 1631 3082 1684; x_wconf 79' lang='lat' dir='ltr'><strong>virtuti</strong></span> <span class='ocrx_word' id='word_1_231' title='bbox 3106 1627 3356 1682; x_wconf 70' lang='lat' dir='ltr'><strong>assideno</strong></span> 
     </span>
    </p>
   </div>
   <div class='ocr_carea' id='block_1_33' title="bbox 1784 1720 3354 1794">
    <p class='ocr_par' dir='ltr' id='par_1_33' title="bbox 1784 1720 3354 1794">
     <span class='ocr_line' id='line_1_33' title="bbox 1784 1720 3354 1794; baseline -0.011 -7"><span class='ocrx_word' id='word_1_232' title='bbox 1784 1742 1891 1787; x_wconf 91' lang='lat' dir='ltr'><strong>tem</strong></span> <span class='ocrx_word' id='word_1_233' title='bbox 1923 1746 2044 1784; x_wconf 91' lang='lat' dir='ltr'><strong>esse</strong></span> <span class='ocrx_word' id='word_1_234' title='bbox 2089 1730 2392 1783; x_wconf 70' lang='lat' dir='ltr'><strong>intuitur-os</strong></span> <span class='ocrx_word' id='word_1_235' title='bbox 2419 1728 2482 1794; x_wconf 85' lang='grc'>⁸;</span> <span class='ocrx_word' id='word_1_236' title='bbox 2515 1743 2638 1781; x_wconf 91' lang='lat' dir='ltr'><strong>cum</strong></span> <span class='ocrx_word' id='word_1_237' title='bbox 2667 1723 2910 1794; x_wconf 81' lang='lat' dir='ltr'><strong>poscenti</strong></span> <span class='ocrx_word' id='word_1_238' title='bbox 2955 1723 3150 1783; x_wconf 86' lang='lat' dir='ltr'><strong>Pilato,</strong></span> <span class='ocrx_word' id='word_1_239' title='bbox 3181 1720 3228 1773; x_wconf 91' lang='lat' dir='ltr'><strong>si</strong></span> <span class='ocrx_word' id='word_1_240' title='bbox 3255 1732 3354 1771; x_wconf 81' lang='lat' dir='ltr'><strong>rex</strong></span> 
     </span>
    </p>
   </div>
   <div class='ocr_carea' id='block_1_34' title="bbox 102 1809 1690 1887">
    <p class='ocr_par' dir='ltr' id='par_1_34' title="bbox 102 1811 1674 1887">
     <span class='ocr_line' id='line_1_34' title="bbox 102 1811 1674 1887; baseline -0.004 -18"><span class='ocrx_word' id='word_1_241' title='bbox 102 1817 456 1887; x_wconf 70' lang='grc' dir='ltr'><strong>τοῦίΊσραὴλ.</strong></span> <span class='ocrx_word' id='word_1_242' title='bbox 486 1816 574 1868; x_wconf 81' lang='grc' dir='ltr'>Διὸ</span> <span class='ocrx_word' id='word_1_243' title='bbox 605 1815 911 1886; x_wconf 75' lang='grc' dir='ltr'>συμμανεὶς</span> <span class='ocrx_word' id='word_1_244' title='bbox 939 1815 1122 1876; x_wconf 77' lang='grc' dir='ltr'>αὐτοῖς</span> <span class='ocrx_word' id='word_1_245' title='bbox 1151 1811 1496 1881; x_wconf 70' lang='grc' dir='ltr'>μαστιγῶσαι</span> <span class='ocrx_word' id='word_1_246' title='bbox 1533 1827 1674 1880; x_wconf 82' lang='grc' dir='ltr'>παρ·-</span> 
     </span>
    </p>
   </div>
   <div class='ocr_carea' id='block_1_35' title="bbox 1793 1809 3356 1887">
    <p class='ocr_par' dir='ltr' id='par_1_35' title="bbox 1793 1809 3356 1886">
     <span class='ocr_line' id='line_1_35' title="bbox 1793 1809 3356 1886; baseline -0.011 -7"><span class='ocrx_word' id='word_1_247' title='bbox 1793 1830 1924 1879; x_wconf 60' lang='lat' dir='ltr'><strong>esset</strong></span> <span class='ocrx_word' id='word_1_248' title='bbox 1961 1821 2198 1886; x_wconf 88' lang='lat' dir='ltr'><strong>lsraelis,</strong></span> <span class='ocrx_word' id='word_1_249' title='bbox 2219 1834 2340 1874; x_wconf 90' lang='lat' dir='ltr'><strong>eum</strong></span> <span class='ocrx_word' id='word_1_250' title='bbox 2367 1819 2573 1873; x_wconf 85' lang='lat' dir='ltr'><strong>dixisse</strong></span> <span class='ocrx_word' id='word_1_251' title='bbox 2605 1813 2924 1885; x_wconf 80' lang='lat' dir='ltr'><strong>respondit’</strong></span> <span class='ocrx_word' id='word_1_252' title='bbox 2951 1830 2965 1867; x_wconf 90' lang='lat'><strong>:</strong></span> <span class='ocrx_word' id='word_1_253' title='bbox 2996 1813 3138 1864; x_wconf 86' lang='lat' dir='ltr'><strong>unde</strong></span> <span class='ocrx_word' id='word_1_254' title='bbox 3177 1817 3262 1863; x_wconf 84' lang='lat' dir='ltr'><strong>est</strong></span> <span class='ocrx_word' id='word_1_255' title='bbox 3285 1809 3356 1862; x_wconf 90' lang='lat' dir='ltr'><strong>ab</strong></span> 
     </span>
    </p>
   </div>
   <div class='ocr_carea' id='block_1_36' title="bbox 103 1902 1679 1978">
    <p class='ocr_par' dir='ltr' id='par_1_36' title="bbox 103 1902 1679 1978">
     <span class='ocr_line' id='line_1_36' title="bbox 103 1902 1679 1978; baseline -0.004 -18"><span class='ocrx_word' id='word_1_256' title='bbox 103 1908 325 1962; x_wconf 69' lang='grc' dir='ltr'><strong>ἔδωκεν.</strong></span> <span class='ocrx_word' id='word_1_257' title='bbox 355 1906 518 1960; x_wconf 85' lang='grc' dir='ltr'>Ὅθεν</span> <span class='ocrx_word' id='word_1_258' title='bbox 552 1907 880 1978; x_wconf 79' lang='grc' dir='ltr'>ἐπήνεγκεν,</span> <span class='ocrx_word' id='word_1_259' title='bbox 929 1905 1022 1970; x_wconf 85' lang='grc' dir='ltr'><strong>Ὡς</strong></span> <span class='ocrx_word' id='word_1_260' title='bbox 1046 1905 1348 1972; x_wconf 80' lang='grc' dir='ltr'>πρόϐατον</span> <span class='ocrx_word' id='word_1_261' title='bbox 1393 1902 1488 1956; x_wconf 76' lang='grc' dir='ltr'><strong>ἐπὶ</strong></span> <span class='ocrx_word' id='word_1_262' title='bbox 1525 1916 1679 1970; x_wconf 70' lang='grc' dir='ltr'>σφα-</span> 
     </span>
    </p>
   </div>
   <div class='ocr_carea' id='block_1_37' title="bbox 105 1992 1682 2065">
    <p class='ocr_par' dir='ltr' id='par_1_37' title="bbox 105 1992 1682 2065">
     <span class='ocr_line' id='line_1_37' title="bbox 105 1992 1682 2065; baseline -0.007 -13"><span class='ocrx_word' id='word_1_263' title='bbox 105 1995 220 2065; x_wconf 76' lang='grc' dir='ltr'>γὴν</span> <span class='ocrx_word' id='word_1_264' title='bbox 254 1995 433 2064; x_wconf 80' lang='grc' dir='ltr'><strong>ἤχθη,</strong></span> <span class='ocrx_word' id='word_1_265' title='bbox 471 1995 566 2048; x_wconf 82' lang='grc' dir='ltr'>καὶ</span> <span class='ocrx_word' id='word_1_266' title='bbox 607 1995 684 2061; x_wconf 88' lang='grc' dir='ltr'><strong>ὡς</strong></span> <span class='ocrx_word' id='word_1_267' title='bbox 723 1995 911 2064; x_wconf 83' lang='grc' dir='ltr'><strong>ἀμνὸς</strong></span> <span class='ocrx_word' id='word_1_268' title='bbox 938 1994 1218 2046; x_wconf 71' lang='grc' dir='ltr'>ἐναντίον</span> <span class='ocrx_word' id='word_1_269' title='bbox 1251 1992 1357 2046; x_wconf 85' lang='grc' dir='ltr'>τοῦ</span> <span class='ocrx_word' id='word_1_270' title='bbox 1379 1992 1682 2060; x_wconf 78' lang='grc' dir='ltr'><strong>κείροντος</strong></span> 
     </span>
    </p>
   </div>
   <div class='ocr_carea' id='block_1_38' title="bbox 105 2083 1683 2156">
    <p class='ocr_par' dir='ltr' id='par_1_38' title="bbox 105 2083 1683 2156">
     <span class='ocr_line' id='line_1_38' title="bbox 105 2083 1683 2156; baseline -0.003 -16"><span class='ocrx_word' id='word_1_271' title='bbox 105 2086 289 2140; x_wconf 81' lang='grc' dir='ltr'>αὑτὸν</span> <span class='ocrx_word' id='word_1_272' title='bbox 310 2084 568 2154; x_wconf 66' lang='grc' dir='ltr'><strong>ἄφωνος.</strong></span> <span class='ocrx_word' id='word_1_273' title='bbox 595 2086 732 2156; x_wconf 81' lang='grc' dir='ltr'>Σιγᾷ</span> <span class='ocrx_word' id='word_1_274' title='bbox 759 2087 888 2156; x_wconf 72' lang='grc' dir='ltr'>γὰρ,</span> <span class='ocrx_word' id='word_1_275' title='bbox 920 2084 1044 2152; x_wconf 80' lang='grc' dir='ltr'><strong>κᾶν,</strong></span> <span class='ocrx_word' id='word_1_276' title='bbox 1065 2084 1141 2156; x_wconf 79' lang='grc' dir='ltr'><strong>ᾡς</strong></span> <span class='ocrx_word' id='word_1_277' title='bbox 1169 2083 1335 2148; x_wconf 76' lang='grc' dir='ltr'>εἰκὸς,</span> <span class='ocrx_word' id='word_1_278' title='bbox 1393 2084 1539 2153; x_wconf 83' lang='grc' dir='ltr'><strong>λύπη</strong></span> <span class='ocrx_word' id='word_1_279' title='bbox 1577 2100 1683 2136; x_wconf 87' lang='grc' dir='ltr'>πα-</span> 
     </span>
    </p>
   </div>
   <div class='ocr_carea' id='block_1_39' title="bbox 109 2173 1684 2248">
    <p class='ocr_par' dir='ltr' id='par_1_39' title="bbox 109 2173 1684 2248">
     <span class='ocr_line' id='line_1_39' title="bbox 109 2173 1684 2248; baseline -0.003 -18"><span class='ocrx_word' id='word_1_280' title='bbox 109 2176 430 2246; x_wconf 52' lang='lat' dir='ltr'><strong>patiam-Jonas:</strong></span> <span class='ocrx_word' id='word_1_281' title='bbox 475 2176 585 2231; x_wconf 80' lang='grc' dir='ltr'>τῶν</span> <span class='ocrx_word' id='word_1_282' title='bbox 638 2175 994 2248; x_wconf 84' lang='grc' dir='ltr'>δερμάτωνή</span> <span class='ocrx_word' id='word_1_283' title='bbox 1059 2175 1326 2247; x_wconf 85' lang='grc' dir='ltr'>μάχαιρα.</span> <span class='ocrx_word' id='word_1_284' title='bbox 1386 2173 1542 2228; x_wconf 76' lang='grc' dir='ltr'><strong>Οὕτω</strong></span> <span class='ocrx_word' id='word_1_285' title='bbox 1595 2175 1684 2226; x_wconf 80' lang='grc' dir='ltr'>καὶ</span> 
     </span>
    </p>
   </div>
   <div class='ocr_carea' id='block_1_40' title="bbox 109 2266 1684 2337">
    <p class='ocr_par' dir='ltr' id='par_1_40' title="bbox 109 2266 1684 2337">
     <span class='ocr_line' id='line_1_40' title="bbox 109 2266 1684 2337; baseline -0.003 -17"><span class='ocrx_word' id='word_1_286' title='bbox 109 2269 342 2337; x_wconf 69' lang='grc' dir='ltr'>Χριστος</span> <span class='ocrx_word' id='word_1_287' title='bbox 362 2266 767 2337; x_wconf 82' lang='grc' dir='ltr'>λοιδορούμενος</span> <span class='ocrx_word' id='word_1_288' title='bbox 789 2268 890 2320; x_wconf 83' lang='grc' dir='ltr'>οὐκ</span> <span class='ocrx_word' id='word_1_289' title='bbox 917 2266 1296 2336; x_wconf 80' lang='grc' dir='ltr'>ἀντελοιδόρει.</span> <span class='ocrx_word' id='word_1_290' title='bbox 1330 2267 1562 2336; x_wconf 85' lang='grc' dir='ltr'>Πάσχων</span> <span class='ocrx_word' id='word_1_291' title='bbox 1584 2266 1684 2318; x_wconf 83' lang='grc' dir='ltr'>οὐκ</span> 
     </span>
    </p>
   </div>
   <div class='ocr_carea' id='block_1_41' title="bbox 107 2357 1684 2429">
    <p class='ocr_par' dir='ltr' id='par_1_41' title="bbox 107 2357 1684 2429">
     <span class='ocr_line' id='line_1_41' title="bbox 107 2357 1684 2429; baseline -0.001 -19"><span class='ocrx_word' id='word_1_292' title='bbox 107 2359 343 2428; x_wconf 72' lang='grc' dir='ltr'>ἠπείλει·</span> <span class='ocrx_word' id='word_1_293' title='bbox 374 2359 664 2427; x_wconf 74' lang='grc' dir='ltr'>παρεδίδου</span> <span class='ocrx_word' id='word_1_294' title='bbox 701 2359 756 2410; x_wconf 84' lang='grc' dir='ltr'><strong>δὲ</strong></span> <span class='ocrx_word' id='word_1_295' title='bbox 783 2357 858 2429; x_wconf 81' lang='grc' dir='ltr'>τῷ</span> <span class='ocrx_word' id='word_1_296' title='bbox 880 2360 1149 2426; x_wconf 75' lang='grc' dir='ltr'><strong>κρίνοντι</strong></span> <span class='ocrx_word' id='word_1_297' title='bbox 1178 2359 1422 2420; x_wconf 81' lang='grc' dir='ltr'>δικαίως.</span> <span class='ocrx_word' id='word_1_298' title='bbox 1456 2357 1684 2427; x_wconf 83' lang='grc' dir='ltr'><strong>Ἀληθὲς</strong></span> 
     </span>
    </p>
   </div>
   <div class='ocr_carea' id='block_1_42' title="bbox 109 2445 1684 2520">
    <p class='ocr_par' dir='ltr' id='par_1_42' title="bbox 109 2445 1684 2520">
     <span class='ocr_line' id='line_1_42' title="bbox 109 2445 1684 2520; baseline -0.001 -17"><span class='ocrx_word' id='word_1_299' title='bbox 109 2446 200 2503; x_wconf 85' lang='grc' dir='ltr'>οὖν</span> <span class='ocrx_word' id='word_1_300' title='bbox 221 2450 331 2520; x_wconf 83' lang='grc' dir='ltr'>ἄρα</span> <span class='ocrx_word' id='word_1_301' title='bbox 361 2449 441 2501; x_wconf 87' lang='grc' dir='ltr'><strong>τό·</strong></span> <span class='ocrx_word' id='word_1_302' title='bbox 472 2449 573 2503; x_wconf 83' lang='grc' dir='ltr'>Ἐν</span> <span class='ocrx_word' id='word_1_303' title='bbox 590 2448 665 2518; x_wconf 75' lang='grc' dir='ltr'>τῇ</span> <span class='ocrx_word' id='word_1_304' title='bbox 692 2451 1047 2504; x_wconf 81' lang='grc' dir='ltr'><strong>ταπεινώσει</strong></span> <span class='ocrx_word' id='word_1_305' title='bbox 1082 2451 1121 2518; x_wconf 77' lang='grc' dir='ltr'><strong><em>ἠ</em></strong></span> <span class='ocrx_word' id='word_1_306' title='bbox 1150 2450 1351 2518; x_wconf 85' lang='grc' dir='ltr'>κρίσις</span> <span class='ocrx_word' id='word_1_307' title='bbox 1373 2449 1560 2503; x_wconf 84' lang='grc' dir='ltr'>αὐτοῦ</span> <span class='ocrx_word' id='word_1_308' title='bbox 1579 2445 1684 2517; x_wconf 85' lang='grc' dir='ltr'><strong>ἦρ-</strong></span> 
     </span>
    </p>
   </div>
   <div class='ocr_carea' id='block_1_43' title="bbox 108 2539 1688 2612">
    <p class='ocr_par' dir='ltr' id='par_1_43' title="bbox 108 2539 1688 2612">
     <span class='ocr_line' id='line_1_43' title="bbox 108 2539 1688 2612; baseline -0.001 -19"><span class='ocrx_word' id='word_1_309' title='bbox 108 2557 222 2595; x_wconf 82' lang='grc' dir='ltr'>ται.</span> <span class='ocrx_word' id='word_1_310' title='bbox 262 2540 351 2603; x_wconf 79' lang='grc' dir='ltr'><strong>Ὠς</strong></span> <span class='ocrx_word' id='word_1_311' title='bbox 373 2541 494 2593; x_wconf 79' lang='grc' dir='ltr'>κατ’</span> <span class='ocrx_word' id='word_1_312' title='bbox 540 2539 794 2604; x_wconf 73' lang='grc' dir='ltr'>εὐτελοῦς</span> <span class='ocrx_word' id='word_1_313' title='bbox 853 2540 960 2612; x_wconf 79' lang='grc' dir='ltr'>γὰρ</span> <span class='ocrx_word' id='word_1_314' title='bbox 1011 2540 1318 2612; x_wconf 74' lang='grc' dir='ltr'>προχείρως</span> <span class='ocrx_word' id='word_1_315' title='bbox 1355 2540 1456 2610; x_wconf 79' lang='grc' dir='ltr'><strong>τὴν</strong></span> <span class='ocrx_word' id='word_1_316' title='bbox 1505 2539 1688 2609; x_wconf 76' lang='grc' dir='ltr'>ψῆφον</span> 
     </span>
    </p>
   </div>
   <div class='ocr_carea' id='block_1_44' title="bbox 111 2627 1688 2703">
    <p class='ocr_par' dir='ltr' id='par_1_44' title="bbox 111 2627 1688 2703">
     <span class='ocr_line' id='line_1_44' title="bbox 111 2627 1688 2703; baseline -0.001 -19"><span class='ocrx_word' id='word_1_317' title='bbox 111 2632 432 2703; x_wconf 68' lang='grc' dir='ltr'>ἐξήνεγκαν.</span> <span class='ocrx_word' id='word_1_318' title='bbox 463 2633 574 2695; x_wconf 84' lang='grc' dir='ltr'>Τὴν</span> <span class='ocrx_word' id='word_1_319' title='bbox 609 2627 702 2685; x_wconf 77' lang='grc' dir='ltr'>οὗν</span> <span class='ocrx_word' id='word_1_320' title='bbox 739 2633 1060 2702; x_wconf 84' lang='grc' dir='ltr'>παράνομον</span> <span class='ocrx_word' id='word_1_321' title='bbox 1108 2634 1202 2685; x_wconf 60' lang='grc' dir='ltr'><strong>καί⁸</strong></span> <span class='ocrx_word' id='word_1_322' title='bbox 1246 2632 1430 2686; x_wconf 74' lang='grc' dir='ltr'>ἄδικον</span> <span class='ocrx_word' id='word_1_323' title='bbox 1484 2632 1688 2699; x_wconf 83' lang='grc' dir='ltr'><strong>κρίσιν</strong></span> 
     </span>
    </p>
   </div>
   <div class='ocr_carea' id='block_1_45' title="bbox 113 2721 1686 2794">
    <p class='ocr_par' dir='ltr' id='par_1_45' title="bbox 113 2721 1686 2794">
     <span class='ocr_line' id='line_1_45' title="bbox 113 2721 1686 2794; baseline -0.004 -15"><span class='ocrx_word' id='word_1_324' title='bbox 113 2723 197 2779; x_wconf 74' lang='grc' dir='ltr'><strong>ἐπ’</strong></span> <span class='ocrx_word' id='word_1_325' title='bbox 227 2725 394 2778; x_wconf 83' lang='grc' dir='ltr'>αὐτοῦ</span> <span class='ocrx_word' id='word_1_326' title='bbox 427 2723 726 2794; x_wconf 80' lang='grc' dir='ltr'>γενομένην</span> <span class='ocrx_word' id='word_1_327' title='bbox 745 2724 912 2794; x_wconf 81' lang='grc' dir='ltr'><strong>δηλοῖ.</strong></span> <span class='ocrx_word' id='word_1_328' title='bbox 942 2724 1003 2776; x_wconf 84' lang='lat' dir='ltr'><strong>El</strong></span> <span class='ocrx_word' id='word_1_329' title='bbox 1029 2723 1086 2776; x_wconf 84' lang='grc' dir='ltr'><strong>δὲ</strong></span> <span class='ocrx_word' id='word_1_330' title='bbox 1117 2724 1211 2777; x_wconf 76' lang='grc' dir='ltr'>καὶ</span> <span class='ocrx_word' id='word_1_331' title='bbox 1241 2721 1549 2787; x_wconf 82' lang='grc' dir='ltr'><strong>ταπεινῶς,</strong></span> <span class='ocrx_word' id='word_1_332' title='bbox 1580 2738 1686 2792; x_wconf 77' lang='grc' dir='ltr'><strong>φη·-</strong></span> 
     </span>
    </p>
   </div>
   <div class='ocr_carea' id='block_1_46' title="bbox 114 2811 1688 2882">
    <p class='ocr_par' dir='ltr' id='par_1_46' title="bbox 114 2811 1688 2882">
     <span class='ocr_line' id='line_1_46' title="bbox 114 2811 1688 2882; baseline -0.001 -18"><span class='ocrx_word' id='word_1_333' title='bbox 114 2815 218 2875; x_wconf 63' lang='lat' dir='ltr'><strong>civ,</strong></span> <span class='ocrx_word' id='word_1_334' title='bbox 250 2813 542 2880; x_wconf 82' lang='grc' dir='ltr'>ἐκρίνετο,</span> <span class='ocrx_word' id='word_1_335' title='bbox 574 2812 707 2875; x_wconf 83' lang='grc' dir='ltr'>Θεὸς</span> <span class='ocrx_word' id='word_1_336' title='bbox 751 2811 893 2865; x_wconf 82' lang='grc' dir='ltr'>κατὰ</span> <span class='ocrx_word' id='word_1_337' title='bbox 954 2811 1117 2882; x_wconf 78' lang='grc' dir='ltr'>φύσιν</span> <span class='ocrx_word' id='word_1_338' title='bbox 1179 2813 1494 2882; x_wconf 76' lang='grc' dir='ltr'>ἐτύγχανεν.</span> <span class='ocrx_word' id='word_1_339' title='bbox 1523 2811 1688 2863; x_wconf 76' lang='grc' dir='ltr'><strong>Ὅθεν</strong></span> 
     </span>
    </p>
   </div>
   <div class='ocr_carea' id='block_1_47' title="bbox 115 2899 1689 2972">
    <p class='ocr_par' dir='ltr' id='par_1_47' title="bbox 115 2899 1689 2972">
     <span class='ocr_line' id='line_1_47' title="bbox 115 2899 1689 2972; baseline 0 -18"><span class='ocrx_word' id='word_1_340' title='bbox 115 2902 347 2970; x_wconf 70' lang='grc' dir='ltr'>ἐπάγει·</span> <span class='ocrx_word' id='word_1_341' title='bbox 387 2901 506 2969; x_wconf 78' lang='grc' dir='ltr'><strong>Τὴν</strong></span> <span class='ocrx_word' id='word_1_342' title='bbox 550 2899 764 2970; x_wconf 76' lang='grc' dir='ltr'>γενεὰν</span> <span class='ocrx_word' id='word_1_343' title='bbox 792 2902 979 2956; x_wconf 70' lang='grc' dir='ltr'>αὐτοῦ</span> <span class='ocrx_word' id='word_1_344' title='bbox 1024 2903 1116 2969; x_wconf 86' lang='grc' dir='ltr'>τίς</span> <span class='ocrx_word' id='word_1_345' title='bbox 1171 2903 1544 2972; x_wconf 65' lang='grc' dir='ltr'>διηγήσεταη</span> <span class='ocrx_word' id='word_1_346' title='bbox 1571 2903 1689 2971; x_wconf 82' lang='grc' dir='ltr'>Ἐφ’</span> 
     </span>
    </p>
   </div>
   <div class='ocr_carea' id='block_1_48' title="bbox 115 2992 1690 3065">
    <p class='ocr_par' dir='ltr' id='par_1_48' title="bbox 115 2992 1690 3065">
     <span class='ocr_line' id='line_1_48' title="bbox 115 2992 1690 3065; baseline 0.003 -19"><span class='ocrx_word' id='word_1_347' title='bbox 115 2993 386 3064; x_wconf 74' lang='grc' dir='ltr'><strong>ἑκατέρας</strong></span> <span class='ocrx_word' id='word_1_348' title='bbox 414 2993 467 3046; x_wconf 77' lang='grc' dir='ltr'><strong>δὲ</strong></span> <span class='ocrx_word' id='word_1_349' title='bbox 495 2992 835 3062; x_wconf 76' lang='grc' dir='ltr'>γεννήσεως</span> <span class='ocrx_word' id='word_1_350' title='bbox 851 2995 912 3046; x_wconf 81' lang='grc' dir='ltr'><strong>τὸ</strong></span> <span class='ocrx_word' id='word_1_351' title='bbox 930 2995 1134 3065; x_wconf 82' lang='grc' dir='ltr'>ἄπορον</span> <span class='ocrx_word' id='word_1_352' title='bbox 1153 2996 1356 3065; x_wconf 83' lang='grc' dir='ltr'>ὁμοίως</span> <span class='ocrx_word' id='word_1_353' title='bbox 1383 2994 1690 3050; x_wconf 80' lang='grc' dir='ltr'>ἀκολουθεῖ.</span> 
     </span>
    </p>
   </div>
   <div class='ocr_carea' id='block_1_49' title="bbox 115 3083 1694 3157">
    <p class='ocr_par' dir='ltr' id='par_1_49' title="bbox 115 3083 1694 3157">
     <span class='ocr_line' id='line_1_49' title="bbox 115 3083 1694 3157; baseline 0.001 -19"><span class='ocrx_word' id='word_1_354' title='bbox 115 3083 242 3148; x_wconf 83' lang='grc' dir='ltr'><strong>Πῶς</strong></span> <span class='ocrx_word' id='word_1_355' title='bbox 274 3087 376 3156; x_wconf 76' lang='grc' dir='ltr'>μὲν</span> <span class='ocrx_word' id='word_1_356' title='bbox 400 3083 419 3122; x_wconf 79' lang='grc' dir='ltr'>Ῑ</span> <span class='ocrx_word' id='word_1_357' title='bbox 447 3083 733 3151; x_wconf 82' lang='grc' dir='ltr'><strong>Θεὸς,πῶς</strong></span> <span class='ocrx_word' id='word_1_358' title='bbox 755 3085 810 3138; x_wconf 85' lang='grc' dir='ltr'><strong>δὲ</strong></span> <span class='ocrx_word' id='word_1_359' title='bbox 840 3086 1113 3157; x_wconf 80' lang='grc' dir='ltr'><strong>Παρθένος</strong></span> <span class='ocrx_word' id='word_1_360' title='bbox 1168 3085 1369 3156; x_wconf 75' lang='grc' dir='ltr'>γεννᾷ.</span> <span class='ocrx_word' id='word_1_361' title='bbox 1426 3085 1694 3140; x_wconf 83' lang='grc' dir='ltr'><strong>Τοσοῦτον</strong></span> 
     </span>
    </p>
   </div>
   <div class='ocr_carea' id='block_1_50' title="bbox 117 3146 1760 3248">
    <p class='ocr_par' dir='ltr' id='par_1_50' title="bbox 117 3146 1760 3248">
     <span class='ocr_line' id='line_1_50' title="bbox 117 3146 1760 3248; baseline -0.028 25"><span class='ocrx_word' id='word_1_362' title='bbox 117 3146 232 3247; x_wconf 8' lang='grc' dir='ltr'><strong>γάρὴ</strong></span> <span class='ocrx_word' id='word_1_363' title='bbox 274 3146 441 3247; x_wconf 34' lang='grc' dir='ltr'><strong>μόνον</strong></span> <span class='ocrx_word' id='word_1_364' title='bbox 493 3146 835 3248; x_wconf 36' lang='lat' dir='ltr'><strong>“imae”-</strong></span> <span class='ocrx_word' id='word_1_365' title='bbox 865 3146 950 3247; x_wconf 64' lang='grc' dir='ltr'><strong>Πῆ</strong></span> <span class='ocrx_word' id='word_1_366' title='bbox 987 3146 1107 3248; x_wconf 69' lang='grc' dir='ltr'><strong>μὲνξ</strong></span> <span class='ocrx_word' id='word_1_367' title='bbox 1165 3146 1400 3242; x_wconf 72' lang='grc' dir='ltr'>ἐτιθὲδς</span> <span class='ocrx_word' id='word_1_368' title='bbox 1431 3181 1495 3231; x_wconf 84' lang='grc' dir='ltr'>ὲκ</span> <span class='ocrx_word' id='word_1_369' title='bbox 1530 3177 1691 3243; x_wconf 84' lang='grc' dir='ltr'>Θεοῦ,</span> <span class='ocrx_word' id='word_1_370' title='bbox 1718 3146 1760 3202; x_wconf 72' lang='grc' dir='ltr'>ο</span> 
     </span>
    </p>
   </div>
   <div class='ocr_carea' id='block_1_51' title="bbox 119 3268 1695 3340">
    <p class='ocr_par' dir='ltr' id='par_1_51' title="bbox 119 3268 1695 3340">
     <span class='ocr_line' id='line_1_51' title="bbox 119 3268 1695 3340; baseline 0.003 -19"><span class='ocrx_word' id='word_1_371' title='bbox 119 3268 234 3338; x_wconf 77' lang='grc' dir='ltr'>φῶς</span> <span class='ocrx_word' id='word_1_372' title='bbox 259 3269 327 3321; x_wconf 84' lang='grc' dir='ltr'>ὲκ</span> <span class='ocrx_word' id='word_1_373' title='bbox 345 3269 540 3339; x_wconf 80' lang='grc' dir='ltr'><strong>φωτός·</strong></span> <span class='ocrx_word' id='word_1_374' title='bbox 567 3268 643 3340; x_wconf 81' lang='grc' dir='ltr'>πὴ</span> <span class='ocrx_word' id='word_1_375' title='bbox 664 3269 741 3334; x_wconf 82' lang='grc' dir='ltr'><strong>δὲ,</strong></span> <span class='ocrx_word' id='word_1_376' title='bbox 762 3270 844 3322; x_wconf 83' lang='grc' dir='ltr'>ὅτι</span> <span class='ocrx_word' id='word_1_377' title='bbox 866 3288 884 3321; x_wconf 79' lang='grc' dir='ltr'><strong>ι</strong></span> <span class='ocrx_word' id='word_1_378' title='bbox 912 3269 1134 3340; x_wconf 79' lang='grc' dir='ltr'>Πνεῦμα</span> <span class='ocrx_word' id='word_1_379' title='bbox 1157 3269 1312 3339; x_wconf 72' lang='grc' dir='ltr'>ἅγιον</span> <span class='ocrx_word' id='word_1_380' title='bbox 1341 3271 1695 3325; x_wconf 76' lang='grc' dir='ltr'><strong>ἐπελεύσεται</strong></span> 
     </span>
    </p>
   </div>
   <div class='ocr_carea' id='block_1_52' title="bbox 116 3356 1595 3429">
    <p class='ocr_par' dir='ltr' id='par_1_52' title="bbox 116 3356 1595 3429">
     <span class='ocr_line' id='line_1_52' title="bbox 116 3356 1595 3429; baseline 0.003 -19"><span class='ocrx_word' id='word_1_381' title='bbox 116 3359 209 3414; x_wconf 71' lang='grc' dir='ltr'><strong>ἐπὶ</strong></span> <span class='ocrx_word' id='word_1_382' title='bbox 237 3359 328 3418; x_wconf 68' lang='grc' dir='ltr'>σὲ,</span> <span class='ocrx_word' id='word_1_383' title='bbox 359 3356 454 3410; x_wconf 76' lang='grc' dir='ltr'><strong>καὶ</strong></span> <span class='ocrx_word' id='word_1_384' title='bbox 479 3357 710 3429; x_wconf 83' lang='grc' dir='ltr'>δύναμις</span> <span class='ocrx_word' id='word_1_385' title='bbox 810 3357 1068 3428; x_wconf 72' lang='grc' dir='ltr'>Ὑψίστου</span> <span class='ocrx_word' id='word_1_386' title='bbox 1099 3360 1418 3412; x_wconf 79' lang='grc' dir='ltr'>ἐπισκιάσει</span> <span class='ocrx_word' id='word_1_387' title='bbox 1443 3377 1548 3415; x_wconf 84' lang='grc' dir='ltr'>σοι.</span> <span class='ocrx_word' id='word_1_388' title='bbox 1576 3379 1595 3414; x_wconf 79' lang='grc' dir='ltr'><strong>ι</strong></span> 
     </span>
    </p>
   </div>
   <div class='ocr_carea' id='block_1_53' title="bbox 1783 1897 3357 1970">
    <p class='ocr_par' dir='ltr' id='par_1_53' title="bbox 1783 1897 3357 1970">
     <span class='ocr_line' id='line_1_53' title="bbox 1783 1897 3357 1970; baseline -0.011 -1"><span class='ocrx_word' id='word_1_389' title='bbox 1783 1916 1875 1970; x_wconf 93' lang='lat' dir='ltr'><strong>illo</strong></span> <span class='ocrx_word' id='word_1_390' title='bbox 1911 1913 2127 1968; x_wconf 81' lang='lat' dir='ltr'><strong>furente</strong></span> <span class='ocrx_word' id='word_1_391' title='bbox 2158 1926 2284 1965; x_wconf 92' lang='lat' dir='ltr'><strong>cum</strong></span> <span class='ocrx_word' id='word_1_392' title='bbox 2342 1909 2555 1964; x_wconf 66' lang='lat' dir='ltr'><strong>caeteris</strong></span> <span class='ocrx_word' id='word_1_393' title='bbox 2587 1908 2639 1961; x_wconf 88' lang='lat' dir='ltr'><strong>in</strong></span> <span class='ocrx_word' id='word_1_394' title='bbox 2673 1906 2898 1960; x_wconf 76' lang='lat' dir='ltr'><strong>verbera</strong></span> <span class='ocrx_word' id='word_1_395' title='bbox 2936 1901 3193 1956; x_wconf 88' lang='lat' dir='ltr'><strong>traditus.</strong></span> <span class='ocrx_word' id='word_1_396' title='bbox 3215 1897 3357 1952; x_wconf 80' lang='lat' dir='ltr'><strong>Hinc</strong></span> 
     </span>
    </p>
   </div>
   <div class='ocr_carea' id='block_1_54' title="bbox 1783 1992 3352 2075">
    <p class='ocr_par' dir='ltr' id='par_1_54' title="bbox 1783 1992 3352 2075">
     <span class='ocr_line' id='line_1_54' title="bbox 1783 1992 3352 2075; baseline -0.011 -16"><span class='ocrx_word' id='word_1_397' title='bbox 1783 2005 1947 2075; x_wconf 77' lang='lat' dir='ltr'><strong>igitur</strong></span> <span class='ocrx_word' id='word_1_398' title='bbox 1982 2004 2074 2056; x_wconf 87' lang='lat' dir='ltr'><strong>illa</strong></span> <span class='ocrx_word' id='word_1_399' title='bbox 2105 2009 2256 2063; x_wconf 87' lang='lat' dir='ltr'><strong>sunt,</strong></span> <span class='ocrx_word' id='word_1_400' title='bbox 2278 2000 2500 2070; x_wconf 82' lang='lat' dir='ltr'><strong>quibus.</strong></span> <span class='ocrx_word' id='word_1_401' title='bbox 2535 1998 2670 2052; x_wconf 87' lang='lat' dir='ltr'><strong>sicut</strong></span> <span class='ocrx_word' id='word_1_402' title='bbox 2701 2011 2845 2050; x_wconf 78' lang='lat' dir='ltr'><strong>ovem</strong></span> <span class='ocrx_word' id='word_1_403' title='bbox 2871 1995 2940 2046; x_wconf 85' lang='lat' dir='ltr'><strong>ad</strong></span> <span class='ocrx_word' id='word_1_404' title='bbox 2957 1992 3352 2051; x_wconf 87' lang='lat' dir='ltr'><strong>mactationent,</strong></span> 
     </span>
    </p>
   </div>
   <div class='ocr_carea' id='block_1_55' title="bbox 1782 2079 3354 2159">
    <p class='ocr_par' dir='ltr' id='par_1_55' title="bbox 1782 2079 3354 2159">
     <span class='ocr_line' id='line_1_55' title="bbox 1782 2079 3354 2159; baseline -0.011 -10"><span class='ocrx_word' id='word_1_405' title='bbox 1782 2097 1996 2149; x_wconf 83' lang='lat' dir='ltr'><strong>ductum</strong></span> <span class='ocrx_word' id='word_1_406' title='bbox 2024 2109 2138 2148; x_wconf 89' lang='lat' dir='ltr'><strong>esse</strong></span> <span class='ocrx_word' id='word_1_407' title='bbox 2159 2134 2174 2156; x_wconf 94' lang='lat'><strong>,</strong></span> <span class='ocrx_word' id='word_1_408' title='bbox 2207 2102 2254 2146; x_wconf 89' lang='lat' dir='ltr'><strong>et</strong></span> <span class='ocrx_word' id='word_1_409' title='bbox 2287 2092 2422 2144; x_wconf 84' lang='lat' dir='ltr'><strong>sicut</strong></span> <span class='ocrx_word' id='word_1_410' title='bbox 2453 2104 2648 2159; x_wconf 84' lang='lat' dir='ltr'><strong>agnum</strong></span> <span class='ocrx_word' id='word_1_411' title='bbox 2684 2101 2864 2140; x_wconf 87' lang='lat' dir='ltr'><strong>coram</strong></span> <span class='ocrx_word' id='word_1_412' title='bbox 2900 2082 3142 2138; x_wconf 82' lang='lat' dir='ltr'><strong>tondente</strong></span> <span class='ocrx_word' id='word_1_413' title='bbox 3165 2079 3354 2135; x_wconf 77' lang='lat' dir='ltr'><strong>obmu-</strong></span> 
     </span>
    </p>
   </div>
   <div class='ocr_carea' id='block_1_56' title="bbox 1786 2170 3357 2252">
    <p class='ocr_par' dir='ltr' id='par_1_56' title="bbox 1786 2170 3357 2252">
     <span class='ocr_line' id='line_1_56' title="bbox 1786 2170 3357 2252; baseline -0.008 -13"><span class='ocrx_word' id='word_1_414' title='bbox 1786 2186 1968 2251; x_wconf 81' lang='lat' dir='ltr'><strong>tuisse,</strong></span> <span class='ocrx_word' id='word_1_415' title='bbox 1989 2183 2262 2252; x_wconf 75' lang='lat' dir='ltr'><strong>adiunxit.</strong></span> <span class='ocrx_word' id='word_1_416' title='bbox 2323 2180 2392 2234; x_wconf 84' lang='lat' dir='ltr'><strong>Ut</strong></span> <span class='ocrx_word' id='word_1_417' title='bbox 2416 2179 2562 2235; x_wconf 88' lang='lat' dir='ltr'><strong>enim</strong></span> <span class='ocrx_word' id='word_1_418' title='bbox 2599 2177 2710 2240; x_wconf 84' lang='lat' dir='ltr'><strong>ille,</strong></span> <span class='ocrx_word' id='word_1_419' title='bbox 2745 2191 2869 2228; x_wconf 90' lang='lat' dir='ltr'><strong>cum</strong></span> <span class='ocrx_word' id='word_1_420' title='bbox 2917 2181 3099 2227; x_wconf 88' lang='lat' dir='ltr'><strong>cutem</strong></span> <span class='ocrx_word' id='word_1_421' title='bbox 3141 2170 3357 2240; x_wconf 75' lang='lat' dir='ltr'><strong>gladius</strong></span> 
     </span>
    </p>
   </div>
   <div class='ocr_carea' id='block_1_57' title="bbox 1786 2259 3363 2338">
    <p class='ocr_par' dir='ltr' id='par_1_57' title="bbox 1786 2259 3363 2338">
     <span class='ocr_line' id='line_1_57' title="bbox 1786 2259 3363 2338; baseline -0.013 -8"><span class='ocrx_word' id='word_1_422' title='bbox 1786 2291 1895 2330; x_wconf 92' lang='lat' dir='ltr'><strong>non</strong></span> <span class='ocrx_word' id='word_1_423' title='bbox 1930 2274 2050 2328; x_wconf 91' lang='lat' dir='ltr'><strong>sine</strong></span> <span class='ocrx_word' id='word_1_424' title='bbox 2087 2271 2276 2325; x_wconf 90' lang='lat' dir='ltr'><strong>dolore</strong></span> <span class='ocrx_word' id='word_1_425' title='bbox 2319 2267 2562 2338; x_wconf 85' lang='lat' dir='ltr'><strong>attingit,</strong></span> <span class='ocrx_word' id='word_1_426' title='bbox 2603 2275 2785 2318; x_wconf 85' lang='lat' dir='ltr'><strong>tacere</strong></span> <span class='ocrx_word' id='word_1_427' title='bbox 2828 2261 3151 2325; x_wconf 84' lang='lat' dir='ltr'><strong>consuevit;</strong></span> <span class='ocrx_word' id='word_1_428' title='bbox 3184 2259 3267 2314; x_wconf 88' lang='lat' dir='ltr'><strong>sic</strong></span> <span class='ocrx_word' id='word_1_429' title='bbox 3305 2264 3363 2310; x_wconf 91' lang='lat' dir='ltr'><strong>et</strong></span> 
     </span>
    </p>
   </div>
   <div class='ocr_carea' id='block_1_58' title="bbox 1785 2351 3360 2432">
    <p class='ocr_par' dir='ltr' id='par_1_58' title="bbox 1785 2351 3360 2432">
     <span class='ocr_line' id='line_1_58' title="bbox 1785 2351 3360 2432; baseline -0.011 -12"><span class='ocrx_word' id='word_1_430' title='bbox 1785 2365 2041 2421; x_wconf 82' lang='lat' dir='ltr'><strong>Christus</strong></span> <span class='ocrx_word' id='word_1_431' title='bbox 2075 2363 2216 2432; x_wconf 87' lang='lat' dir='ltr'><strong>ipse,</strong></span> <span class='ocrx_word' id='word_1_432' title='bbox 2250 2375 2372 2415; x_wconf 88' lang='lat' dir='ltr'><strong>cum</strong></span> <span class='ocrx_word' id='word_1_433' title='bbox 2402 2358 2621 2428; x_wconf 85' lang='lat' dir='ltr'><strong>probris</strong></span> <span class='ocrx_word' id='word_1_434' title='bbox 2643 2356 2970 2416; x_wconf 82' lang='lat' dir='ltr'><strong>alﬁcerelnr,</strong></span> <span class='ocrx_word' id='word_1_435' title='bbox 2991 2351 3140 2406; x_wconf 86' lang='lat' dir='ltr'><strong>nulla</strong></span> <span class='ocrx_word' id='word_1_436' title='bbox 3167 2354 3360 2405; x_wconf 83' lang='lat' dir='ltr'><strong>contra</strong></span> 
     </span>
    </p>
   </div>
   <div class='ocr_carea' id='block_1_59' title="bbox 1786 2437 3357 2527">
    <p class='ocr_par' dir='ltr' id='par_1_59' title="bbox 1786 2437 3357 2527">
     <span class='ocr_line' id='line_1_59' title="bbox 1786 2437 3357 2527; baseline -0.012 -16"><span class='ocrx_word' id='word_1_437' title='bbox 1786 2455 2127 2527; x_wconf 80' lang='lat' dir='ltr'><strong>reponebat;</strong></span> <span class='ocrx_word' id='word_1_438' title='bbox 2173 2452 2330 2514; x_wconf 90' lang='lat' dir='ltr'><strong>nihil,</strong></span> <span class='ocrx_word' id='word_1_439' title='bbox 2368 2465 2492 2504; x_wconf 92' lang='lat' dir='ltr'><strong>cum</strong></span> <span class='ocrx_word' id='word_1_440' title='bbox 2543 2453 2825 2517; x_wconf 80' lang='lat' dir='ltr'><strong>pateretur</strong></span> <span class='ocrx_word' id='word_1_441' title='bbox 2872 2442 3207 2505; x_wconf 84' lang='lat' dir='ltr'><strong>minabatur,</strong></span> <span class='ocrx_word' id='word_1_442' title='bbox 3260 2437 3357 2493; x_wconf 85' lang='lat' dir='ltr'><strong>sed</strong></span> 
     </span>
    </p>
   </div>
   <div class='ocr_carea' id='block_1_60' title="bbox 1779 2530 3361 2620">
    <p class='ocr_par' dir='ltr' id='par_1_60' title="bbox 1779 2530 3361 2620">
     <span class='ocr_line' id='line_1_60' title="bbox 1779 2530 3361 2620; baseline -0.011 -20"><span class='ocrx_word' id='word_1_443' title='bbox 1779 2552 1929 2620; x_wconf 87' lang='lat' dir='ltr'><strong>jnste</strong></span> <span class='ocrx_word' id='word_1_444' title='bbox 1955 2544 2195 2616; x_wconf 86' lang='lat' dir='ltr'><strong>judicari</strong></span> <span class='ocrx_word' id='word_1_445' title='bbox 2225 2557 2283 2597; x_wconf 90' lang='lat' dir='ltr'><strong>se</strong></span> <span class='ocrx_word' id='word_1_446' title='bbox 2310 2540 2660 2610; x_wconf 85' lang='lat' dir='ltr'><strong>permittebat</strong></span> <span class='ocrx_word' id='word_1_447' title='bbox 2686 2538 2752 2590; x_wconf 71' lang='grc' dir='ltr'><strong>ιο.</strong></span> <span class='ocrx_word' id='word_1_448' title='bbox 2780 2535 2878 2591; x_wconf 88' lang='lat' dir='ltr'><strong>Est</strong></span> <span class='ocrx_word' id='word_1_449' title='bbox 2905 2549 3059 2603; x_wconf 86' lang='lat' dir='ltr'><strong>ergo,</strong></span> <span class='ocrx_word' id='word_1_450' title='bbox 3097 2530 3241 2600; x_wconf 87' lang='lat' dir='ltr'><strong>quod</strong></span> <span class='ocrx_word' id='word_1_451' title='bbox 3271 2544 3361 2583; x_wconf 88' lang='lat' dir='ltr'><strong>se-</strong></span> 
     </span>
    </p>
   </div>
   <div class='ocr_carea' id='block_1_61' title="bbox 1786 2619 3360 2712">
    <p class='ocr_par' dir='ltr' id='par_1_61' title="bbox 1786 2619 3360 2712">
     <span class='ocr_line' id='line_1_61' title="bbox 1786 2619 3360 2712; baseline -0.015 -18"><span class='ocrx_word' id='word_1_452' title='bbox 1786 2619 1996 2712; x_wconf 83' lang='lat' dir='ltr'><strong>quitur,</strong></span> <span class='ocrx_word' id='word_1_453' title='bbox 2043 2636 2097 2690; x_wconf 88' lang='lat' dir='ltr'><strong>in</strong></span> <span class='ocrx_word' id='word_1_454' title='bbox 2141 2633 2443 2687; x_wconf 76' lang='lat' dir='ltr'><strong>humilitate</strong></span> <span class='ocrx_word' id='word_1_455' title='bbox 2475 2630 2589 2699; x_wconf 87' lang='lat' dir='ltr'><strong>ejus</strong></span> <span class='ocrx_word' id='word_1_456' title='bbox 2628 2627 2900 2682; x_wconf 77' lang='lat' dir='ltr'><strong>sublatum</strong></span> <span class='ocrx_word' id='word_1_457' title='bbox 2934 2640 3046 2678; x_wconf 85' lang='lat' dir='ltr'><strong>esse</strong></span> <span class='ocrx_word' id='word_1_458' title='bbox 3073 2619 3360 2691; x_wconf 74' lang='lat' dir='ltr'><strong>judicium,</strong></span> 
     </span>
    </p>
   </div>
   <div class='ocr_carea' id='block_1_62' title="bbox 1789 2715 3361 2786">
    <p class='ocr_par' dir='ltr' id='par_1_62' title="bbox 1789 2715 3361 2786">
     <span class='ocr_line' id='line_1_62' title="bbox 1789 2715 3361 2786; baseline -0.013 -4"><span class='ocrx_word' id='word_1_459' title='bbox 1789 2727 2158 2784; x_wconf 81' lang='lat' dir='ltr'><strong>verissimum.</strong></span> <span class='ocrx_word' id='word_1_460' title='bbox 2195 2721 2422 2775; x_wconf 88' lang='lat' dir='ltr'><strong>Temere</strong></span> <span class='ocrx_word' id='word_1_461' title='bbox 2465 2716 2740 2786; x_wconf 90' lang='lat' dir='ltr'><strong>siquidem</strong></span> <span class='ocrx_word' id='word_1_462' title='bbox 2788 2715 2844 2767; x_wconf 93' lang='lat' dir='ltr'><strong>in</strong></span> <span class='ocrx_word' id='word_1_463' title='bbox 2882 2727 3045 2774; x_wconf 90' lang='lat' dir='ltr'><strong>eum,</strong></span> <span class='ocrx_word' id='word_1_464' title='bbox 3099 2718 3361 2776; x_wconf 80' lang='lat' dir='ltr'><strong>tanquam</strong></span> 
     </span>
    </p>
   </div>
   <div class='ocr_carea' id='block_1_63' title="bbox 1792 2800 3362 2886">
    <p class='ocr_par' dir='ltr' id='par_1_63' title="bbox 1792 2800 3362 2886">
     <span class='ocr_line' id='line_1_63' title="bbox 1792 2800 3362 2886; baseline -0.017 -9"><span class='ocrx_word' id='word_1_465' title='bbox 1792 2824 1844 2877; x_wconf 90' lang='lat' dir='ltr'><strong>iu</strong></span> <span class='ocrx_word' id='word_1_466' title='bbox 1888 2819 2112 2886; x_wconf 74' lang='lat' dir='ltr'><strong>abiecta:</strong></span> <span class='ocrx_word' id='word_1_467' title='bbox 2152 2812 2486 2869; x_wconf 82' lang='lat' dir='ltr'><strong>conditionis</strong></span> <span class='ocrx_word' id='word_1_468' title='bbox 2513 2812 2777 2880; x_wconf 86' lang='lat' dir='ltr'><strong>aliquem,</strong></span> <span class='ocrx_word' id='word_1_469' title='bbox 2803 2807 2910 2860; x_wconf 88' lang='lat' dir='ltr'><strong>lata</strong></span> <span class='ocrx_word' id='word_1_470' title='bbox 2947 2812 3032 2859; x_wconf 89' lang='lat' dir='ltr'><strong>est</strong></span> <span class='ocrx_word' id='word_1_471' title='bbox 3067 2800 3362 2857; x_wconf 89' lang='lat' dir='ltr'><strong>sententia:</strong></span> 
     </span>
    </p>
   </div>
   <div class='ocr_carea' id='block_1_64' title="bbox 1794 2891 3366 2978">
    <p class='ocr_par' dir='ltr' id='par_1_64' title="bbox 1794 2891 3366 2978">
     <span class='ocr_line' id='line_1_64' title="bbox 1794 2891 3366 2978; baseline -0.016 -11"><span class='ocrx_word' id='word_1_472' title='bbox 1794 2911 1936 2967; x_wconf 91' lang='lat' dir='ltr'><strong>unde</strong></span> <span class='ocrx_word' id='word_1_473' title='bbox 1977 2915 2170 2978; x_wconf 69' lang='lat' dir='ltr'><strong>praeter</strong></span> <span class='ocrx_word' id='word_1_474' title='bbox 2215 2905 2306 2974; x_wconf 80' lang='lat' dir='ltr'><strong>jus</strong></span> <span class='ocrx_word' id='word_1_475' title='bbox 2351 2912 2406 2957; x_wconf 89' lang='lat' dir='ltr'><strong>et</strong></span> <span class='ocrx_word' id='word_1_476' title='bbox 2428 2916 2645 2971; x_wconf 75' lang='lat' dir='ltr'><strong>aequum</strong></span> <span class='ocrx_word' id='word_1_477' title='bbox 2693 2898 2898 2952; x_wconf 81' lang='lat' dir='ltr'><strong>factum</strong></span> <span class='ocrx_word' id='word_1_478' title='bbox 2946 2909 3070 2949; x_wconf 88' lang='lat' dir='ltr'><strong>esse</strong></span> <span class='ocrx_word' id='word_1_479' title='bbox 3096 2891 3366 2961; x_wconf 80' lang='lat' dir='ltr'><strong>judicium</strong></span> 
     </span>
    </p>
   </div>
   <div class='ocr_carea' id='block_1_65' title="bbox 1794 2979 3369 3072">
    <p class='ocr_par' dir='ltr' id='par_1_65' title="bbox 1794 2979 3369 3072">
     <span class='ocr_line' id='line_1_65' title="bbox 1794 2979 3369 3072; baseline -0.015 -16"><span class='ocrx_word' id='word_1_480' title='bbox 1794 3000 2084 3072; x_wconf 86' lang='lat' dir='ltr'><strong>signiﬁcat.</strong></span> <span class='ocrx_word' id='word_1_481' title='bbox 2102 2993 2494 3062; x_wconf 81' lang='lat' dir='ltr'><strong>.Quantumvis.</strong></span> <span class='ocrx_word' id='word_1_482' title='bbox 2519 2998 2700 3045; x_wconf 86' lang='lat' dir='ltr'><strong>autem</strong></span> <span class='ocrx_word' id='word_1_483' title='bbox 2724 2987 3021 3050; x_wconf 78' lang='lat' dir='ltr'><strong>humiliter,</strong></span> <span class='ocrx_word' id='word_1_484' title='bbox 3055 2979 3369 3052; x_wconf 85' lang='lat' dir='ltr'><strong>inquit,ju-</strong></span> 
     </span>
    </p>
   </div>
   <div class='ocr_carea' id='block_1_66' title="bbox 1795 3073 3367 3152">
    <p class='ocr_par' dir='ltr' id='par_1_66' title="bbox 1795 3073 3367 3152">
     <span class='ocr_line' id='line_1_66' title="bbox 1795 3073 3367 3152; baseline -0.014 -5"><span class='ocrx_word' id='word_1_485' title='bbox 1795 3094 2062 3147; x_wconf 78' lang='lat' dir='ltr'><strong>dicaretur</strong></span> <span class='ocrx_word' id='word_1_486' title='bbox 2085 3129 2099 3152; x_wconf 92' lang='lat'><strong>,</strong></span> <span class='ocrx_word' id='word_1_487' title='bbox 2131 3089 2275 3142; x_wconf 85' lang='lat' dir='ltr'><strong>Deus</strong></span> <span class='ocrx_word' id='word_1_488' title='bbox 2301 3096 2485 3140; x_wconf 88' lang='lat' dir='ltr'><strong>tamen</strong></span> <span class='ocrx_word' id='word_1_489' title='bbox 2518 3097 2640 3138; x_wconf 80' lang='lat' dir='ltr'><strong>esse</strong></span> <span class='ocrx_word' id='word_1_490' title='bbox 2684 3089 2883 3136; x_wconf 86' lang='lat' dir='ltr'><strong>natura</strong></span> <span class='ocrx_word' id='word_1_491' title='bbox 2915 3093 3024 3132; x_wconf 90' lang='lat' dir='ltr'><strong>non</strong></span> <span class='ocrx_word' id='word_1_492' title='bbox 3057 3073 3367 3130; x_wconf 83' lang='lat' dir='ltr'><strong>desinebat.</strong></span> 
     </span>
    </p>
   </div>
   <div class='ocr_carea' id='block_1_67' title="bbox 1795 3171 3369 3249">
    <p class='ocr_par' dir='ltr' id='par_1_67' title="bbox 1795 3171 3369 3249">
     <span class='ocr_line' id='line_1_67' title="bbox 1795 3171 3369 3249; baseline -0.017 -10"><span class='ocrx_word' id='word_1_493' title='bbox 1795 3183 1952 3240; x_wconf 88' lang='lat' dir='ltr'><strong>Unde</strong></span> <span class='ocrx_word' id='word_1_494' title='bbox 1986 3181 2244 3249; x_wconf 86' lang='lat' dir='ltr'><strong>deinceps</strong></span> <span class='ocrx_word' id='word_1_495' title='bbox 2265 3178 2382 3246; x_wconf 84' lang='lat' dir='ltr'><strong>quis</strong></span> <span class='ocrx_word' id='word_1_496' title='bbox 2422 3175 2541 3240; x_wconf 77' lang='lat' dir='ltr'><strong>eius</strong></span> <span class='ocrx_word' id='word_1_497' title='bbox 2570 3171 2960 3243; x_wconf 73' lang='lat' dir='ltr'><strong>generationem</strong></span> <span class='ocrx_word' id='word_1_498' title='bbox 2985 3173 3118 3220; x_wconf 86' lang='lat' dir='ltr'><strong>esset</strong></span> <span class='ocrx_word' id='word_1_499' title='bbox 3145 3176 3369 3218; x_wconf 65' lang='lat' dir='ltr'><strong>enarroo</strong></span> 
     </span>
    </p>
   </div>
   <div class='ocr_carea' id='block_1_68' title="bbox 1787 3247 3372 3340">
    <p class='ocr_par' dir='ltr' id='par_1_68' title="bbox 1787 3247 3372 3340">
     <span class='ocr_line' id='line_1_68' title="bbox 1787 3247 3372 3340; baseline -0.017 -15"><span class='ocrx_word' id='word_1_500' title='bbox 1787 3283 1938 3325; x_wconf 85' lang='lat' dir='ltr'><strong>turus</strong></span> <span class='ocrx_word' id='word_1_501' title='bbox 1961 3266 2127 3340; x_wconf 64' lang='lat'><strong>605.</strong></span> <span class='ocrx_word' id='word_1_502' title='bbox 2151 3247 2470 3337; x_wconf 74' lang='lat' dir='ltr'><strong>postulavit.</strong></span> <span class='ocrx_word' id='word_1_503' title='bbox 2502 3258 2776 3314; x_wconf 77' lang='lat' dir='ltr'><strong>Convenit</strong></span> <span class='ocrx_word' id='word_1_504' title='bbox 2793 3271 2920 3311; x_wconf 86' lang='lat' dir='ltr'><strong>vero</strong></span> <span class='ocrx_word' id='word_1_505' title='bbox 2947 3269 3015 3310; x_wconf 84' lang='lat' dir='ltr'><strong>ex</strong></span> <span class='ocrx_word' id='word_1_506' title='bbox 3047 3264 3205 3321; x_wconf 57' lang='lat' dir='ltr'><strong>atquo</strong></span> <span class='ocrx_word' id='word_1_507' title='bbox 3230 3247 3372 3301; x_wconf 83' lang='lat' dir='ltr'><strong>utri-</strong></span> 
     </span>
    </p>
   </div>
   <div class='ocr_carea' id='block_1_69' title="bbox 1783 3338 3374 3432">
    <p class='ocr_par' dir='ltr' id='par_1_69' title="bbox 1783 3338 3374 3432">
     <span class='ocr_line' id='line_1_69' title="bbox 1783 3338 3374 3432; baseline -0.018 -18"><span class='ocrx_word' id='word_1_508' title='bbox 1783 3376 1891 3432; x_wconf 84' lang='lat' dir='ltr'><strong>que</strong></span> <span class='ocrx_word' id='word_1_509' title='bbox 1933 3338 2264 3430; x_wconf 71' lang='lat' dir='ltr'><strong>generationi</strong></span> <span class='ocrx_word' id='word_1_510' title='bbox 2321 3351 2614 3407; x_wconf 77' lang='lat' dir='ltr'><strong>dubitatio.</strong></span> <span class='ocrx_word' id='word_1_511' title='bbox 2662 3347 2892 3403; x_wconf 75' lang='lat' dir='ltr'><strong>General</strong></span> <span class='ocrx_word' id='word_1_512' title='bbox 2925 3343 3070 3398; x_wconf 82' lang='lat' dir='ltr'><strong>enim</strong></span> <span class='ocrx_word' id='word_1_513' title='bbox 3128 3338 3374 3408; x_wconf 79' lang='lat' dir='ltr'><strong>quodam</strong></span> 
     </span>
    </p>
   </div>
   <div class='ocr_carea' id='block_1_70' title="bbox 118 3431 3370 3520">
    <p class='ocr_par' dir='ltr' id='par_1_70' title="bbox 118 3431 3370 3520">
     <span class='ocr_line' id='line_1_70' title="bbox 118 3431 3370 3520; baseline -0.007 -18"><span class='ocrx_word' id='word_1_514' title='bbox 118 3459 284 3520; x_wconf 85' lang='lat' dir='ltr'><strong>pacto</strong></span> <span class='ocrx_word' id='word_1_515' title='bbox 321 3448 466 3504; x_wconf 89' lang='lat' dir='ltr'><strong>Dens</strong></span> <span class='ocrx_word' id='word_1_516' title='bbox 491 3450 608 3518; x_wconf 89' lang='lat' dir='ltr'><strong>ipse</strong></span> <span class='ocrx_word' id='word_1_517' title='bbox 649 3469 662 3505; x_wconf 92' lang='lat'><strong>:</strong></span> <span class='ocrx_word' id='word_1_518' title='bbox 703 3460 918 3520; x_wconf 85' lang='lat' dir='ltr'><strong>generat</strong></span> <span class='ocrx_word' id='word_1_519' title='bbox 959 3458 1014 3504; x_wconf 89' lang='lat' dir='ltr'><strong>et</strong></span> <span class='ocrx_word' id='word_1_520' title='bbox 1049 3451 1221 3520; x_wconf 77' lang='lat' dir='ltr'><strong>virgo.</strong></span> <span class='ocrx_word' id='word_1_521' title='bbox 1253 3450 1369 3504; x_wconf 77' lang='lat' dir='ltr'><strong>Hoc</strong></span> <span class='ocrx_word' id='word_1_522' title='bbox 1392 3453 1537 3506; x_wconf 90' lang='lat' dir='ltr'><strong>cnim</strong></span> <span class='ocrx_word' id='word_1_523' title='bbox 1569 3461 1778 3506; x_wconf 88' lang='lat' dir='ltr'><strong>tantum</strong></span> <span class='ocrx_word' id='word_1_524' title='bbox 1810 3431 2102 3506; x_wconf 85' lang='lat' dir='ltr'><strong>novimus:</strong></span> <span class='ocrx_word' id='word_1_525' title='bbox 2133 3447 2330 3518; x_wconf 80' lang='lat' dir='ltr'><strong>partim</strong></span> <span class='ocrx_word' id='word_1_526' title='bbox 2347 3443 2568 3512; x_wconf 84' lang='lat' dir='ltr'><strong>quidem</strong></span> <span class='ocrx_word' id='word_1_527' title='bbox 2591 3440 2762 3496; x_wconf 90' lang='lat' dir='ltr'><strong>Deum</strong></span> <span class='ocrx_word' id='word_1_528' title='bbox 2827 3436 2898 3490; x_wconf 89' lang='lat' dir='ltr'><strong>de</strong></span> <span class='ocrx_word' id='word_1_529' title='bbox 2955 3434 3088 3499; x_wconf 90' lang='lat' dir='ltr'><strong>Deo,</strong></span> <span class='ocrx_word' id='word_1_530' title='bbox 3150 3431 3370 3483; x_wconf 87' lang='lat' dir='ltr'><strong>lumen-</strong></span> 
     </span>
    </p>
   </div>
   <div class='ocr_carea' id='block_1_71' title="bbox 118 3520 3379 3626">
    <p class='ocr_par' dir='ltr' id='par_1_71' title="bbox 118 3520 3379 3626">
     <span class='ocr_line' id='line_1_71' title="bbox 118 3520 3379 3626; baseline -0.006 -34"><span class='ocrx_word' id='word_1_531' title='bbox 118 3557 224 3611; x_wconf 86' lang='lat' dir='ltr'><strong>que</strong></span> <span class='ocrx_word' id='word_1_532' title='bbox 248 3542 321 3596; x_wconf 90' lang='lat' dir='ltr'><strong>de</strong></span> <span class='ocrx_word' id='word_1_533' title='bbox 355 3543 558 3597; x_wconf 88' lang='lat' dir='ltr'><strong>lumine</strong></span> <span class='ocrx_word' id='word_1_534' title='bbox 592 3545 901 3626; x_wconf 82' lang='lat' dir='ltr'><strong>exsistere;</strong></span> <span class='ocrx_word' id='word_1_535' title='bbox 948 3546 1149 3615; x_wconf 84' lang='lat' dir='ltr'><strong>partim</strong></span> <span class='ocrx_word' id='word_1_536' title='bbox 1194 3556 1375 3602; x_wconf 86' lang='lat' dir='ltr'><strong>autem</strong></span> <span class='ocrx_word' id='word_1_537' title='bbox 1425 3547 1690 3618; x_wconf 88' lang='lat' dir='ltr'><strong>Spiritmn</strong></span> <span class='ocrx_word' id='word_1_538' title='bbox 1731 3554 1985 3603; x_wconf 86' lang='lat' dir='ltr'><strong>sanctum</strong></span> <span class='ocrx_word' id='word_1_539' title='bbox 2019 3546 2073 3598; x_wconf 91' lang='lat' dir='ltr'><strong>in</strong></span> <span class='ocrx_word' id='word_1_540' title='bbox 2099 3543 2368 3612; x_wconf 85' lang='lat' dir='ltr'><strong>virginem</strong></span> <span class='ocrx_word' id='word_1_541' title='bbox 2400 3553 2523 3595; x_wconf 87' lang='lat' dir='ltr'><strong>sese</strong></span> <span class='ocrx_word' id='word_1_542' title='bbox 2553 3534 2862 3597; x_wconf 84' lang='lat' dir='ltr'><strong>demisisse,</strong></span> <span class='ocrx_word' id='word_1_543' title='bbox 2922 3541 3155 3599; x_wconf 88' lang='lat' dir='ltr'><strong>eamque</strong></span> <span class='ocrx_word' id='word_1_544' title='bbox 3208 3520 3379 3577; x_wconf 81' lang='lat' dir='ltr'><strong>Altis-</strong></span> 
     </span>
    </p>
   </div>
   <div class='ocr_carea' id='block_1_72' title="bbox 121 3632 1030 3691">
    <p class='ocr_par' dir='ltr' id='par_1_72' title="bbox 121 3632 1030 3691">
     <span class='ocr_line' id='line_1_72' title="bbox 121 3632 1030 3691; baseline 0.003 -3"><span class='ocrx_word' id='word_1_545' title='bbox 121 3632 247 3688; x_wconf 90' lang='lat' dir='ltr'><strong>simi</strong></span> <span class='ocrx_word' id='word_1_546' title='bbox 287 3632 544 3688; x_wconf 89' lang='lat' dir='ltr'><strong>virtutem</strong></span> <span class='ocrx_word' id='word_1_547' title='bbox 571 3633 936 3691; x_wconf 85' lang='lat' dir='ltr'><strong>obumbrasse</strong></span> <span class='ocrx_word' id='word_1_548' title='bbox 965 3635 1030 3690; x_wconf 83' lang='lat'><strong>&quot;.</strong></span> 
     </span>
    </p>
   </div>
   <div class='ocr_carea' id='block_1_73' title="bbox 188 3727 1697 3801">
    <p class='ocr_par' dir='ltr' id='par_1_73' title="bbox 188 3727 1697 3801">
     <span class='ocr_line' id='line_1_73' title="bbox 188 3727 1697 3801; baseline -0.002 -16"><span class='ocrx_word' id='word_1_549' title='bbox 188 3731 311 3800; x_wconf 79' lang='grc' dir='ltr'><strong>Ἐφ’</strong></span> <span class='ocrx_word' id='word_1_550' title='bbox 337 3730 599 3801; x_wconf 79' lang='grc' dir='ltr'>ἐκατέρου</span> <span class='ocrx_word' id='word_1_551' title='bbox 633 3729 690 3783; x_wconf 82' lang='grc' dir='ltr'>δὲ</span> <span class='ocrx_word' id='word_1_552' title='bbox 710 3729 794 3796; x_wconf 87' lang='grc' dir='ltr'><strong>τὺ,</strong></span> <span class='ocrx_word' id='word_1_553' title='bbox 839 3727 1176 3799; x_wconf 74' lang='grc' dir='ltr'>ήγέννησις</span> <span class='ocrx_word' id='word_1_554' title='bbox 1198 3746 1217 3795; x_wconf 89' lang='grc'><strong><em>;</em></strong></span> <span class='ocrx_word' id='word_1_555' title='bbox 1237 3729 1586 3799; x_wconf 77' lang='grc' dir='ltr'>ἀδιήγητον·</span> <span class='ocrx_word' id='word_1_556' title='bbox 1617 3730 1697 3784; x_wconf 82' lang='grc' dir='ltr'><strong>ὅτι</strong></span> 
     </span>
    </p>
   </div>
   <div class='ocr_carea' id='block_1_74' title="bbox 116 3819 1700 3890">
    <p class='ocr_par' dir='ltr' id='par_1_74' title="bbox 116 3819 1700 3890">
     <span class='ocr_line' id='line_1_74' title="bbox 116 3819 1700 3890; baseline -0.002 -15"><span class='ocrx_word' id='word_1_557' title='bbox 116 3823 349 3890; x_wconf 80' lang='grc' dir='ltr'>αἴρεται</span> <span class='ocrx_word' id='word_1_558' title='bbox 403 3819 524 3874; x_wconf 74' lang='grc' dir='ltr'><strong>ἀπὸ</strong></span> <span class='ocrx_word' id='word_1_559' title='bbox 578 3819 690 3888; x_wconf 86' lang='grc' dir='ltr'><strong>τῆς</strong></span> <span class='ocrx_word' id='word_1_560' title='bbox 740 3819 1054 3890; x_wconf 55' lang='grc' dir='ltr'><strong>ήςήζωὴ</strong></span> <span class='ocrx_word' id='word_1_561' title='bbox 1115 3821 1322 3876; x_wconf 85' lang='grc' dir='ltr'>αὑτοῦ.</span> <span class='ocrx_word' id='word_1_562' title='bbox 1362 3821 1520 3874; x_wconf 80' lang='grc' dir='ltr'>Τοῦτ’</span> <span class='ocrx_word' id='word_1_563' title='bbox 1552 3821 1700 3874; x_wconf 78' lang='grc' dir='ltr'>ἔστιν</span> 
     </span>
    </p>
   </div>
   <div class='ocr_carea' id='block_1_75' title="bbox 119 3906 1699 3979">
    <p class='ocr_par' dir='ltr' id='par_1_75' title="bbox 119 3906 1699 3979">
     <span class='ocr_line' id='line_1_75' title="bbox 119 3906 1699 3979; baseline 0.001 -19"><span class='ocrx_word' id='word_1_564' title='bbox 119 3907 434 3977; x_wconf 79' lang='grc' dir='ltr'>ὑψηλότερα</span> <span class='ocrx_word' id='word_1_565' title='bbox 461 3906 571 3960; x_wconf 87' lang='grc' dir='ltr'>τῶν</span> <span class='ocrx_word' id='word_1_566' title='bbox 595 3908 690 3960; x_wconf 77' lang='grc' dir='ltr'><strong>ἐπὶ</strong></span> <span class='ocrx_word' id='word_1_567' title='bbox 715 3909 820 3977; x_wconf 85' lang='grc' dir='ltr'>γῆς</span> <span class='ocrx_word' id='word_1_568' title='bbox 842 3909 876 3978; x_wconf 81' lang='grc' dir='ltr'><strong>ὴ</strong></span> <span class='ocrx_word' id='word_1_569' title='bbox 907 3908 1172 3974; x_wconf 81' lang='grc' dir='ltr'>πολιτεία,</span> <span class='ocrx_word' id='word_1_570' title='bbox 1210 3912 1304 3963; x_wconf 77' lang='grc' dir='ltr'>καὶ</span> <span class='ocrx_word' id='word_1_571' title='bbox 1333 3911 1361 3961; x_wconf 83' lang='grc' dir='ltr'>ὁ</span> <span class='ocrx_word' id='word_1_572' title='bbox 1387 3910 1526 3962; x_wconf 78' lang='grc' dir='ltr'>κατὰ</span> <span class='ocrx_word' id='word_1_573' title='bbox 1564 3909 1699 3979; x_wconf 89' lang='grc' dir='ltr'>σάρ-</span> 
     </span>
    </p>
   </div>
   <div class='ocr_carea' id='block_1_76' title="bbox 117 3996 1696 4072">
    <p class='ocr_par' dir='ltr' id='par_1_76' title="bbox 117 3996 1696 4072">
     <span class='ocr_line' id='line_1_76' title="bbox 117 3996 1696 4072; baseline 0.002 -21"><span class='ocrx_word' id='word_1_574' title='bbox 117 4016 190 4051; x_wconf 83' lang='grc' dir='ltr'><strong>κα</strong></span> <span class='ocrx_word' id='word_1_575' title='bbox 216 3997 334 4068; x_wconf 83' lang='grc' dir='ltr'><strong>βίος</strong></span> <span class='ocrx_word' id='word_1_576' title='bbox 366 3996 549 4052; x_wconf 81' lang='grc' dir='ltr'>αὑτοῦ.</span> <span class='ocrx_word' id='word_1_577' title='bbox 578 3997 755 4061; x_wconf 77' lang='grc' dir='ltr'>Μόνος</span> <span class='ocrx_word' id='word_1_578' title='bbox 799 3998 909 4070; x_wconf 80' lang='grc' dir='ltr'>γὰρ</span> <span class='ocrx_word' id='word_1_579' title='bbox 939 3999 1215 4071; x_wconf 80' lang='grc' dir='ltr'>ἁμαρτίαν</span> <span class='ocrx_word' id='word_1_580' title='bbox 1271 4002 1370 4054; x_wconf 81' lang='grc' dir='ltr'>οὐκ</span> <span class='ocrx_word' id='word_1_581' title='bbox 1422 4001 1696 4072; x_wconf 78' lang='grc' dir='ltr'>ἐποίησεν.</span> 
     </span>
    </p>
   </div>
   <div class='ocr_carea' id='block_1_77' title="bbox 117 4086 1698 4160">
    <p class='ocr_par' dir='ltr' id='par_1_77' title="bbox 117 4086 1698 4160">
     <span class='ocr_line' id='line_1_77' title="bbox 117 4086 1698 4160; baseline 0.001 -19"><span class='ocrx_word' id='word_1_582' title='bbox 117 4088 230 4142; x_wconf 69' lang='grc' dir='ltr'>Καὶ</span> <span class='ocrx_word' id='word_1_583' title='bbox 255 4086 432 4150; x_wconf 75' lang='grc' dir='ltr'><strong>ἄλλως</strong></span> <span class='ocrx_word' id='word_1_584' title='bbox 460 4086 538 4150; x_wconf 81' lang='grc' dir='ltr'><strong>δὲ,</strong></span> <span class='ocrx_word' id='word_1_585' title='bbox 574 4087 714 4158; x_wconf 81' lang='grc' dir='ltr'>ὑπὲρ</span> <span class='ocrx_word' id='word_1_586' title='bbox 745 4089 854 4141; x_wconf 79' lang='grc' dir='ltr'><strong>πᾶν</strong></span> <span class='ocrx_word' id='word_1_587' title='bbox 874 4089 1106 4159; x_wconf 73' lang='grc' dir='ltr'>γενητὸν</span> <span class='ocrx_word' id='word_1_588' title='bbox 1133 4091 1166 4160; x_wconf 82' lang='grc' dir='ltr'><strong>ἡ</strong></span> <span class='ocrx_word' id='word_1_589' title='bbox 1191 4088 1427 4159; x_wconf 78' lang='grc' dir='ltr'>ὓπαρξίς</span> <span class='ocrx_word' id='word_1_590' title='bbox 1458 4093 1574 4142; x_wconf 76' lang='grc' dir='ltr'>ἐστι</span> <span class='ocrx_word' id='word_1_591' title='bbox 1604 4091 1698 4144; x_wconf 85' lang='grc' dir='ltr'>τοῦ</span> 
     </span>
    </p>
   </div>
   <div class='ocr_carea' id='block_1_78' title="bbox 117 4176 1699 4251">
    <p class='ocr_par' dir='ltr' id='par_1_78' title="bbox 117 4176 1699 4251">
     <span class='ocr_line' id='line_1_78' title="bbox 117 4176 1699 4251; baseline 0.001 -17"><span class='ocrx_word' id='word_1_592' title='bbox 117 4176 481 4246; x_wconf 70' lang='grc' dir='ltr'><strong>Μονογενοῦς.</strong></span> <span class='ocrx_word' id='word_1_593' title='bbox 523 4179 581 4231; x_wconf 81' lang='grc' dir='ltr'>Ὀ</span> <span class='ocrx_word' id='word_1_594' title='bbox 609 4177 666 4230; x_wconf 82' lang='grc' dir='ltr'><strong>δὲ</strong></span> <span class='ocrx_word' id='word_1_595' title='bbox 713 4178 1007 4249; x_wconf 85' lang='grc' dir='ltr'>Σύμμαχος</span> <span class='ocrx_word' id='word_1_596' title='bbox 1028 4180 1320 4244; x_wconf 71' lang='grc' dir='ltr'><strong>ἐξέδωκενο</strong></span> <span class='ocrx_word' id='word_1_597' title='bbox 1371 4182 1699 4251; x_wconf 78' lang='grc' dir='ltr'><strong>Ἀπετμήθη</strong></span> 
     </span>
    </p>
   </div>
   <div class='ocr_carea' id='block_1_79' title="bbox 118 4269 1702 4342">
    <p class='ocr_par' dir='ltr' id='par_1_79' title="bbox 118 4269 1702 4342">
     <span class='ocr_line' id='line_1_79' title="bbox 118 4269 1702 4342; baseline 0.004 -19"><span class='ocrx_word' id='word_1_598' title='bbox 118 4271 230 4342; x_wconf 79' lang='grc' dir='ltr'><strong>τὰρ</strong></span> <span class='ocrx_word' id='word_1_599' title='bbox 251 4271 325 4324; x_wconf 82' lang='grc' dir='ltr'>ἐκ</span> <span class='ocrx_word' id='word_1_600' title='bbox 351 4269 462 4339; x_wconf 82' lang='grc' dir='ltr'><strong>γῆς</strong></span> <span class='ocrx_word' id='word_1_601' title='bbox 478 4269 726 4337; x_wconf 81' lang='grc' dir='ltr'>ζώντων,</span> <span class='ocrx_word' id='word_1_602' title='bbox 758 4271 856 4325; x_wconf 79' lang='grc' dir='ltr'>καὶ</span> <span class='ocrx_word' id='word_1_603' title='bbox 883 4271 980 4326; x_wconf 82' lang='grc' dir='ltr'><strong>διὰ</strong></span> <span class='ocrx_word' id='word_1_604' title='bbox 1007 4271 1122 4340; x_wconf 81' lang='grc' dir='ltr'>τὴν</span> <span class='ocrx_word' id='word_1_605' title='bbox 1145 4272 1389 4328; x_wconf 79' lang='grc' dir='ltr'>ἀδικίαν</span> <span class='ocrx_word' id='word_1_606' title='bbox 1415 4276 1520 4329; x_wconf 84' lang='grc' dir='ltr'>τοῦ</span> <span class='ocrx_word' id='word_1_607' title='bbox 1546 4275 1702 4329; x_wconf 74' lang='grc' dir='ltr'>λαοῦ</span> 
     </span>
    </p>
   </div>
   <div class='ocr_carea' id='block_1_80' title="bbox 113 4362 1704 4436">
    <p class='ocr_par' dir='ltr' id='par_1_80' title="bbox 113 4362 1704 4436">
     <span class='ocr_line' id='line_1_80' title="bbox 113 4362 1704 4436; baseline -0.01 -12"><span class='ocrx_word' id='word_1_608' title='bbox 113 4381 236 4433; x_wconf 79' lang='grc' dir='ltr'>μου</span> <span class='ocrx_word' id='word_1_609' title='bbox 260 4363 468 4431; x_wconf 72' lang='grc' dir='ltr'>πληγὴ</span> <span class='ocrx_word' id='word_1_610' title='bbox 502 4363 726 4430; x_wconf 83' lang='grc' dir='ltr'>αὐτοῖς.</span> <span class='ocrx_word' id='word_1_611' title='bbox 758 4362 818 4418; x_wconf 80' lang='grc'><strong>’0</strong></span> <span class='ocrx_word' id='word_1_612' title='bbox 845 4363 902 4418; x_wconf 78' lang='grc' dir='ltr'><strong>δὲ</strong></span> <span class='ocrx_word' id='word_1_613' title='bbox 930 4363 1227 4418; x_wconf 79' lang='grc' dir='ltr'>Θεοδοτίων</span> <span class='ocrx_word' id='word_1_614' title='bbox 1251 4383 1264 4396; x_wconf 77' lang='grc' dir='ltr'><strong>ο</strong></span> <span class='ocrx_word' id='word_1_615' title='bbox 1297 4366 1419 4420; x_wconf 79' lang='grc' dir='ltr'>Ὅτι</span> <span class='ocrx_word' id='word_1_616' title='bbox 1447 4367 1704 4436; x_wconf 78' lang='grc' dir='ltr'>ἀπετμή.</span> 
     </span>
    </p>
   </div>
   <div class='ocr_carea' id='block_1_81' title="bbox 120 4445 1702 4526">
    <p class='ocr_par' dir='ltr' id='par_1_81' title="bbox 120 4445 1702 4526">
     <span class='ocr_line' id='line_1_81' title="bbox 120 4445 1702 4526; baseline 0.003 -19"><span class='ocrx_word' id='word_1_617' title='bbox 120 4460 195 4523; x_wconf 84' lang='grc' dir='ltr'><strong>θη</strong></span> <span class='ocrx_word' id='word_1_618' title='bbox 218 4453 344 4508; x_wconf 80' lang='grc' dir='ltr'><strong>ἀπὸ</strong></span> <span class='ocrx_word' id='word_1_619' title='bbox 374 4451 485 4523; x_wconf 77' lang='grc' dir='ltr'><strong>γῆς</strong></span> <span class='ocrx_word' id='word_1_620' title='bbox 515 4451 765 4518; x_wconf 82' lang='grc' dir='ltr'>ζώντων,</span> <span class='ocrx_word' id='word_1_621' title='bbox 824 4455 941 4509; x_wconf 77' lang='grc' dir='ltr'><strong>ἀπὸ</strong></span> <span class='ocrx_word' id='word_1_622' title='bbox 959 4445 1230 4521; x_wconf 70' lang='grc' dir='ltr'>,ἀθεσίας</span> <span class='ocrx_word' id='word_1_623' title='bbox 1285 4457 1392 4511; x_wconf 87' lang='grc' dir='ltr'>τοῦ</span> <span class='ocrx_word' id='word_1_624' title='bbox 1415 4458 1568 4511; x_wconf 75' lang='grc' dir='ltr'>λαοῦ</span> <span class='ocrx_word' id='word_1_625' title='bbox 1582 4475 1702 4526; x_wconf 80' lang='grc' dir='ltr'><strong>μου</strong></span> 
     </span>
    </p>
   </div>
   <div class='ocr_carea' id='block_1_82' title="bbox 121 4544 1702 4617">
    <p class='ocr_par' dir='ltr' id='par_1_82' title="bbox 121 4544 1702 4617">
     <span class='ocr_line' id='line_1_82' title="bbox 121 4544 1702 4617; baseline 0.002 -20"><span class='ocrx_word' id='word_1_626' title='bbox 121 4545 329 4613; x_wconf 66' lang='grc' dir='ltr'>ἥψατο</span> <span class='ocrx_word' id='word_1_627' title='bbox 361 4544 578 4599; x_wconf 78' lang='grc' dir='ltr'>αὐτῶν.</span> <span class='ocrx_word' id='word_1_628' title='bbox 629 4544 847 4598; x_wconf 84' lang='grc' dir='ltr'><strong>Μᾶλλον</strong></span> <span class='ocrx_word' id='word_1_629' title='bbox 895 4544 1004 4617; x_wconf 85' lang='grc' dir='ltr'>γὰρ</span> <span class='ocrx_word' id='word_1_630' title='bbox 1051 4547 1230 4601; x_wconf 81' lang='grc' dir='ltr'>αὐτῶν</span> <span class='ocrx_word' id='word_1_631' title='bbox 1264 4545 1570 4617; x_wconf 79' lang='grc' dir='ltr'>καθήψατο,</span> <span class='ocrx_word' id='word_1_632' title='bbox 1605 4547 1702 4600; x_wconf 78' lang='grc' dir='ltr'>καὶ</span> 
     </span>
    </p>
   </div>
   <div class='ocr_carea' id='block_1_83' title="bbox 120 4634 1704 4710">
    <p class='ocr_par' dir='ltr' id='par_1_83' title="bbox 120 4634 1704 4710">
     <span class='ocr_line' id='line_1_83' title="bbox 120 4634 1704 4710; baseline 0.004 -23"><span class='ocrx_word' id='word_1_633' title='bbox 120 4634 312 4706; x_wconf 77' lang='grc' dir='ltr'>πληγὴ</span> <span class='ocrx_word' id='word_1_634' title='bbox 343 4635 525 4710; x_wconf 77' lang='grc' dir='ltr'>αὐτοῖς</span> <span class='ocrx_word' id='word_1_635' title='bbox 548 4635 779 4706; x_wconf 84' lang='grc' dir='ltr'>μεγίστη</span> <span class='ocrx_word' id='word_1_636' title='bbox 803 4637 1025 4706; x_wconf 79' lang='grc' dir='ltr'>γέγονεν</span> <span class='ocrx_word' id='word_1_637' title='bbox 1053 4639 1082 4690; x_wconf 84' lang='grc' dir='ltr'><em>ὁ</em></span> <span class='ocrx_word' id='word_1_638' title='bbox 1129 4639 1292 4692; x_wconf 83' lang='grc' dir='ltr'>αὐτοῦ</span> <span class='ocrx_word' id='word_1_639' title='bbox 1329 4637 1577 4704; x_wconf 84' lang='grc' dir='ltr'>Θάνατος.</span> <span class='ocrx_word' id='word_1_640' title='bbox 1611 4639 1653 4694; x_wconf 88' lang='grc' dir='ltr'>Τ</span> <span class='ocrx_word' id='word_1_641' title='bbox 1660 4658 1704 4693; x_wconf 92' lang='grc' dir='ltr'>ι-</span> 
     </span>
    </p>
   </div>
   <div class='ocr_carea' id='block_1_84' title="bbox 119 4726 1702 4801">
    <p class='ocr_par' dir='ltr' id='par_1_84' title="bbox 119 4726 1702 4801">
     <span class='ocr_line' id='line_1_84' title="bbox 119 4726 1702 4801; baseline 0.001 -20"><span class='ocrx_word' id='word_1_642' title='bbox 119 4728 211 4790; x_wconf 80' lang='grc' dir='ltr'><strong>νὲς</strong></span> <span class='ocrx_word' id='word_1_643' title='bbox 240 4727 304 4781; x_wconf 82' lang='grc' dir='ltr'><strong>δὲ</strong></span> <span class='ocrx_word' id='word_1_644' title='bbox 327 4726 409 4789; x_wconf 76' lang='grc' dir='ltr'><strong>τὸ,</strong></span> <span class='ocrx_word' id='word_1_645' title='bbox 437 4726 662 4794; x_wconf 81' lang='grc' dir='ltr'>αἴρεται</span> <span class='ocrx_word' id='word_1_646' title='bbox 691 4727 810 4782; x_wconf 78' lang='grc' dir='ltr'><strong>ἀπὸ</strong></span> <span class='ocrx_word' id='word_1_647' title='bbox 843 4726 955 4796; x_wconf 81' lang='grc' dir='ltr'><strong>τῆς</strong></span> <span class='ocrx_word' id='word_1_648' title='bbox 984 4727 1117 4798; x_wconf 80' lang='grc' dir='ltr'>γῆς,</span> <span class='ocrx_word' id='word_1_649' title='bbox 1154 4728 1289 4796; x_wconf 80' lang='grc' dir='ltr'>φασὶ</span> <span class='ocrx_word' id='word_1_650' title='bbox 1316 4729 1416 4801; x_wconf 77' lang='grc' dir='ltr'>τὴν</span> <span class='ocrx_word' id='word_1_651' title='bbox 1443 4729 1582 4801; x_wconf 81' lang='grc' dir='ltr'>μετὰ</span> <span class='ocrx_word' id='word_1_652' title='bbox 1602 4730 1702 4801; x_wconf 69' lang='grc' dir='ltr'>τὴν</span> 
     </span>
    </p>
   </div>
   <div class='ocr_carea' id='block_1_85' title="bbox 119 4816 1700 4891">
    <p class='ocr_par' dir='ltr' id='par_1_85' title="bbox 119 4816 1700 4891">
     <span class='ocr_line' id='line_1_85' title="bbox 119 4816 1700 4891; baseline 0.003 -19"><span class='ocrx_word' id='word_1_653' title='bbox 119 4817 424 4872; x_wconf 80' lang='grc' dir='ltr'>ἀνάστασιν</span> <span class='ocrx_word' id='word_1_654' title='bbox 452 4816 618 4871; x_wconf 77' lang='grc' dir='ltr'>αὐτοῦ</span> <span class='ocrx_word' id='word_1_655' title='bbox 670 4819 828 4886; x_wconf 78' lang='grc' dir='ltr'>δόξαν</span> <span class='ocrx_word' id='word_1_656' title='bbox 869 4819 1100 4890; x_wconf 74' lang='grc' dir='ltr'>δηλοῦνο</span> <span class='ocrx_word' id='word_1_657' title='bbox 1128 4821 1317 4891; x_wconf 82' lang='grc' dir='ltr'>θεῖκὴν</span> <span class='ocrx_word' id='word_1_658' title='bbox 1378 4824 1490 4891; x_wconf 78' lang='grc' dir='ltr'>γὰρ</span> <span class='ocrx_word' id='word_1_659' title='bbox 1543 4822 1700 4888; x_wconf 80' lang='grc' dir='ltr'>ἀξίαν</span> 
     </span>
    </p>
   </div>
   <div class='ocr_carea' id='block_1_86' title="bbox 121 4908 1698 4982">
    <p class='ocr_par' dir='ltr' id='par_1_86' title="bbox 121 4908 1698 4982">
     <span class='ocr_line' id='line_1_86' title="bbox 121 4908 1698 4982; baseline 0.006 -21"><span class='ocrx_word' id='word_1_660' title='bbox 121 4912 155 4980; x_wconf 83' lang='grc' dir='ltr'><strong>ἡ</strong></span> <span class='ocrx_word' id='word_1_661' title='bbox 217 4908 335 4962; x_wconf 81' lang='grc' dir='ltr'><strong>τῶν</strong></span> <span class='ocrx_word' id='word_1_662' title='bbox 397 4908 860 4980; x_wconf 80' lang='grc' dir='ltr'>οίκονομηθέντων</span> <span class='ocrx_word' id='word_1_663' title='bbox 931 4911 1178 4975; x_wconf 77' lang='grc' dir='ltr'>ὑπέδειξε</span> <span class='ocrx_word' id='word_1_664' title='bbox 1255 4915 1420 4982; x_wconf 81' lang='grc' dir='ltr'>πεῖρα</span> <span class='ocrx_word' id='word_1_665' title='bbox 1461 4953 1477 4979; x_wconf 91' lang='grc'><strong>,</strong></span> <span class='ocrx_word' id='word_1_666' title='bbox 1533 4915 1698 4970; x_wconf 84' lang='grc' dir='ltr'>αὑτοῦ</span> 
     </span>
    </p>
   </div>
   <div class='ocr_carea' id='block_1_87' title="bbox 1874 3706 3379 3787">
    <p class='ocr_par' dir='ltr' id='par_1_87' title="bbox 1874 3706 3379 3787">
     <span class='ocr_line' id='line_1_87' title="bbox 1874 3706 3379 3787; baseline -0.017 -10"><span class='ocrx_word' id='word_1_667' title='bbox 1874 3723 1929 3777; x_wconf 85' lang='lat' dir='ltr'><strong>In</strong></span> <span class='ocrx_word' id='word_1_668' title='bbox 1961 3728 2197 3787; x_wconf 85' lang='lat' dir='ltr'><strong>utroque</strong></span> <span class='ocrx_word' id='word_1_669' title='bbox 2217 3721 2400 3769; x_wconf 81' lang='lat' dir='ltr'><strong>autem</strong></span> <span class='ocrx_word' id='word_1_670' title='bbox 2430 3712 2476 3766; x_wconf 88' lang='lat' dir='ltr'><strong>si</strong></span> <span class='ocrx_word' id='word_1_671' title='bbox 2493 3709 2844 3781; x_wconf 77' lang='lat' dir='ltr'><strong>generationis</strong></span> <span class='ocrx_word' id='word_1_672' title='bbox 2870 3706 3379 3773; x_wconf 80' lang='lat' dir='ltr'><strong>modusquaeratnr,</strong></span> 
     </span>
    </p>
   </div>
   <div class='ocr_carea' id='block_1_88' title="bbox 1809 3793 3376 3874">
    <p class='ocr_par' dir='ltr' id='par_1_88' title="bbox 1809 3793 3376 3874">
     <span class='ocr_line' id='line_1_88' title="bbox 1809 3793 3376 3874; baseline -0.017 -5"><span class='ocrx_word' id='word_1_673' title='bbox 1809 3816 1931 3870; x_wconf 82' lang='lat' dir='ltr'><strong>ideo</strong></span> <span class='ocrx_word' id='word_1_674' title='bbox 1954 3812 2200 3867; x_wconf 84' lang='lat' dir='ltr'><strong>enarrari</strong></span> <span class='ocrx_word' id='word_1_675' title='bbox 2229 3823 2332 3860; x_wconf 85' lang='lat' dir='ltr'><strong>non</strong></span> <span class='ocrx_word' id='word_1_676' title='bbox 2371 3803 2580 3874; x_wconf 86' lang='lat' dir='ltr'><strong>possit,</strong></span> <span class='ocrx_word' id='word_1_677' title='bbox 2613 3799 2763 3870; x_wconf 90' lang='lat' dir='ltr'><strong>quod</strong></span> <span class='ocrx_word' id='word_1_678' title='bbox 2805 3797 3016 3851; x_wconf 83' lang='lat' dir='ltr'><strong>tollitur</strong></span> <span class='ocrx_word' id='word_1_679' title='bbox 3039 3811 3070 3847; x_wconf 92' lang='lat' dir='ltr'><strong>a</strong></span> <span class='ocrx_word' id='word_1_680' title='bbox 3107 3803 3247 3846; x_wconf 86' lang='lat' dir='ltr'><strong>terra</strong></span> <span class='ocrx_word' id='word_1_681' title='bbox 3269 3793 3376 3845; x_wconf 84' lang='lat' dir='ltr'><strong>vita</strong></span> 
     </span>
    </p>
   </div>
   <div class='ocr_carea' id='block_1_89' title="bbox 1799 3884 3382 3977">
    <p class='ocr_par' dir='ltr' id='par_1_89' title="bbox 1799 3884 3382 3977">
     <span class='ocr_line' id='line_1_89' title="bbox 1799 3884 3382 3977; baseline -0.015 -16"><span class='ocrx_word' id='word_1_682' title='bbox 1799 3909 1949 3977; x_wconf 85' lang='lat' dir='ltr'><strong>ejus;</strong></span> <span class='ocrx_word' id='word_1_683' title='bbox 1972 3903 2027 3958; x_wconf 90' lang='lat' dir='ltr'><strong>id</strong></span> <span class='ocrx_word' id='word_1_684' title='bbox 2053 3911 2160 3966; x_wconf 90' lang='lat' dir='ltr'><strong>est,</strong></span> <span class='ocrx_word' id='word_1_685' title='bbox 2201 3897 2347 3970; x_wconf 88' lang='lat' dir='ltr'><strong>quod</strong></span> <span class='ocrx_word' id='word_1_686' title='bbox 2369 3909 2583 3957; x_wconf 79' lang='lat' dir='ltr'><strong>eorum,</strong></span> <span class='ocrx_word' id='word_1_687' title='bbox 2612 3891 2705 3961; x_wconf 90' lang='lat' dir='ltr'><strong>qui</strong></span> <span class='ocrx_word' id='word_1_688' title='bbox 2735 3890 2789 3943; x_wconf 84' lang='lat' dir='ltr'><strong>in</strong></span> <span class='ocrx_word' id='word_1_689' title='bbox 2822 3899 2970 3942; x_wconf 86' lang='lat' dir='ltr'><strong>terra</strong></span> <span class='ocrx_word' id='word_1_690' title='bbox 3002 3885 3228 3955; x_wconf 86' lang='lat' dir='ltr'><strong>degunt,</strong></span> <span class='ocrx_word' id='word_1_691' title='bbox 3257 3884 3382 3952; x_wconf 75' lang='lat' dir='ltr'><strong>ipsa</strong></span> 
     </span>
    </p>
   </div>
   <div class='ocr_carea' id='block_1_90' title="bbox 1800 3976 3386 4069">
    <p class='ocr_par' dir='ltr' id='par_1_90' title="bbox 1800 3976 3386 4069">
     <span class='ocr_line' id='line_1_90' title="bbox 1800 3976 3386 4069; baseline -0.016 -15"><span class='ocrx_word' id='word_1_692' title='bbox 1800 3976 1922 4069; x_wconf 75' lang='lat' dir='ltr'><strong>ejus</strong></span> <span class='ocrx_word' id='word_1_693' title='bbox 1965 3996 2036 4050; x_wconf 90' lang='lat' dir='ltr'><strong>sit</strong></span> <span class='ocrx_word' id='word_1_694' title='bbox 2083 3994 2136 4047; x_wconf 93' lang='lat' dir='ltr'><strong>in</strong></span> <span class='ocrx_word' id='word_1_695' title='bbox 2176 4003 2341 4045; x_wconf 85' lang='lat' dir='ltr'><strong>carne</strong></span> <span class='ocrx_word' id='word_1_696' title='bbox 2381 3986 2495 4040; x_wconf 85' lang='lat' dir='ltr'><strong>vita</strong></span> <span class='ocrx_word' id='word_1_697' title='bbox 2528 3984 2687 4052; x_wconf 84' lang='lat' dir='ltr'><strong>longe</strong></span> <span class='ocrx_word' id='word_1_698' title='bbox 2731 3979 3036 4042; x_wconf 79' lang='lat' dir='ltr'><strong>excelsior,</strong></span> <span class='ocrx_word' id='word_1_699' title='bbox 3076 3976 3169 4046; x_wconf 87' lang='lat' dir='ltr'><strong>qni</strong></span> <span class='ocrx_word' id='word_1_700' title='bbox 3223 3977 3386 4029; x_wconf 81' lang='lat' dir='ltr'><strong>solus</strong></span> 
     </span>
    </p>
   </div>
   <div class='ocr_carea' id='block_1_91' title="bbox 1804 4068 3384 4160">
    <p class='ocr_par' dir='ltr' id='par_1_91' title="bbox 1804 4068 3384 4160">
     <span class='ocr_line' id='line_1_91' title="bbox 1804 4068 3384 4160; baseline -0.02 -14"><span class='ocrx_word' id='word_1_701' title='bbox 1804 4068 2085 4160; x_wconf 85' lang='lat' dir='ltr'><strong>peccatum</strong></span> <span class='ocrx_word' id='word_1_702' title='bbox 2128 4095 2236 4136; x_wconf 87' lang='lat' dir='ltr'><strong>non</strong></span> <span class='ocrx_word' id='word_1_703' title='bbox 2267 4074 2536 4143; x_wconf 57' lang='lat' dir='ltr'><strong>{admisit</strong></span> <span class='ocrx_word' id='word_1_704' title='bbox 2572 4071 2899 4140; x_wconf 83' lang='lat' dir='ltr'><strong>Quanquam</strong></span> <span class='ocrx_word' id='word_1_705' title='bbox 2936 4077 2991 4121; x_wconf 87' lang='lat' dir='ltr'><strong>et</strong></span> <span class='ocrx_word' id='word_1_706' title='bbox 3024 4068 3158 4121; x_wconf 85' lang='lat' dir='ltr'><strong>alias</strong></span> <span class='ocrx_word' id='word_1_707' title='bbox 3210 4080 3384 4134; x_wconf 78' lang='lat' dir='ltr'><strong>supra</strong></span> 
     </span>
    </p>
   </div>
   <div class='ocr_carea' id='block_1_92' title="bbox 1803 4155 3382 4249">
    <p class='ocr_par' dir='ltr' id='par_1_92' title="bbox 1803 4155 3382 4249">
     <span class='ocr_line' id='line_1_92' title="bbox 1803 4155 3382 4249; baseline -0.019 -10"><span class='ocrx_word' id='word_1_708' title='bbox 1803 4155 1964 4239; x_wconf 80' lang='lat' dir='ltr'><strong>omne</strong></span> <span class='ocrx_word' id='word_1_709' title='bbox 1990 4175 2137 4249; x_wconf 90' lang='lat' dir='ltr'><strong>quod</strong></span> <span class='ocrx_word' id='word_1_710' title='bbox 2176 4181 2366 4228; x_wconf 85' lang='lat' dir='ltr'><strong>natum</strong></span> <span class='ocrx_word' id='word_1_711' title='bbox 2408 4178 2491 4223; x_wconf 83' lang='lat' dir='ltr'><strong>est</strong></span> <span class='ocrx_word' id='word_1_712' title='bbox 2522 4167 2641 4236; x_wconf 84' lang='lat' dir='ltr'><strong>ipsa</strong></span> <span class='ocrx_word' id='word_1_713' title='bbox 2678 4159 2964 4232; x_wconf 82' lang='lat' dir='ltr'><strong>Unigeniti</strong></span> <span class='ocrx_word' id='word_1_714' title='bbox 3002 4157 3079 4213; x_wconf 86' lang='lat' dir='ltr'><strong>sit</strong></span> <span class='ocrx_word' id='word_1_715' title='bbox 3109 4155 3382 4212; x_wconf 72' lang='lat' dir='ltr'><strong>essentia.</strong></span> 
     </span>
    </p>
   </div>
   <div class='ocr_carea' id='block_1_93' title="bbox 1804 4244 3386 4332">
    <p class='ocr_par' dir='ltr' id='par_1_93' title="bbox 1804 4244 3386 4332">
     <span class='ocr_line' id='line_1_93' title="bbox 1804 4244 3386 4332; baseline -0.022 -3"><span class='ocrx_word' id='word_1_716' title='bbox 1804 4275 1873 4329; x_wconf 86' lang='lat' dir='ltr'><strong>At</strong></span> <span class='ocrx_word' id='word_1_717' title='bbox 1917 4244 2433 4332; x_wconf 48' lang='lat' dir='ltr'><strong>ita—interpretatus</strong></span> <span class='ocrx_word' id='word_1_718' title='bbox 2485 4265 2572 4312; x_wconf 87' lang='lat' dir='ltr'><strong>est</strong></span> <span class='ocrx_word' id='word_1_719' title='bbox 2633 4247 3048 4324; x_wconf 85' lang='lat' dir='ltr'><strong>Symmachus:</strong></span> <span class='ocrx_word' id='word_1_720' title='bbox 3097 4244 3386 4298; x_wconf 78' lang='lat' dir='ltr'><strong>Abscissus</strong></span> 
     </span>
    </p>
   </div>
   <div class='ocr_carea' id='block_1_94' title="bbox 1804 4336 3383 4420">
    <p class='ocr_par' dir='ltr' id='par_1_94' title="bbox 1804 4336 3383 4420">
     <span class='ocr_line' id='line_1_94' title="bbox 1804 4336 3383 4420; baseline -0.02 0"><span class='ocrx_word' id='word_1_721' title='bbox 1804 4373 1883 4420; x_wconf 81' lang='lat' dir='ltr'><strong>est</strong></span> <span class='ocrx_word' id='word_1_722' title='bbox 1914 4361 2054 4416; x_wconf 78' lang='lat' dir='ltr'><strong>enim</strong></span> <span class='ocrx_word' id='word_1_723' title='bbox 2084 4357 2147 4410; x_wconf 86' lang='lat' dir='ltr'><strong>de</strong></span> <span class='ocrx_word' id='word_1_724' title='bbox 2181 4363 2322 4408; x_wconf 88' lang='lat' dir='ltr'><strong>terra</strong></span> <span class='ocrx_word' id='word_1_725' title='bbox 2353 4348 2636 4405; x_wconf 80' lang='lat' dir='ltr'><strong>viventium</strong></span> <span class='ocrx_word' id='word_1_726' title='bbox 2661 4359 2680 4408; x_wconf 87' lang='lat'><strong>;</strong></span> <span class='ocrx_word' id='word_1_727' title='bbox 2713 4353 2760 4396; x_wconf 86' lang='lat' dir='ltr'><strong>et</strong></span> <span class='ocrx_word' id='word_1_728' title='bbox 2795 4349 3010 4410; x_wconf 84' lang='lat' dir='ltr'><strong>propter</strong></span> <span class='ocrx_word' id='word_1_729' title='bbox 3045 4336 3383 4405; x_wconf 85' lang='lat' dir='ltr'><strong>iniquitatem</strong></span> 
     </span>
    </p>
   </div>
   <div class='ocr_carea' id='block_1_95' title="bbox 1804 4426 3383 4526">
    <p class='ocr_par' dir='ltr' id='par_1_95' title="bbox 1804 4426 3383 4526">
     <span class='ocr_line' id='line_1_95' title="bbox 1804 4426 3383 4526; baseline -0.021 -16"><span class='ocrx_word' id='word_1_730' title='bbox 1804 4455 1984 4526; x_wconf 84' lang='lat' dir='ltr'><strong>populi</strong></span> <span class='ocrx_word' id='word_1_731' title='bbox 2025 4450 2126 4504; x_wconf 88' lang='lat' dir='ltr'><strong>mei</strong></span> <span class='ocrx_word' id='word_1_732' title='bbox 2151 4447 2307 4512; x_wconf 79' lang='lat' dir='ltr'><strong>plaga</strong></span> <span class='ocrx_word' id='word_1_733' title='bbox 2359 4443 2456 4496; x_wconf 79' lang='lat' dir='ltr'><strong>eis.</strong></span> <span class='ocrx_word' id='word_1_734' title='bbox 2500 4433 2808 4492; x_wconf 82' lang='lat' dir='ltr'><strong>Tlteodotio</strong></span> <span class='ocrx_word' id='word_1_735' title='bbox 2846 4439 3027 4487; x_wconf 85' lang='lat' dir='ltr'><strong>autem</strong></span> <span class='ocrx_word' id='word_1_736' title='bbox 3064 4447 3077 4483; x_wconf 92' lang='lat'><strong>:</strong></span> <span class='ocrx_word' id='word_1_737' title='bbox 3114 4426 3383 4493; x_wconf 85' lang='lat' dir='ltr'><strong>Quoniam</strong></span> 
     </span>
    </p>
   </div>
   <div class='ocr_carea' id='block_1_96' title="bbox 1808 4519 3385 4601">
    <p class='ocr_par' dir='ltr' id='par_1_96' title="bbox 1808 4519 3385 4601">
     <span class='ocr_line' id='line_1_96' title="bbox 1808 4519 3385 4601; baseline -0.02 -2"><span class='ocrx_word' id='word_1_738' title='bbox 1808 4519 2074 4601; x_wconf 70' lang='lat' dir='ltr'><strong>abscissus</strong></span> <span class='ocrx_word' id='word_1_739' title='bbox 2094 4547 2170 4593; x_wconf 86' lang='lat' dir='ltr'><strong>est</strong></span> <span class='ocrx_word' id='word_1_740' title='bbox 2195 4537 2259 4590; x_wconf 88' lang='lat' dir='ltr'><strong>de</strong></span> <span class='ocrx_word' id='word_1_741' title='bbox 2286 4544 2429 4588; x_wconf 85' lang='lat' dir='ltr'><strong>terra</strong></span> <span class='ocrx_word' id='word_1_742' title='bbox 2459 4533 2715 4592; x_wconf 82' lang='lat' dir='ltr'><strong>vivorum,</strong></span> <span class='ocrx_word' id='word_1_743' title='bbox 2748 4524 2811 4578; x_wconf 88' lang='lat' dir='ltr'><strong>ab</strong></span> <span class='ocrx_word' id='word_1_744' title='bbox 2837 4519 3195 4577; x_wconf 84' lang='lat' dir='ltr'><strong>inconstantia</strong></span> <span class='ocrx_word' id='word_1_745' title='bbox 3217 4531 3385 4586; x_wconf 79' lang='lat' dir='ltr'><strong>popu-</strong></span> 
     </span>
    </p>
   </div>
   <div class='ocr_carea' id='block_1_97' title="bbox 1811 4609 3384 4701">
    <p class='ocr_par' dir='ltr' id='par_1_97' title="bbox 1811 4609 3384 4701">
     <span class='ocr_line' id='line_1_97' title="bbox 1811 4609 3384 4701; baseline -0.02 -11"><span class='ocrx_word' id='word_1_746' title='bbox 1811 4639 1850 4691; x_wconf 81' lang='lat' dir='ltr'><strong>li</strong></span> <span class='ocrx_word' id='word_1_747' title='bbox 1875 4635 1975 4689; x_wconf 86' lang='lat' dir='ltr'><strong>mei</strong></span> <span class='ocrx_word' id='word_1_748' title='bbox 2011 4631 2179 4701; x_wconf 84' lang='lat' dir='ltr'><strong>tetigit</strong></span> <span class='ocrx_word' id='word_1_749' title='bbox 2209 4644 2318 4682; x_wconf 79' lang='lat' dir='ltr'><strong>eos.</strong></span> <span class='ocrx_word' id='word_1_750' title='bbox 2363 4626 2519 4694; x_wconf 80' lang='lat' dir='ltr'><strong>Ipsos</strong></span> <span class='ocrx_word' id='word_1_751' title='bbox 2543 4623 2689 4677; x_wconf 90' lang='lat' dir='ltr'><strong>enim</strong></span> <span class='ocrx_word' id='word_1_752' title='bbox 2717 4616 3067 4688; x_wconf 73' lang='lat' dir='ltr'><strong>poﬁssimum</strong></span> <span class='ocrx_word' id='word_1_753' title='bbox 3096 4609 3299 4678; x_wconf 79' lang='lat' dir='ltr'><strong>attigit,</strong></span> <span class='ocrx_word' id='word_1_754' title='bbox 3325 4615 3384 4661; x_wconf 91' lang='lat' dir='ltr'><strong>et</strong></span> 
     </span>
    </p>
   </div>
   <div class='ocr_carea' id='block_1_98' title="bbox 1813 4697 3386 4795">
    <p class='ocr_par' dir='ltr' id='par_1_98' title="bbox 1813 4697 3386 4795">
     <span class='ocr_line' id='line_1_98' title="bbox 1813 4697 3386 4795; baseline -0.02 -14"><span class='ocrx_word' id='word_1_755' title='bbox 1813 4729 1867 4782; x_wconf 92' lang='lat' dir='ltr'><strong>in</strong></span> <span class='ocrx_word' id='word_1_756' title='bbox 1915 4697 2128 4795; x_wconf 78' lang='lat' dir='ltr'><strong>plagam</strong></span> <span class='ocrx_word' id='word_1_757' title='bbox 2168 4718 2248 4772; x_wconf 88' lang='lat' dir='ltr'><strong>eis</strong></span> <span class='ocrx_word' id='word_1_758' title='bbox 2299 4714 2595 4770; x_wconf 82' lang='lat' dir='ltr'><strong>maximam</strong></span> <span class='ocrx_word' id='word_1_759' title='bbox 2645 4724 2796 4764; x_wconf 89' lang='lat' dir='ltr'><strong>mors</strong></span> <span class='ocrx_word' id='word_1_760' title='bbox 2826 4706 2949 4776; x_wconf 89' lang='lat' dir='ltr'><strong>ejus</strong></span> <span class='ocrx_word' id='word_1_761' title='bbox 2992 4703 3145 4758; x_wconf 82' lang='lat' dir='ltr'><strong>abiit.</strong></span> <span class='ocrx_word' id='word_1_762' title='bbox 3177 4697 3386 4753; x_wconf 77' lang='lat' dir='ltr'><strong>Volunt</strong></span> 
     </span>
    </p>
   </div>
   <div class='ocr_carea' id='block_1_99' title="bbox 1813 4793 3387 4870">
    <p class='ocr_par' dir='ltr' id='par_1_99' title="bbox 1813 4793 3387 4870">
     <span class='ocr_line' id='line_1_99' title="bbox 1813 4793 3387 4870; baseline -0.018 -1"><span class='ocrx_word' id='word_1_763' title='bbox 1813 4793 2063 4870; x_wconf 71' lang='lat' dir='ltr'><strong>tioriiiulli</strong></span> <span class='ocrx_word' id='word_1_764' title='bbox 2093 4808 2276 4864; x_wconf 85' lang='lat' dir='ltr'><strong>verbis</strong></span> <span class='ocrx_word' id='word_1_765' title='bbox 2303 4806 2453 4866; x_wconf 82' lang='lat' dir='ltr'><strong>istis,</strong></span> <span class='ocrx_word' id='word_1_766' title='bbox 2475 4800 2680 4856; x_wconf 87' lang='lat' dir='ltr'><strong>tollitur</strong></span> <span class='ocrx_word' id='word_1_767' title='bbox 2701 4815 2733 4852; x_wconf 93' lang='lat' dir='ltr'><strong>a</strong></span> <span class='ocrx_word' id='word_1_768' title='bbox 2751 4807 2916 4860; x_wconf 75' lang='lat' dir='ltr'><strong>terra,</strong></span> <span class='ocrx_word' id='word_1_769' title='bbox 2946 4793 3089 4860; x_wconf 88' lang='lat' dir='ltr'><strong>ejus,</strong></span> <span class='ocrx_word' id='word_1_770' title='bbox 3122 4804 3244 4860; x_wconf 71' lang='lat' dir='ltr'><strong>qua:</strong></span> <span class='ocrx_word' id='word_1_771' title='bbox 3262 4794 3387 4858; x_wconf 91' lang='lat' dir='ltr'><strong>post</strong></span> 
     </span>
    </p>
   </div>
   <div class='ocr_carea' id='block_1_100' title="bbox 1815 4879 3382 4962">
    <p class='ocr_par' dir='ltr' id='par_1_100' title="bbox 1815 4879 3382 4962">
     <span class='ocr_line' id='line_1_100' title="bbox 1815 4879 3382 4962; baseline -0.019 0"><span class='ocrx_word' id='word_1_772' title='bbox 1815 4904 2278 4962; x_wconf 85' lang='lat' dir='ltr'><strong>resurrectionem</strong></span> <span class='ocrx_word' id='word_1_773' title='bbox 2353 4899 2539 4952; x_wconf 81' lang='lat' dir='ltr'><strong>futura</strong></span> <span class='ocrx_word' id='word_1_774' title='bbox 2586 4901 2708 4958; x_wconf 84' lang='lat' dir='ltr'><strong>est,</strong></span> <span class='ocrx_word' id='word_1_775' title='bbox 2779 4889 3012 4962; x_wconf 81' lang='lat' dir='ltr'><strong>gloriam</strong></span> <span class='ocrx_word' id='word_1_776' title='bbox 3058 4879 3382 4954; x_wconf 81' lang='lat' dir='ltr'><strong>signiﬁcari.</strong></span> 
     </span>
    </p>
   </div>
   <div class='ocr_carea' id='block_1_101' title="bbox 125 4976 1690 5073">
    <p class='ocr_par' dir='ltr' id='par_1_101' title="bbox 125 4976 1690 5073">
     <span class='ocr_line' id='line_1_101' title="bbox 125 4976 1690 5073; baseline 0.006 -23"><span class='ocrx_word' id='word_1_777' title='bbox 125 4976 228 5067; x_wconf 72' lang='grc' dir='ltr'>μὲν</span> <span class='ocrx_word' id='word_1_778' title='bbox 262 4997 526 5058; x_wconf 75' lang='grc' dir='ltr'>θανάτου</span> <span class='ocrx_word' id='word_1_779' title='bbox 577 4976 1050 5069; x_wconf 66' lang='grc' dir='ltr'>ὖποϐαλλομένου,</span> <span class='ocrx_word' id='word_1_780' title='bbox 1088 5001 1308 5056; x_wconf 83' lang='grc' dir='ltr'>πάντων</span> <span class='ocrx_word' id='word_1_781' title='bbox 1346 4976 1404 5055; x_wconf 58' lang='grc' dir='ltr'>δὲ</span> <span class='ocrx_word' id='word_1_782' title='bbox 1452 4976 1532 5066; x_wconf 77' lang='grc' dir='ltr'>είς</span> <span class='ocrx_word' id='word_1_783' title='bbox 1593 5004 1690 5073; x_wconf 79' lang='grc' dir='ltr'><strong>ἀφ-</strong></span> 
     </span>
    </p>
   </div>
   <div class='ocr_carea' id='block_1_102' title="bbox 1793 4976 3382 5073">
    <p class='ocr_par' dir='ltr' id='par_1_102' title="bbox 1810 4976 3382 5058">
     <span class='ocr_line' id='line_1_102' title="bbox 1810 4976 3382 5058; baseline -0.018 -8"><span class='ocrx_word' id='word_1_784' title='bbox 1810 4996 2060 5052; x_wconf 84' lang='lat' dir='ltr'><strong>Divinam</strong></span> <span class='ocrx_word' id='word_1_785' title='bbox 2121 4992 2270 5048; x_wconf 88' lang='lat' dir='ltr'><strong>enim</strong></span> <span class='ocrx_word' id='word_1_786' title='bbox 2346 4988 2520 5058; x_wconf 85' lang='lat' dir='ltr'><strong>ipsius</strong></span> <span class='ocrx_word' id='word_1_787' title='bbox 2607 4983 2834 5054; x_wconf 80' lang='lat' dir='ltr'><strong>gloriam</strong></span> <span class='ocrx_word' id='word_1_788' title='bbox 2925 4976 3063 5034; x_wconf 89' lang='lat' dir='ltr'><strong>satis</strong></span> <span class='ocrx_word' id='word_1_789' title='bbox 3150 4985 3382 5034; x_wconf 86' lang='lat' dir='ltr'><strong>eorum,</strong></span> 
     </span>
    </p>
   </div>
   <div class='ocr_carea' id='block_1_103' title="bbox 121 5066 1690 5159">
    <p class='ocr_par' dir='ltr' id='par_1_103' title="bbox 121 5066 1690 5157">
     <span class='ocr_line' id='line_1_103' title="bbox 121 5066 1690 5157; baseline -0.001 -17"><span class='ocrx_word' id='word_1_790' title='bbox 121 5066 363 5156; x_wconf 69' lang='lat' dir='ltr'><strong>ilapaiav</strong></span> <span class='ocrx_word' id='word_1_791' title='bbox 394 5085 559 5139; x_wconf 82' lang='grc' dir='ltr'>αὐτοῦ</span> <span class='ocrx_word' id='word_1_792' title='bbox 592 5085 774 5157; x_wconf 82' lang='grc' dir='ltr'>χάριτι</span> <span class='ocrx_word' id='word_1_793' title='bbox 843 5066 1318 5157; x_wconf 69' lang='grc' dir='ltr'>ζωοποιουμένων,</span> <span class='ocrx_word' id='word_1_794' title='bbox 1374 5089 1468 5142; x_wconf 78' lang='grc' dir='ltr'>καὶ</span> <span class='ocrx_word' id='word_1_795' title='bbox 1524 5066 1690 5142; x_wconf 62' lang='grc' dir='ltr'>πίστει</span> 
     </span>
    </p>
   </div>
   <div class='ocr_carea' id='block_1_104' title="bbox 1793 5066 3386 5159">
    <p class='ocr_par' dir='ltr' id='par_1_104' title="bbox 1812 5066 3386 5159">
     <span class='ocr_line' id='line_1_104' title="bbox 1812 5066 3386 5159; baseline -0.018 -16"><span class='ocrx_word' id='word_1_796' title='bbox 1812 5103 1933 5159; x_wconf 74' lang='lat' dir='ltr'><strong>qua:</strong></span> <span class='ocrx_word' id='word_1_797' title='bbox 1975 5086 2044 5140; x_wconf 76' lang='lat' dir='ltr'><strong>ab</strong></span> <span class='ocrx_word' id='word_1_798' title='bbox 2073 5100 2141 5140; x_wconf 88' lang='lat' dir='ltr'><strong>eo</strong></span> <span class='ocrx_word' id='word_1_799' title='bbox 2179 5089 2329 5152; x_wconf 74' lang='lat' dir='ltr'><strong>gesta</strong></span> <span class='ocrx_word' id='word_1_800' title='bbox 2373 5085 2522 5140; x_wconf 85' lang='lat' dir='ltr'><strong>sunt,</strong></span> <span class='ocrx_word' id='word_1_801' title='bbox 2581 5071 2922 5145; x_wconf 88' lang='lat' dir='ltr'><strong>experientia</strong></span> <span class='ocrx_word' id='word_1_802' title='bbox 2959 5066 3224 5140; x_wconf 83' lang='lat' dir='ltr'><strong>patuisse,</strong></span> <span class='ocrx_word' id='word_1_803' title='bbox 3259 5076 3386 5117; x_wconf 91' lang='lat' dir='ltr'><strong>cum</strong></span> 
     </span>
    </p>
   </div>
   <div class='ocr_carea' id='block_1_105' title="bbox 121 5176 1705 5251">
    <p class='ocr_par' dir='ltr' id='par_1_105' title="bbox 121 5176 1705 5251">
     <span class='ocr_line' id='line_1_105' title="bbox 121 5176 1705 5251; baseline 0.002 -22"><span class='ocrx_word' id='word_1_804' title='bbox 121 5176 530 5247; x_wconf 82' lang='grc' dir='ltr'>λυτρουμένων.</span> <span class='ocrx_word' id='word_1_805' title='bbox 591 5177 756 5232; x_wconf 83' lang='grc' dir='ltr'><strong>Ἀλλά</strong></span> <span class='ocrx_word' id='word_1_806' title='bbox 807 5178 927 5242; x_wconf 87' lang='grc' dir='ltr'><strong>πῶς</strong></span> <span class='ocrx_word' id='word_1_807' title='bbox 975 5181 1005 5232; x_wconf 79' lang='grc' dir='ltr'>ὁ</span> <span class='ocrx_word' id='word_1_808' title='bbox 1062 5179 1137 5250; x_wconf 80' lang='grc' dir='ltr'><strong>μὴ</strong></span> <span class='ocrx_word' id='word_1_809' title='bbox 1207 5177 1366 5243; x_wconf 79' lang='grc' dir='ltr'><strong>εἰδὼς</strong></span> <span class='ocrx_word' id='word_1_810' title='bbox 1432 5179 1705 5251; x_wconf 78' lang='grc' dir='ltr'>ἁμαρτίαν</span> 
     </span>
    </p>
   </div>
   <div class='ocr_carea' id='block_1_106' title="bbox 123 5267 1698 5341">
    <p class='ocr_par' dir='ltr' id='par_1_106' title="bbox 123 5267 1698 5341">
     <span class='ocr_line' id='line_1_106' title="bbox 123 5267 1698 5341; baseline -0.001 -19"><span class='ocrx_word' id='word_1_811' title='bbox 123 5267 234 5322; x_wconf 82' lang='grc' dir='ltr'>ὑπὸ</span> <span class='ocrx_word' id='word_1_812' title='bbox 280 5267 444 5339; x_wconf 74' lang='grc' dir='ltr'>ψήφῳ</span> <span class='ocrx_word' id='word_1_813' title='bbox 480 5269 719 5340; x_wconf 78' lang='grc' dir='ltr'>κατέστη</span> <span class='ocrx_word' id='word_1_814' title='bbox 774 5269 1110 5339; x_wconf 79' lang='grc' dir='ltr'>θανατικῇ;</span> <span class='ocrx_word' id='word_1_815' title='bbox 1161 5272 1328 5340; x_wconf 65' lang='grc' dir='ltr'>φησιν</span> <span class='ocrx_word' id='word_1_816' title='bbox 1385 5274 1414 5325; x_wconf 84' lang='grc' dir='ltr'><strong>ὁ</strong></span> <span class='ocrx_word' id='word_1_817' title='bbox 1469 5271 1698 5341; x_wconf 80' lang='grc' dir='ltr'>Πατήρ·</span> 
     </span>
    </p>
   </div>
   <div class='ocr_carea' id='block_1_107' title="bbox 1811 5167 3387 5250">
    <p class='ocr_par' dir='ltr' id='par_1_107' title="bbox 1811 5167 3387 5250">
     <span class='ocr_line' id='line_1_107' title="bbox 1811 5167 3387 5250; baseline -0.018 -15"><span class='ocrx_word' id='word_1_818' title='bbox 1811 5181 1927 5250; x_wconf 87' lang='lat' dir='ltr'><strong>ipse</strong></span> <span class='ocrx_word' id='word_1_819' title='bbox 1972 5175 2194 5247; x_wconf 90' lang='lat' dir='ltr'><strong>quidem</strong></span> <span class='ocrx_word' id='word_1_820' title='bbox 2234 5179 2451 5226; x_wconf 82' lang='lat' dir='ltr'><strong>mortem</strong></span> <span class='ocrx_word' id='word_1_821' title='bbox 2497 5167 2765 5230; x_wconf 84' lang='lat' dir='ltr'><strong>subierit;</strong></span> <span class='ocrx_word' id='word_1_822' title='bbox 2814 5177 2917 5217; x_wconf 87' lang='lat' dir='ltr'><strong>nos</strong></span> <span class='ocrx_word' id='word_1_823' title='bbox 2962 5168 3145 5214; x_wconf 85' lang='lat' dir='ltr'><strong>autem</strong></span> <span class='ocrx_word' id='word_1_824' title='bbox 3195 5167 3387 5210; x_wconf 85' lang='lat' dir='ltr'><strong>omnes</strong></span> 
     </span>
    </p>
   </div>
   <div class='ocr_carea' id='block_1_108' title="bbox 1809 5245 3385 5342">
    <p class='ocr_par' dir='ltr' id='par_1_108' title="bbox 1809 5245 3385 5342">
     <span class='ocr_line' id='line_1_108' title="bbox 1809 5245 3385 5342; baseline -0.021 -14"><span class='ocrx_word' id='word_1_825' title='bbox 1809 5245 2372 5342; x_wconf 28' lang='lat' dir='ltr'><strong>ipsius—benignitate,</strong></span> <span class='ocrx_word' id='word_1_826' title='bbox 2399 5258 2696 5316; x_wconf 84' lang='lat' dir='ltr'><strong>immortali</strong></span> <span class='ocrx_word' id='word_1_827' title='bbox 2715 5256 2839 5310; x_wconf 78' lang='lat' dir='ltr'><strong>vitae</strong></span> <span class='ocrx_word' id='word_1_828' title='bbox 2898 5249 3135 5308; x_wconf 79' lang='lat' dir='ltr'><strong>res‘tituti</strong></span> <span class='ocrx_word' id='word_1_829' title='bbox 3172 5245 3385 5314; x_wconf 82' lang='lat' dir='ltr'><strong>ﬁdeque</strong></span> 
     </span>
    </p>
   </div>
   <div class='ocr_carea' id='block_1_109' title="bbox 129 5333 1690 5433">
    <p class='ocr_par' dir='ltr' id='par_1_109' title="bbox 129 5333 1690 5433">
     <span class='ocr_line' id='line_1_109' title="bbox 129 5333 1690 5433; baseline 0.004 -21"><span class='ocrx_word' id='word_1_830' title='bbox 129 5333 446 5413; x_wconf 44' lang='lat' dir='ltr'><strong>madidi}</strong></span> <span class='ocrx_word' id='word_1_831' title='bbox 504 5333 769 5429; x_wconf 64' lang='grc' dir='ltr'>ἀνομιῶν</span> <span class='ocrx_word' id='word_1_832' title='bbox 835 5361 945 5417; x_wconf 81' lang='grc' dir='ltr'>τοῦ</span> <span class='ocrx_word' id='word_1_833' title='bbox 1014 5333 1185 5416; x_wconf 23' lang='grc' dir='ltr'>,λαγοῦ-</span> <span class='ocrx_word' id='word_1_834' title='bbox 1221 5333 1343 5430; x_wconf 58' lang='grc' dir='ltr'>ρου</span> <span class='ocrx_word' id='word_1_835' title='bbox 1411 5363 1570 5433; x_wconf 77' lang='grc' dir='ltr'><strong>ἤχθη</strong></span> <span class='ocrx_word' id='word_1_836' title='bbox 1611 5333 1690 5431; x_wconf 49' lang='grc' dir='ltr'>ἐίς</span> 
     </span>
    </p>
   </div>
   <div class='ocr_carea' id='block_1_110' title="bbox 1793 5333 3384 5433">
    <p class='ocr_par' dir='ltr' id='par_1_110' title="bbox 1805 5333 3384 5431">
     <span class='ocr_line' id='line_1_110' title="bbox 1805 5333 3384 5431; baseline -0.02 -14"><span class='ocrx_word' id='word_1_837' title='bbox 1805 5333 2074 5431; x_wconf 75' lang='lat' dir='ltr'><strong>redempti</strong></span> <span class='ocrx_word' id='word_1_838' title='bbox 2116 5333 2329 5413; x_wconf 67' lang='lat' dir='ltr'><strong>situlus.</strong></span> <span class='ocrx_word' id='word_1_839' title='bbox 2366 5354 2435 5408; x_wconf 85' lang='lat' dir='ltr'><strong>At</strong></span> <span class='ocrx_word' id='word_1_840' title='bbox 2473 5351 2618 5407; x_wconf 90' lang='lat' dir='ltr'><strong>enim</strong></span> <span class='ocrx_word' id='word_1_841' title='bbox 2657 5347 2750 5418; x_wconf 92' lang='lat' dir='ltr'><strong>qui</strong></span> <span class='ocrx_word' id='word_1_842' title='bbox 2784 5345 2992 5398; x_wconf 80' lang='lat' dir='ltr'><strong>factum</strong></span> <span class='ocrx_word' id='word_1_843' title='bbox 3049 5349 3153 5404; x_wconf 86' lang='lat' dir='ltr'><strong>est,</strong></span> <span class='ocrx_word' id='word_1_844' title='bbox 3199 5346 3257 5391; x_wconf 91' lang='lat' dir='ltr'><strong>ut</strong></span> <span class='ocrx_word' id='word_1_845' title='bbox 3288 5333 3384 5404; x_wconf 88' lang='lat' dir='ltr'><strong>qui</strong></span> 
     </span>
    </p>
   </div>
   <div class='ocr_carea' id='block_1_111' title="bbox 131 5425 1690 5524">
    <p class='ocr_par' dir='ltr' id='par_1_111' title="bbox 131 5425 1690 5524">
     <span class='ocr_line' id='line_1_111' title="bbox 131 5425 1690 5524; baseline 0.002 -21"><span class='ocrx_word' id='word_1_846' title='bbox 131 5447 419 5513; x_wconf 78' lang='grc' dir='ltr'>θάνατον,</span> <span class='ocrx_word' id='word_1_847' title='bbox 446 5447 581 5520; x_wconf 80' lang='grc' dir='ltr'>ῆότι</span> <span class='ocrx_word' id='word_1_848' title='bbox 601 5425 743 5521; x_wconf 52' lang='grc' dir='ltr'>ὅπερ</span> <span class='ocrx_word' id='word_1_849' title='bbox 771 5451 876 5504; x_wconf 81' lang='grc' dir='ltr'>τῶν</span> <span class='ocrx_word' id='word_1_850' title='bbox 903 5453 1146 5522; x_wconf 81' lang='grc' dir='ltr'>ἀνομιῶν</span> <span class='ocrx_word' id='word_1_851' title='bbox 1173 5425 1511 5524; x_wconf 36' lang='lat' dir='ltr'><strong>circini-it</strong></span> <span class='ocrx_word' id='word_1_852' title='bbox 1532 5425 1690 5524; x_wconf 82' lang='grc' dir='ltr'>παρα</span> 
     </span>
    </p>
   </div>
   <div class='ocr_carea' id='block_1_112' title="bbox 1793 5425 3386 5524">
    <p class='ocr_par' dir='ltr' id='par_1_112' title="bbox 1805 5425 3386 5522">
     <span class='ocr_line' id='line_1_112' title="bbox 1805 5425 3386 5522; baseline -0.021 -13"><span class='ocrx_word' id='word_1_853' title='bbox 1805 5425 2090 5522; x_wconf 77' lang='lat' dir='ltr'><strong>peccatum</strong></span> <span class='ocrx_word' id='word_1_854' title='bbox 2125 5465 2234 5504; x_wconf 89' lang='lat' dir='ltr'><strong>non</strong></span> <span class='ocrx_word' id='word_1_855' title='bbox 2265 5435 2588 5506; x_wconf 85' lang='lat' dir='ltr'><strong>admiserat,</strong></span> <span class='ocrx_word' id='word_1_856' title='bbox 2638 5437 2825 5492; x_wconf 84' lang='lat' dir='ltr'><strong>mortis</strong></span> <span class='ocrx_word' id='word_1_857' title='bbox 2861 5436 2976 5505; x_wconf 86' lang='lat' dir='ltr'><strong>ipse</strong></span> <span class='ocrx_word' id='word_1_858' title='bbox 3015 5428 3229 5485; x_wconf 85' lang='lat' dir='ltr'><strong>calculo</strong></span> <span class='ocrx_word' id='word_1_859' title='bbox 3253 5425 3386 5480; x_wconf 79' lang='lat' dir='ltr'><strong>sub-</strong></span> 
     </span>
    </p>
   </div>
   <div class='ocr_carea' id='block_1_113' title="bbox 203 5543 1690 5630">
    <p class='ocr_par' dir='ltr' id='par_1_113' title="bbox 203 5557 1690 5630">
     <span class='ocr_line' id='line_1_113' title="bbox 203 5557 1690 5630; baseline 0.005 -18"><span class='ocrx_word' id='word_1_860' title='bbox 203 5557 406 5630; x_wconf 66' lang='grc' dir='ltr'>ξᾼιιιοε</span> <span class='ocrx_word' id='word_1_861' title='bbox 457 5577 510 5620; x_wconf 85' lang='lat' dir='ltr'><strong>v.</strong></span> <span class='ocrx_word' id='word_1_862' title='bbox 538 5559 630 5618; x_wconf 69' lang='lat'><strong>20.</strong></span> <span class='ocrx_word' id='word_1_863' title='bbox 703 5562 722 5592; x_wconf 81' lang='grc'><strong>⁷</strong></span> <span class='ocrx_word' id='word_1_864' title='bbox 747 5558 890 5618; x_wconf 86' lang='lat' dir='ltr'><strong>Psal.</strong></span> <span class='ocrx_word' id='word_1_865' title='bbox 917 5579 1143 5630; x_wconf 79' lang='lat' dir='ltr'><strong>xxxviii,</strong></span> <span class='ocrx_word' id='word_1_866' title='bbox 1173 5566 1256 5620; x_wconf 86' lang='lat' dir='ltr'><strong>l0.</strong></span> <span class='ocrx_word' id='word_1_867' title='bbox 1307 5567 1354 5600; x_wconf 83' lang='lat'><strong>-‘</strong></span> <span class='ocrx_word' id='word_1_868' title='bbox 1383 5565 1571 5621; x_wconf 81' lang='lat' dir='ltr'><strong>Matth.</strong></span> <span class='ocrx_word' id='word_1_869' title='bbox 1605 5581 1690 5619; x_wconf 53' lang='lat' dir='ltr'><strong>xxi</strong></span> 
     </span>
    </p>
   </div>
   <div class='ocr_carea' id='block_1_114' title="bbox 1793 5543 3056 5630">
    <p class='ocr_par' dir='ltr' id='par_1_114' title="bbox 1793 5543 3056 5628">
     <span class='ocr_line' id='line_1_114' title="bbox 1793 5543 3056 5628; baseline -0.017 -10"><span class='ocrx_word' id='word_1_870' title='bbox 1793 5563 1966 5628; x_wconf 66' lang='lat'><strong>55,64.</strong></span> <span class='ocrx_word' id='word_1_871' title='bbox 2041 5564 2062 5595; x_wconf 82' lang='grc'><em>⁹</em></span> <span class='ocrx_word' id='word_1_872' title='bbox 2089 5560 2221 5617; x_wconf 90' lang='lat' dir='ltr'><strong>Luc.</strong></span> <span class='ocrx_word' id='word_1_873' title='bbox 2253 5573 2409 5622; x_wconf 68' lang='grc' dir='ltr'>χχιιι,</span> <span class='ocrx_word' id='word_1_874' title='bbox 2441 5555 2494 5610; x_wconf 78' lang='grc'><strong>’5.</strong></span> <span class='ocrx_word' id='word_1_875' title='bbox 2573 5553 2614 5584; x_wconf 85' lang='grc'><strong>¹⁰</strong></span> <span class='ocrx_word' id='word_1_876' title='bbox 2644 5549 2662 5604; x_wconf 94' lang='lat' dir='ltr'><strong>l</strong></span> <span class='ocrx_word' id='word_1_877' title='bbox 2695 5547 2842 5604; x_wconf 87' lang='lat' dir='ltr'><strong>Petr.</strong></span> <span class='ocrx_word' id='word_1_878' title='bbox 2878 5561 2937 5612; x_wconf 89' lang='lat' dir='ltr'><strong>ll,</strong></span> <span class='ocrx_word' id='word_1_879' title='bbox 2967 5543 3056 5598; x_wconf 72' lang='grc'><strong>25.</strong></span> 
     </span>
    </p>
   </div>
   <div class='ocr_carea' id='block_1_115' title="bbox 133 5628 302 5696">
    <p class='ocr_par' dir='ltr' id='par_1_115' title="bbox 133 5628 302 5696">
     <span class='ocr_line' id='line_1_115' title="bbox 133 5628 302 5696; baseline 0 -13"><span class='ocrx_word' id='word_1_880' title='bbox 133 5646 170 5696; x_wconf 79' lang='grc' dir='ltr'><strong>ι,</strong></span> <span class='ocrx_word' id='word_1_881' title='bbox 205 5628 302 5684; x_wconf 73' lang='grc'><strong>55.</strong></span> 
     </span>
    </p>
   </div>
   <div class='ocr_carea' id='block_1_116' title="bbox 3159 5535 3380 5592">
    <p class='ocr_par' dir='ltr' id='par_1_116' title="bbox 3159 5535 3380 5592">
     <span class='ocr_line' id='line_1_116' title="bbox 3159 5535 3380 5592; baseline -0.014 1"><span class='ocrx_word' id='word_1_882' title='bbox 3159 5539 3197 5570; x_wconf 82' lang='grc'><strong>¹¹</strong></span> <span class='ocrx_word' id='word_1_883' title='bbox 3242 5535 3380 5592; x_wconf 82' lang='lat' dir='ltr'><strong>Luc.</strong></span> 
     </span>
    </p>
   </div>
   <div class='ocr_carea' id='block_1_117' title="bbox 1438 5694 2109 5753">
    <p class='ocr_par' dir='ltr' id='par_1_117' title="bbox 1438 5694 2109 5753">
     <span class='ocr_line' id='line_1_117' title="bbox 1438 5694 2109 5753; baseline -0.004 -2"><span class='ocrx_word' id='word_1_884' title='bbox 1438 5697 1670 5753; x_wconf 64' lang='lat' dir='ltr'><strong>VARUE</strong></span> <span class='ocrx_word' id='word_1_885' title='bbox 1707 5694 2109 5753; x_wconf 79' lang='lat' dir='ltr'><strong>LECTIONES.</strong></span> 
     </span>
    </p>
   </div>
   <div class='ocr_carea' id='block_1_118' title="bbox 208 5766 1205 5840">
    <p class='ocr_par' dir='ltr' id='par_1_118' title="bbox 208 5766 1205 5840">
     <span class='ocr_line' id='line_1_118' title="bbox 208 5766 1205 5840; baseline -0.006 -15"><span class='ocrx_word' id='word_1_886' title='bbox 208 5766 236 5793; x_wconf 71' lang='grc'><strong>⁸</strong></span> <span class='ocrx_word' id='word_1_887' title='bbox 276 5785 365 5839; x_wconf 77' lang='grc' dir='ltr'>γρ.</span> <span class='ocrx_word' id='word_1_888' title='bbox 405 5768 602 5840; x_wconf 71' lang='grc' dir='ltr'><strong>ἀληθὲς</strong></span> <span class='ocrx_word' id='word_1_889' title='bbox 643 5767 830 5832; x_wconf 74' lang='grc' dir='ltr'>πάθος.</span> <span class='ocrx_word' id='word_1_890' title='bbox 911 5769 934 5809; x_wconf 73' lang='grc' dir='ltr'>δ</span> <span class='ocrx_word' id='word_1_891' title='bbox 977 5772 1032 5822; x_wconf 74' lang='lat' dir='ltr'><strong>.l.</strong></span> <span class='ocrx_word' id='word_1_892' title='bbox 1080 5769 1205 5838; x_wconf 68' lang='grc' dir='ltr'>γάρ.</span> 
     </span>
    </p>
   </div>
  </div>
