3980 6306
110 220 304 292 2529
1293 200 1839 291 COMMENTABII
1879 232 1961 293 IN
1986 233 2277 294 ISAIAM.
3305 230 3442 296 εδει)

233 339 380 409 Πρὸς
409 339 467 392 δὲ
505 337 572 392 τὰ
610 338 736 410 ἔθνη
784 337 931 403 τινὲς
977 337 1233 412 εἰρῆσθαι
1283 337 1443 392 τοῦτό
1479 355 1666 408 φασιν,
1695 338 1764 404 ὡς

1942 343 2023 397 Ad
2057 353 2246 414 gentes
2270 349 2450 397 autem
2474 349 2528 398 ct
2557 341 2662 398 ista
2697 338 2856 412 dirigi
2897 341 3117 411 quidam
3166 341 3443 398 arbitran-

116 431 416 486 Τοσαῦτα
442 433 706 495 παθόντος
734 431 875 502 ὑπὲρ
896 431 926 484 ὗ
935 430 1074 500 μῶν,
1102 431 1198 484 ἐὰν
1221 433 1312 484 καὶ
1331 431 1492 500 ὑμεῖς
1516 431 1742 482 πιστεύο

1878 449 1942 487 ur
1979 451 1994 501 ;
2032 443 2092 488 ut
2119 449 2214 488 cos
2241 433 2688 501 etiam,quorum
2722 433 3069 486 nominetam
3111 431 3282 486 multa
3316 447 3444 502 pas-

121 538 318 592 σητε,
345 524 444 584 τὰς
460 521 736 592 ἁμαρτίας
767 521 921 588 ὑμῶν
952 519 1457 590 ἐξομολογούμενοι,
1491 519 1744 571 κοινωνοὶ

1869 537 1944 576 ιιιε
1997 524 2089 590 sit,
2136 523 2182 578 si
2239 522 2596 584 crediderint,
2635 535 2845 590 suaque
2907 529 3132 592 peccata
3199 523 3444 580 confessi

119 612 272 690 τῷν
300 611 532 668 αἰωνίων
559 612 783 680 ἀγαθῶν
812 610 1242 682 καταστήσεσθε.
1275 609 1491 662 Δίδωσι
1520 607 1589 662 δὲ
1613 607 1747 674 περὶ

1869 612 2076 677 'ucrint,
2109 613 2432 682 perennium
2483 612 2754 665 honorum
2801 611 2915 665 fore
2970 611 3263 682 participes
3284 626 3438 669 asse-
3505 678 3522 690 ο

120 685 454 772 ἀῖιαρτιάς
491 704 624 766 πᾶς,
662 702 790 771 περὶ
817 693 878 754 οὗ
911 718 1074 768 φησιν
1106 715 1122 732 °
1159 719 1178 751 ι
1203 700 1268 752 El
1286 716 1370 762 τις
1399 698 1544 751 θέλει
1575 697 1750 751 ὀπίσω

1869 709 1961 755 ³31..
1997 701 2103 754 Dat
2135 718 2253 756 vero
2283 717 2379 771 pro
2405 713 2621 768 peccato
2656 700 2912 769 quisquis
2947 699 3002 752 id
3031 709 3276 770 praestat,
3296 701 3442 771 quod

131 812 268 864 μου
300 795 498 858 ἐλθεῖν,
524 793 854 864 ἀρνησάσθω
881 791 1093 856 ἑαυτὸν,
1127 791 1222 844 καὶ
1245 789 1432 858 ἀράτω
1467 789 1556 840 τὶν
1589 805 1752 840 σταυ-

1869 795 1987 849 lieit
2032 811 2046 848 :
2095 811 2111 844 ι
2157 791 2213 846 Si
2247 793 2370 862 quis
2399 794 2516 846 vult
2559 792 2748 846 venire
2795 797 2918 858 post
2949 805 3066 860 me,
3094 792 3328 864 aiinegct
3355 808 3442 848 se-

127 887 259 954 ρδν
291 884 478 947 αὑτοῦ,
508 883 603 938 καὶ
632 882 994 937 ἀκολουθείτω
1041 901 1132 951 μοι
1157 896 1174 914 ο
1209 901 1226 933 s
1267 883 1420 933 ποῖον
1448 891 1470 918 ο
1500 875 1569 951 ἦν
1607 883 1634 932 6
1663 879 1752 932 ἱέ-

1871 883 2171 952 netipsum,
2215 891 2270 938 et
2316 883 2472 936 tollat
2537 887 2758 935 crucem
2821 895 3002 944 suam,
3055 890 3108 935 et
3182 891 3444 952 sequatur

125 994 300 1044 των,
331 996 350 1028 ι
395 977 612 1046 Χριστῷ
629 993 850 1029 συνεστσ
867 976 1106 1046 ύρωμαι,
1132 973 1209 1037 ζῶ
1231 973 1285 1026 δὲ
1309 973 1491 1026 οὐκέτι
1519 971 1650 1040 ἐγώ.
1677 973 1752 1042 Ζῇ

1869 975 2019 1028 ne“.
2055 993 2074 1026 ι
2103 972 2425 1044 Cujusmodi
2461 973 2552 1026 ille
2575 971 2695 1033 fuit,
2716 969 2808 1040 qui
2829 983 2890 1024 se
2909 985 3034 1024 cum
3065 970 3291 1026 Christo
3310 987 3445 1028 cru-

124 1068 214 1121 δὲ
243 1071 305 1120 ἐν
326 1069 450 1136 ἐμοὶ
477 1067 744 1136 Χριστό;;
771 1067 874 1118 »ού
902 1066 1140 1129 τοιοῦτος
1165 1065 1218 1118 δὲ
1237 1068 1264 1118 ὁ
1283 1066 1512 1133 ἀγαπῶν
1544 1065 1754 1136 πατέρα

1869 1065 2078 1120 :ilixum
2113 1082 2222 1121 non
2259 1067 2442 1120 vivere
2503 1051 2764 1134 amplius,
2805 1064 2900 1119 sed
2932 1064 3216 1119 Christum
3267 1065 3322 1118 in
3355 1079 3446 1120 se-

121 1157 178 1227 ἣ
234 1130 448 1228 μητέρα
487 1157 629 1224 ὑπὲρ
656 1159 838 1212 αὐτόν.
871 1159 1009 1228 Φησὶ
1029 1159 1158 1226 γὰρ,
1179 1157 1254 1220 ὼς
1287 1175 1306 1206 ι
1337 1157 1450 1209 Ούκ
1479 1155 1626 1208 ἔστιν
1655 1173 1755 1226 μου

1869 1170 1977 1225 ipso
2009 1155 2388 1223 pronuntiavit
2423 1156 2508 1208 ¹⁶’.
2533 1130 2611 1208 At
2635 1161 2753 1210 erat
2782 1153 2914 1208 hinc
2940 1153 3096 1224 longe
3133 1153 3444 1220 dissimilis,

128 1245 336 1311 ἄξιος.
377 1265 396 1296 ι
451 1247 522 1300 Τὸ
545 1243 638 1300 οὖν
673 1247 959 1315 ἀγαπῆσαι
1001 1247 1236 1316 Χριστὸν
1264 1245 1322 1310 ἐξ
1363 1247 1489 1315 ὅλης
1535 1245 1758 1316 καρδίας

1869 1245 1950 1315 qui
1984 1253 2218 1314 patrem,
2257 1254 2349 1300 aut
2381 1252 2610 1300 matrem
2657 1245 2914 1314 amplius,
2984 1257 3146 1314 quam
3188 1257 3312 1298 eum
3343 1242 3446 1298 ad-

129 1337 258 1389 καὶ
291 1337 488 1406 ψυχῆς,
541 1337 602 1390 τὺ
630 1337 840 1391 δοῦναί
886 1338 1019 1390 ἐστι
1069 1337 1201 1406 περὶ
1233 1339 1538 1406 ἁμαρτίας.
1597 1337 1758 1400 Τινὲς

1869 1339 2122 1400 amabat;
2159 1351 2319 1406 quem
2361 1351 2422 1392 se
2473 1335 2599 1391 ideo
2637 1351 2746 1390 non
2778 1335 3000 1406 dignum
3043 1349 3164 1390 esse
3198 1349 3447 1404 pronun-

131 1425 217 1479 δὲ
239 1427 307 1480 τὸ
337 1428 500 1497 ῥητὸν
523 1426 696 1489 οὕτως
727 1426 1016 1496 ὲκθέμενοι
1043 1441 1058 1458 ο
1097 1424 1240 1480 Ἐὰν
1266 1424 1340 1492 θῇ
1381 1425 1515 1494 περὶ
1551 1429 1757 1493 πλημ-

1869 1428 2100 1482 tiavit".
2131 1428 2230 1482 Est
2255 1428 2424 1498 igitur
2454 1427 2583 1482 dare
2611 1443 2708 1494 pro
2728 1439 2940 1496 peccato
2957 1426 3234 1482 Christum
3261 1427 3445 1497 ipsum

126 1521 430 1588 μελείας,
466 1519 638 1587 ψυχὴ
672 1518 859 1572 αὐτοῦ
907 1518 1119 1586 ὄψεται
1165 1516 1407 1586 σπέρμα
1461 1517 1758 1586 μηκύνον,

1869 1527 1978 1575 toto
1996 1520 2184 1586 corde,
2203 1529 2432 1591 totoque
2460 1521 2646 1575 animo
2681 1520 2932 1590 diligere.
2965 1519 3254 1576 Exsistunt
3273 1519 3444 1574 etiam

159 1612 420 1682 ’Πμέρα,
465 1612 795 1681 ἐπήνεγκαν,
833 1611 864 1680 ἡ
891 1610 1029 1680 μετὰ
1064 1609 1125 1662 τὸ
1147 1610 1318 1672 πάθος
1338 1649 1352 1671 ,
1392 1609 1709 1662 παιδοποιία
1731 1606 1759 1646 (ι

1867 1611 2139 1678 nonnulli,
2180 1611 2272 1681 qui
2297 1612 2489 1680 locum
2513 1611 2623 1685 _ita
2662 1619 2998 1681 exponentes
3033 1628 3048 1665 :
3087 1608 3145 1664 Si
3195 1607 3445 1664 obtulerit

139 1703 518 1774 πνευματικὴ
551 1702 651 1772 τῆς
680 1703 761 1765 εἰς
793 1702 963 1756 αἰῶνα
991 1701 1220 1769 ἐνούσης
1256 1711 1280 1740 ο
1314 1699 1610 1771 ἀδιηγήτου
1653 1715 1749 1768 γε·

1869 1719 1954 1763 nro
1983 1715 2222 1772 peccato,
2259 1706 2440 1758 anima
2502 1704 2620 1774 ejus
2655 1702 2847 1758 videbit
2897 1718 3068 1758 semen
3089 1701 3443 1771 ampliﬁcans,

141 1799 318 1860 νεᾶς.
350 1797 472 1850 κατ’
501 1795 835 1864 ἐπαγγελίαν
876 1794 976 1866 τὴν
1020 1795 1158 1866 πρὸς
1200 1794 1452 1864 Ἀϐραὰμ
1481 1793 1636 1864 θεῖκῇ
1662 1793 1755 1846 δυ-

143 1889 334 1958 νάμει
360 1887 746 1958 πληρουμένην
778 1887 916 1958 μετὰ
953 1885 1050 1957 τὴν
1083 1885 1236 1938 λύσιν
1276 1886 1376 1954 τῆς
1424 1883 1754 1954 φθοροποιοῢ

146 1978 468 2049 ἁμαρτίας,
517 1978 614 2030 καὶ
642 1976 741 2048 τὴν
791 1975 977 2029 ἄνοδον
1020 1973 1116 2029 τοῦ
1167 1973 1466 2045 λυτρωτοῦ.
1505 1975 1651 2026 ’Λντὶ
1699 1973 1756 2027 δὲ

145 2071 288 2132 τοῦ,
325 2069 434 2124 Kal
461 2068 748 2132 ,ϐούλεται
779 2057 992 2134 Κύρίος
1019 2068 1269 2138 ἀφελεῖν
1285 2069 1402 2122 ἀπὸ
1427 2067 1536 2122 τοῦ
1565 2069 1757 2122 πόνου

148 2161 283 2228 τῆς
321 2159 530 2228 ψυχῆς
561 2157 770 2223 αὑτοῦ,
795 2160 822 2210 6
851 2159 1148 2230 Σύμμαχος
1171 2176 1186 2192 ο
1219 2160 1328 2213 Kal
1361 2158 1590 2230 θέλημα
1638 2163 1756 2214 Κυ-

144 2255 336 2322 ρίου,
396 2253 581 2322 φησὶν,
627 2252 696 2304 ἐν
719 2251 868 2320 χειρὶ
907 2251 1092 2304 αὐτοῦ
1114 2251 1587 2322 εὐοδωθήσεταιο
1620 2253 1760 2324 ὅπερ

149 2346 263 2400 ἐπὶ
294 2344 458 2414 μόνου
497 2343 590 2396 τοῦ
646 2343 901 2414 Σωτῆρος
945 2343 1231 2414 ἁρμόττει.
1285 2345 1592 2408 Δικπαντὸς
1648 2345 1758 2416 γὰρ

151 2437 232 2490 τὸ
271 2435 502 2504 θέλημα
553 2433 660 2489 τοῦ
695 2434 954 2502 Πατέρος
996 2435 1066 2488 ἐν
1089 2434 1162 2504 τῇ
1219 2437 1370 2504 χειρί
1401 2437 1588 2490 αὐτοῦ
1616 2453 1757 2490 κατ-

152 2527 478 2582 ευοδοῦτο.
541 2527 748 2580 Ἔδωκε
789 2526 845 2580 δὲ
885 2525 1034 2598 αὐτῷ
1089 2527 1180 2580 καὶ
1239 2527 1353 2596 φῶς
1393 2530 1471 2590 εἰς
1499 2527 1561 2581 τὸ
1591 2528 1759 2596 φωτί-

156 2619 364 2686 ζεσθαι
417 2621 540 2683 τοὺς
566 2619 632 2674 δι’
661 2619 824 2673 αὑτοῦ
872 2618 1308 2688 δικαιουμένους,
1349 2621 1445 2674 καὶ
1477 2621 1756 2675 σύνεσιν.
1793 2607 1811 2630 ’

171 2710 637 2764 Ἐπανεπαύσατο
699 2711 810 2781 γὰρ
861 2711 949 2764 ἐπ’
983 2711 1145 2766 αὑτὸν
1174 2711 1392 2782 πνεῦμα
1426 2712 1616 2782 σοφίας
1665 2713 1762 2766 καὶ

161 2803 448 2867 συνέσεως
478 2804 558 2866 εἰς
605 2801 666 2855 τὸ
718 2801 1018 2867 συνετοὺς
1062 2801 1494 2873 ἀπεργάζεσθαι,
1546 2802 1642 2854 καὶ
1670 2801 1760 2856 δι-

159 2897 392 2952 καιοῦν
411 2897 548 2962 τοὺς
573 2895 780 2960 ἀξίους
805 2895 910 2952 τοῦ
933 2895 1329 2950 δικαιοῦσθαι.
1359 2894 1516 2956 Τινὲς
1537 2893 1594 2947 δὲ
1619 2893 1760 2947 οὕτω

161 2986 310 3056 φασί
345 3002 357 3016 ·
389 2987 680 3040 Bormann
737 2987 952 3054 Κύριος
1000 2985 1116 3054 τὴν
1163 2985 1256 3038 ἐπὶ
1285 2983 1362 3054 τῷ
1395 2983 1615 3054 σταυρῷ
1651 2985 1760 3038 λύ-

162 3095 304 3148 πην
363 3079 698 3148 μεταστῆσαι
745 3081 824 3142 εἰς
879 3079 1076 3148 χαρὰν,
1131 3077 1220 3132 διὰ
1269 3077 1364 3130 τοῦ
1411 3077 1582 3142 δεῖξαι
1612 3076 1759 3147 αὐτῷ
1787 3058 1830 3115 C

163 3168 646 3238 paranatqﬁévta;
675 3169 760 3232 είς
814 3163 940 3242 ςξῶς
971 3165 1098 3228 τούς
1153 3181 1286 3217 ποτε
1325 3167 1514 3229 σκότος
1542 3167 1636 3218 καὶ
1670 3182 1778 3220 πε-.

165 3259 580 3329 πλανημένους,
632 3259 762 3328 περὶ
814 3251 888 3310 ὧν
913 3259 940 3310 6
970 3255 1184 3319 nam;
1245 3273 1408 3326 φησιν
1438 3273 1454 3288 ο
1492 3275 1510 3308 ι
1549 3259 1610 3310 Οἱ
1635 3257 1764 3311 ποτὲ

167 3349 395 3410 σκότος,
421 3348 534 3401 νυνὶ
561 3347 617 3399 δὲ
640 3347 754 3414 φῶς
787 3347 844 3399 ὲν
891 3345 1098 3416 Κυρίῳ.
1134 3365 1152 3398 ι
1187 3347 1288 3399 Kal
1317 3348 1764 3417 πλαττομένους

165 3435 254 3505 τῇ
284 3436 535 3490 συνέσει
555 3453 569 3466 °
591 3434 736 3488 τοῦτ’
771 3435 884 3490 ἐστι
935 3437 1494 3508 μεταμορφουμένους
1522 3438 1630 3491 ἀπὸ
1675 3439 1765 3492 δό-

168 3527 277 3599 ξης
307 3528 387 3590 εἰς
432 3527 611 3592 δόξαν.

252 3619 400 3690 Πρδς
427 3620 484 3672 δὲ
513 3619 605 3672 τὸν
640 3617 714 3688 μὴ
747 3618 991 3670 τοιοῦτον
1031 3617 1315 3689 Ἱερεμίας
1347 3619 1512 3688 φησίν
1534 3636 1549 3650 ο
1589 3639 1608 3672 ι
1633 3619 1766 3673 Ἰδοὺ

165 3712 282 3764 οὐκ
317 3712 450 3764 είσὶν
479 3711 528 3764 el
557 3711 826 3780 ὀφθαλμοί
859 3727 980 3775 σου,
1035 3709 1158 3763 οὐδὲ
1203 3711 1237 3780 ἡ
1293 3711 1490 3780 καρδία
1539 3728 1634 3765 σου
1661 3727 1766 3766 κα-

166 3800 272 3871 λή.
308 3821 327 3854 ι
371 3801 431 3854 '0
481 3800 537 3854 δὲ
591 3800 896 3854 ὲπιστεύων
931 3797 952 3838 ί
1005 3801 1085 3864 εἰς
1127 3801 1219 3853 τὸν
1276 3801 1532 3871 Χριστὸν,
1581 3804 1660 3865 είς
1707 3802 1770 3856 τὸ

170 3894 330 3949 θεῖον
364 3891 527 3945 αὐτοῦ
561 3892 998 3962 μεταπλάττεται
1027 3891 1247 3954 κάλλος,
1278 3891 1463 3945 ὁποῖόν
1517 3892 1634 3946 ἐστι
1666 3893 1726 3946 τό
1752 3908 1766 3923 ⁸

174 4002 202 4038 s
240 3983 465 4048 Τεκνία,
494 3984 585 4048 οὓς
618 3984 779 4037 πάλιν
799 3985 993 4048 ὠδίνω,
1030 3984 1192 4054 μέχρι
1240 3983 1499 4055 μορφωθῇ
1535 3985 1769 4055 Χριστὸς

169 4080 238 4130 ἓν
295 4077 444 4146 ὑμῖν.
481 4076 588 4140 Ui),-
637 4076 744 4147 γὰρ
775 4076 937 4145 ἔγνω,
975 4076 1131 4145 φησὶ,
1161 4077 1252 4128 καὶ
1293 4075 1599 4146 προώρισεν
1634 4093 1770 4146 συμ-

175 4167 434 4236 μόρφους
487 4166 586 4237 τῆς
629 4166 838 4230 εἰκόνος
881 4165 974 4218 τοῦ
1018 4164 1148 4218 Υίοῦ
1179 4165 1366 4233 αὑτοῦ,
1417 4167 1640 4230 τούτους
1669 4169 1766 4220 καὶ

169 4257 466 4312 ἐκάλεσεν.
511 4276 530 4308 ι
587 4257 784 4312 κτίσαι
821 4257 878 4312 δὲ
923 4256 1142 4323 λέγεται
1192 4256 1324 4318 Θεὸς
1373 4258 1622 4320 καὶτοὺς
1672 4258 1766 4312 δύο

1858 1797 2125 1866 adjiciunt
2153 1815 2168 1862 ;
2211 1795 2354 1852 diem
2386 1795 2698 1874 illumnqui
2727 1793 3060 1864 passionem
3091 1801 3316 1847 secutus
3335 1799 3442 1857 est,

1857 1885 2099 1942 ﬁliorum
2140 1887 2582 1958 procreationem
2613 1899 2737 1941 esse
2760 1884 3098 1954 Spiritualem
3133 1881 3446 1954 generatio-

1858 1979 1946 2031 nis
1975 1985 2255 2047 perpetuae
2281 1984 2336 2032 et
2375 1973 2677 2030 ineffabilia
2717 1973 3017 2029 secundum
3043 1973 3242 2026 factam
3270 1971 3448 2026 Abra-

1860 2069 2026 2125 hamo
2062 2070 2484 2140 promissionem
2521 2085 2536 2134 ;
2570 2083 2694 2138 qua:
2717 2067 2902 2122 divina
2933 2067 3154 2130 virtute,
3187 2076 3310 2138 post
3328 2065 3448 2121 exi-

1857 2160 2008 2216 tialis
2063 2160 2277 2230 peccati
2342 2159 2745 2222 remissionem,
2797 2166 3034 2228 postque
3058 2155 3447 2228 Redemptoris

1859 2267 2150 2308 ascensum
2185 2251 2573 2320 adimplcatur.
2589 2248 2864 2306 Caeterum
2885 2265 3016 2318 pro:
3037 2249 3104 2303 Et
3131 2249 3240 2302 uult
3263 2247 3420 2302 Domi
3433 2277 3448 2288 -

1859 2359 1959 2397 nus
1984 2343 2204 2411 auferre
2233 2340 2298 2395 de
2326 2341 2508 2395 labore
2544 2343 2780 2394 animam
2800 2342 2938 2410 ejus,
2975 2341 3052 2394 ita
3088 2340 3248 2394 habet
3285 2339 3446 2410 Sym-

1860 2435 2110 2500 machus,
2172 2432 2245 2486 Et
2286 2432 2533 2486 voluntas
2575 2431 2791 2485 Domini
2821 2433 2876 2484 in
2899 2446 3061 2484 manu
3101 2431 3448 2499 ejusprospe-

1857 2526 2071 2579 rabitur
2101 2540 2120 2589 ;
2175 2525 2319 2594 quod
2355 2524 2448 2576 uni
2473 2531 2688 2578 tantum
2717 2521 2990 2576 Salvatori
3019 2521 3298 2590 congruit.
3320 2517 3447 2575 Per-

1859 2625 2026 2687 petuo
2057 2615 2203 2670 enim
2242 2614 2424 2668 Patris
2441 2611 2695 2667 'voluntas
2724 2613 2778 2666 in
2834 2629 2997 2666 manu
3033 2611 3146 2680 ejus
3201 2624 3447 2680 prospere

1861 2709 2136 2764 successit.
2168 2708 2322 2763 Dedit
2357 2725 2485 2767 vero
2530 2718 2584 2764 et
2612 2708 2791 2760 lucem
2828 2707 2958 2776 ipsi,
2993 2713 3052 2759 ut
3075 2720 3194 2770 eos,
3233 2705 3324 2773 qui
3351 2718 3447 2774 per

1861 2799 2041 2868 ipsum
2070 2797 2362 2866 iustiﬁcati
2417 2808 2567 2863 sunt,
2622 2798 2940 2851 illustraret.
2979 2794 3138 2849 Dedit
3165 2803 3220 2850 et
3243 2794 3446 2848 intelli—
3529 2813 3539 2820 -

1861 2891 2114 2960 gentiam,
2134 2891 2260 2960 quia
2283 2890 2554 2960 requievit
2580 2903 2749 2959 super
2767 2902 2892 2942 cum
2915 2887 3147 2956 spiritus
3164 2886 3448 2957 sapientiae

1863 2990 1917 3034 et
1943 2979 2274 3046 intellectus,
2301 2991 2358 3034 ut
2426 2981 2692 3048 sapientes
2717 2977 2880 3050 607
2921 2975 3176 3042 elliceret,
3201 2985 3253 3030 et
3265 2977 3447 3044 justas

1863 3071 1955 3142 qui
1993 3071 2388 3141 justiﬁcatione
2427 3071 2578 3142 digni
2613 3081 2762 3124 sunt.
2794 3066 2998 3122 Putant
3041 3066 3134 3120 alii
3176 3066 3304 3120 velle
3343 3066 3450 3121 Do-

1864 3163 2066 3217 minum
2109 3174 2426 3234 perceptum
2469 3180 2500 3220 e
2553 3177 2719 3218 cruce
2771 3161 3008 3215 dolorem
3063 3167 3354 3230 propterea
3393 3161 3450 3214 in

1864 3259 2123 3326 gaudium
2145 3265 2469 3313 convertere
2493 3297 2508 3322 ,
2527 3257 2672 3326 quod
2701 3248 2750 3311 oi
2778 3263 3144 3311 commutatos
3177 3256 3234 3310 in
3281 3255 3451 3310 lucem

1865 3350 2194 3414 ostenderit,
2227 3357 2277 3403 et
2305 3347 2662 3419 intelligentia
2692 3347 2977 3418 formatos,
3007 3345 3060 3400 id
3086 3352 3192 3412 est,
3217 3360 3246 3400 a
3278 3345 3448 3417 gloria

1867 3441 1922 3496 in
1939 3441 2170 3512 gloriam
2193 3441 2624 3496 transformatos
2644 3441 2738 3509 qui
2759 3439 2996 3494 tenebrae
3015 3437 3166 3500 olim,
3191 3451 3337 3492 nunc
3355 3451 3452 3492 au-

1867 3539 1976 3586 tem
2014 3533 2106 3585 lux
2139 3531 2195 3584 in
2223 3521 2476 3594 Domino,
2513 3529 2596 3584 uti
2632 3527 2840 3584 Paulus
2865 3529 2942 3582 ait
2976 3529 3042 3593 η,
3064 3533 3377 3584 evaserunt.

1941 3621 2081 3675 Sunt
2123 3636 2256 3676 vero
2302 3621 2369 3675 ad
2404 3637 2553 3685 eum,
2589 3621 2683 3691 qui
2729 3621 2853 3676 talis
2895 3635 2998 3674 non
3028 3629 3132 3685 est,
3170 3621 3270 3675 ista
3299 3617 3452 3674 lere-

1868 3713 1992 3766 mias
2042 3712 2202 3767 verba
2237 3730 2251 3765 :
2288 3730 2307 3764 ι
2347 3711 2488 3766 Ecce
2533 3725 2642 3764 non
2694 3701 2826 3766 sunt
2867 3709 3014 3766 oculi
3064 3711 3165 3774 tui,
3214 3724 3314 3766 nec
3357 3724 3455 3765 cor

1869 3812 2024 3857 tuum
2059 3803 2347 3874 pulchrum
2383 3803 2452 3858 ¹⁹.
2489 3819 2509 3854 ι
2554 3801 2659 3868 Qui
2702 3808 2882 3856 autem
2925 3801 2980 3856 in
3017 3799 3292 3856 Christum
3333 3816 3454 3856 cre-

1869 3895 1980 3959 dit,
2033 3895 2086 3948 in
2142 3895 2385 3948 divinam
2436 3893 2558 3963 ejus
2610 3890 3042 3947 transformatur
3085 3889 3454 3961 pulchritudi.

1870 4000 1994 4040 netu
2035 3999 2048 4038 :
2083 3983 2396 4054 cujnsmodi
2427 3992 2513 4039 est
2546 3983 2678 4038 illud
2713 3981 3020 4048 :‘¢_Filio|i,
3051 3996 3194 4052 quos
3233 3996 3453 4036 rursum

1871 4075 2136 4144 partui-io,
2169 4076 2343 4130 donec
2374 4073 2639 4129 formetur
2691 4074 2746 4128 in
2789 4074 2946 4129 vobis
2973 4073 3229 4128 Christus
3259 4072 3453 4128 ³ο.»-

1878 4184 1897 4218 ι
1926 4167 2076 4232 Quos
2105 4165 2252 4222 enim
2280 4165 2560 4235 cognovit,
2602 4163 2799 4234 inquit,
2829 4174 2884 4219 et
2907 4155 3199 4235 'praascivit
3233 4161 3454 4218 confor-

1873 4271 1989 4312 mes
2039 4256 2156 4312 fore
2212 4256 2434 4326 imagini
2493 4255 2617 4311 Filii
2667 4257 2766 4312 sui'
2793 4295 2806 4320 ,
2844 4256 2947 4311 hos
2974 4263 3028 4311 et
3075 4257 3296 4311 vocavit
3323 4257 3393 4332 'f.
3428 4275 3448 4309 ι

171 4349 352 4411 λαοὺς
386 4352 464 4412 είς
517 4350 612 4402 ἕνα
653 4349 836 4402 καινὸν
875 4348 1182 4418 ἄνθρωπον,
1231 4349 1434 4420 δηλαδὴ
1466 4349 1764 4418 μεταπλά-

1874 4348 2106 4402 Creasse
2157 4347 2287 4402 vero
2335 4348 2475 4402 duos
2525 4348 2579 4402 in
2633 4355 2908 4403 recentem
2959 4363 3128 4402 unum
3177 4346 3452 4402 hominem

172 4456 306 4506 σας
343 4439 562 4503 αὐτούς.
601 4441 820 4512 Ἐπειδὴ
851 4441 961 4508 γὰρ
1006 4441 1198 4512 κέρδος
1239 4440 1368 4494 ἴδιον
1397 4443 1426 4494 6
1453 4443 1768 4510 Μονογενὴς

172 4527 288 4600 τὴν
345 4529 620 4600 ἡμετέραν
669 4530 878 4583 τίθεται
935 4530 1230 4598 σωτηρίαν,
1290 4531 1428 4602 ὑπὲρ
1479 4523 1555 4583 ὧν
1600 4529 1769 4583 ἔπαθε

172 4623 352 4691 σῶμα
405 4619 604 4685 λαϐὼν,
664 4621 978 4688 ἀναγκαίως
1021 4623 1050 4674 6
1113 4621 1301 4691 Πατὴρ
1351 4621 1451 4691 τὴν
1497 4623 1770 4692 ἡμετέραν

172 4714 355 4776 ἴασιν,
417 4712 740 4780 ἀφαίρεσιν
783 4711 978 4766 πόνου
1026 4713 1160 4782 φησὶ
1221 4711 1316 4764 τοῦ
1373 4711 1637 4784 Χριστοῦ,
1674 4713 1772 4766 καὶ

169 4801 316 4876 φῶς
371 4802 532 4854 αὐτοῦ
577 4802 670 4854 τὸν
709 4801 979 4872 ἡμέτερον
1032 4802 1335 4872 φωτισμὸν,
1388 4803 1770 4873 ἀμειϐομένων

171 4889 286 4944 ἐπὶ
309 4887 370 4940 τὺ
399 4889 646 4959 κρεῖττον
673 4888 829 4958 ήμῶν
857 4890 950 4942 καὶ
969 4891 1548 4959 μεταπλαττομένων
1582 4895 1648 4964 τῇ
1672 4893 1768 4946 τοῦ

171 4975 340 5034 Θεοῦ
361 4979 632 5032 συνέσει.
663 4979 882 5042 Τούτοις
911 4981 1106 5048 ἐπάγει
1131 4996 1144 5010 ·
1174 4981 1494 5036 Δικαιῶσαι
1539 4983 1773 5038 δίκαιον

169 5066 254 5127 εὖ
284 5062 656 5123 δουλεύοντα
681 5069 954 5136 πολλοῖς.
986 5071 1061 5123 Ού
1093 5073 1202 5142 γὰρ
1228 5067 1362 5142 ἦλθε
1393 5073 1628 5140 Χριστὸς
1657 5073 1774 5126 δια-

61 5219 68 5228 ,
171 5162 506 5232 κονηθῆναι,
547 5160 693 5216 καθά
721 5179 890 5234 φησιν
925 5162 1109 5229 αὐτὸς,
1141 5163 1458 5233 διακονῆσαι
1485 5163 1542 5216 δὲ
1575 5164 1775 5234 μᾶλλον

167 5255 288 5325 τὴν
315 5254 414 5323 τῆς
436 5251 905 5325 ὲνανθρωπήσεως
937 5255 1270 5324 οἰκονομίαν.
1305 5254 1491 5307 Πάντα
1521 5254 1578 5308 δὲ
1603 5256 1776 5326 πράτ-

267 5365 798 5446 "_hiatth._avi,24.
877 5365 1342 5446 ίξϐοῑσιεμλο.
1423 5368 1682 5446 "hiauit.
1722 5387 1776 5436 κ,
1812 5373 1902 5429 57.
1981 5375 2026 5407 ⁸⁸
2044 5375 2246 5446 Ephes.
2287 5393 2339 5442 v,
2371 5375 2424 5430 8.

178 5453 268 5505 tv,
307 5439 394 5494 19.
471 5439 515 5470 ⁸³
545 5437 706 5492 ltom.
737 5453 854 5502 vm.
893 5437 987 5494 Q9.
1065 5442 1111 5471 ¹¹
1141 5439 1333 5494 Matth.
1364 5455 1454 5503 xx,
1477 5441 1570 5494 28.

1873 4440 2128 4509 populos,
2160 4439 2212 4492 id
2256 4445 2342 4494 est
2396 4439 2817 4508 transformasse
2856 4439 3060 4494 dicitur
3102 4439 3263 4495 Deus.
3299 4439 3455 4504 Quo-

1869 4535 2016 4589 niam
2047 4536 2194 4590 enim
2227 4535 2332 4590 sibi
2383 4535 2438 4590 in
2483 4535 2638 4590 lucro
2674 4535 2906 4592 salutem
2957 4545 3203 4589 nostram
3253 4531 3456 4605 Unige-

1868 4629 2020 4680 nitus
2068 4625 2316 4696 deputat,
2367 4629 2493 4680 dum
2535 4640 2738 4696 corpus
2781 4639 2972 4680 eorum
3025 4623 3280 4689 assumit,
3313 4638 3454 4694 quo-

1869 4731 1990 4770 rum
2047 4716 2270 4770 nomine
2329 4730 2526 4785 passus
2575 4729 2695 4780 eSt,
2758 4715 3073 4770 necessario
3121 4713 3284 4770 Pater
3339 4715 3456 4784 ipse

1870 4807 2216 4862 sanationem
2261 4817 2504 4862 nostram
2539 4805 2740 4861 laboris
2767 4805 2970 4862 Christi
3004 4807 3324 4861 oblationem
3352 4821 3452 4861 no-

1877 4901 2075 4964 minat,
2123 4905 2178 4951 et
2216 4897 2384 4951 lucem
2415 4895 2552 4966 ejus,
2579 4897 3001 4951 illustrationem
3034 4906 3303 4961 nostram,
3327 4912 3452 4952 cum

1880 5004 1982 5044 nos
2025 4989 2080 5042 in
2111 4971 2310 5044 melius
2359 4989 2682 5055 transimus,
2719 4991 2943 5058 ipsaque
2980 4988 3080 5044 Dei
3106 4990 3455 5058 intelligentia

1885 5077 2354 5147 transformamur.
2385 5078 2645 5147 Sequitur
2665 5078 2863 5133 deinde
2884 5076 3228 5148 :Justiﬁcare
3244 5079 3455 5150 justum

1884 5168 2011 5224 bene
2031 5172 2340 5226 servientem
2370 5169 2572 5225 multis.
2601 5167 2790 5240 Neque
2817 5171 2964 5224 enim
2993 5171 3140 5225 venit
3169 5169 3450 5239 Christus,

1884 5268 1944 5316 ut
1969 5261 2021 5316 ei
2052 5261 2484 5327 ministraretur,
2517 5260 2660 5316 sicut
2706 5260 2825 5332 ipse
2857 5260 2990 5316 dicit
3017 5261 3084 5329 ",
3117 5261 3210 5315 sed
3247 5260 3454 5332 potius,

2538 5376 2582 5408 "
2604 5372 2806 5431 Jereui.
2837 5388 2972 5439 uti,
3015 5372 3100 5429 Π.
3205 5368 3453 5430 "Galat.

1485 5509 1716 5588 vanus
1755 5531 2150 5592 LEC'l‘lONES.

245 5633 275 5666 υ
311 5638 408 5690 π).
437 5622 640 5688 ὁποῖος.
713 5621 742 5662 ά
782 5623 868 5678 ἵσ.
901 5625 1048 5678 λείπ
1109 5624 1245 5677 ἐστί.
1315 5633 1348 5663 ὀ
1381 5640 1468 5694 γρ.
1510 5624 1713 5684 αἰῶνας
1749 5625 1938 5698 οὔσης.
2012 5626 2030 5665 ί
2077 5647 2166 5698 π).
2209 5611 2502 5684 πιστεύων.
