3954 6308
544 191 682 262 253i

1899 181 2260 246 PROCOPII
2309 184 2548 246 GAZIEI

3698 187 3806 250 23‘?
3815 187 3843 248 Ξ

539 311 605 362 ut
635 293 1040 356 incarnationis
1075 293 1396 352 resonantia
1439 291 1800 351 subscrviret.
1847 291 1987 350 Cum
2020 307 2120 348 au-

2249 309 2414 358 τοντος
2443 293 2610 348 αὐτοῦ
2641 293 2760 349 καθ’
2809 293 3058 368 ὑπακοὴν
3093 295 3391 370 πατρικὴν,
3433 295 3750 352 ἀκόλουθον
3777 295 3840 368 ἦν

543 400 653 449 tem
697 388 882 445 omnia
919 402 988 442 ex
1033 384 1216 440 Patris
1252 383 1510 440 mandato
1543 383 1787 453 faceret,
1824 398 2128 456 congruum

544 488 667 538 erat
695 489 749 536 et
781 479 963 548 ipsum
1011 477 1184 530 linteo
1222 475 1571 530 succinctum
1617 488 1816 544 aquam
1853 473 1908 528 in
1950 473 2132 542 pollu-

544 573 707 630 brum
741 567 998 633 fundere,
1036 565 1394 634 omniumque
1440 581 1502 620 se
1551 563 1816 622 famulum
1861 565 2130 638 profiteri.

548 663 681 722 Indo
710 676 766 720 et
796 661 1006 720 Paulus
1043 659 1352 715 ministram
1378 663 1539 714 vocat
1572 659 1964 726 mcnnomiam,
2007 674 2131 715 cum

553 757 630 811 ait
677 773 692 813 :
745 772 764 807 ι
811 750 869 810 Si
932 753 1076 808 ριιιιιι
1130 749 1502 804 ministerium
1553 749 2034 806 condemnatiouis
2078 749 2132 804 in

553 847 727 920 gloria
757 855 862 912 est,
896 844 1070 900 multo
1101 840 1280 912 magis
1325 839 1545 897 excellit
1581 841 1950 896 ministerium
1974 839 2137 910 justi-

553 940 644 996 tiae
697 937 754 992 in
797 934 972 1005 gloria
1001 933 1070 985 “.
1109 950 1130 984 ι
1184 929 1536 1001 Justiﬁcatur
1595 945 1844 998 rursum,
1877 931 1964 986 vel
2005 945 2134 985 cum

553 1042 656 1083 nos
681 1026 818 1096 justi
847 1023 1136 1085 cllieimur,
1168 1019 1253 1075 vel
1293 1035 1419 1076 cum
1447 1033 1480 1073 a
1513 1019 1715 1089 quibus
1749 1028 1834 1074 est
1871 1019 2136 1073 intereru-

550 1125 704 1192 ptus,
738 1114 930 1171 iisdem
977 1115 1032 1169 in
1073 1113 1299 1184 iniustae
1341 1111 1466 1184 ejus
1512 1111 1996 1168 condemnatiouis
2036 1113 2138 1168 de-

555 1204 1016 1262 monstrationem
1051 1202 1305 1260 servituti
1341 1201 1748 1272 mancipantur.
1773 1202 2006 1269 Quinam
2034 1217 2136 1256 au-

553 1305 667 1352 tem
703 1297 741 1351 ii
781 1296 914 1361 sint,
947 1293 1040 1364 qui
1073 1308 1170 1364 per
1207 1293 1386 1362 ipsum
1409 1292 1706 1364 justiﬁcati
1739 1301 1884 1360 sunt,
1915 1293 2134 1356 extulit,

557 1405 684 1447 cum
712 1389 790 1443 ait
817 1407 832 1444 :
871 1385 938 1440 Et
965 1397 1186 1457 peccata
1217 1399 1403 1439 eorum
1447 1385 1559 1454 ipse
1590 1383 1828 1454 portabit
1856 1399 1876 1439 :
1919 1391 2014 1438 aut
2043 1399 2136 1439 se-

557 1483 800 1540 Cundum
831 1475 1150 1549 Symmachi
1177 1475 1717 1547 interpretationem,
1744 1474 1814 1529 Et
1840 1475 2136 1546 impietales

557 1587 742 1628 eorum
795 1571 906 1640 ipss
957 1567 1128 1639 608
1175 1565 1386 1636 stt/fert.
1437 1563 1545 1621 Eas
1591 1565 1742 1622 enim
1802 1564 1859 1620 in
1905 1581 1964 1620 se
2009 1579 2134 1621 cum

560 1665 878 1734 assumpsit.
907 1661 1114 1731 ρεπιιιὶ
1163 1674 1266 1716 nos
1318 1659 1506 1714 tunica
1554 1659 1727 1714 exuit.
1771 1656 1927 1714 Unde
1969 1660 2135 1714 etiam

561 1756 772 1818 multis,
822 1753 874 1810 id
930 1763 1036 1818 est,
1086 1751 1342 1822 gentibus
1400 1751 1537 1822 ipsis
1586 1752 1862 1807 serviuisse
1915 1752 2137 1808 dicitur.

567 1845 686 1904 Una
711 1846 982 1914 siquidem
1013 1859 1149 1915 gens
1180 1850 1322 1908 erat,
1351 1841 1662 1900 Israelitica
1706 1844 1921 1900 scilicet
1954 1860 1968 1898 :
2009 1845 2142 1900 reli-

563 1952 687 2008 qua:
739 1933 1070 2004 multiplices
1105 1941 1162 1989 et
1200 1933 1448 2000 inﬁnitae,
1479 1948 1620 2004 quas
1656 1934 1774 2004 ipse
1804 1931 1862 1989 in
1908 1933 2142 1990 haeredi-

561 2037 731 2086 tatem
780 2026 1058 2100 propriam
1105 2026 1340 2082 sortitus
1377 2025 1455 2082 ait
1487 2044 1504 2082 :
1541 2044 1561 2079 ι
1603 2025 1752 2082 Dixit
1783 2025 2045 2082 Dominus
2071 2027 2140 2083 ad

565 2137 689 2176 me:
712 2118 890 2176 Filius
921 2133 1082 2174 incus
1113 2132 1174 2174 es
1199 2127 1400 2188 tu,ego
1429 2117 1594 2174 hodie
1621 2117 1784 2190 genui
1809 2128 1888 2184 te;
1926 2119 2142 2188 postula

563 2224 596 2265 a
629 2225 738 2274 me,
771 2217 826 2266 et
861 2207 1004 2263 dabo
1050 2207 1152 2262 tibi
1207 2218 1398 2279 gentes
1455 2207 1830 2266 barreditatem
1883 2217 2053 2276 tuam,
2087 2215 2143 2264 ct

564 2301 972 2373 possessionem
1002 2307 1153 2354 tuam
1184 2299 1454 2358 terminos
1484 2309 1646 2356 terrae
1671 2300 1739 2354 ³⁸.
1769 2319 1790 2353 ι

637 2455 849 2510 Dicitur
889 2468 1022 2510 vero
1066 2454 1240 2522 spolia
1269 2454 1515 2526 fortium,
1561 2453 1615 2510 id
1662 2465 1768 2518 est,
1797 2470 1919 2526 quae
1953 2455 2022 2511 ab
2051 2453 2146 2510 ad-

564 2548 830 2603 versariis
893 2547 1266 2618 potestatibus
1313 2547 1554 2617 eripuit,
1597 2545 1878 2614 divisisse,
1933 2546 2146 2617 sibique

566 2639 842 2710 prOprios,
877 2639 968 2708 qui
1022 2635 1241 2692 fuerant
1295 2635 1363 2692 ab
1401 2636 1510 2692 illis
1553 2645 1814 2708 tanquam
1872 2639 2145 2708 mancipia

449 2786 467 2800 O
569 2725 844 2796 usurpati,
879 2726 1191 2781 vindicasse
1225 2743 1242 2781 :
1275 2740 1397 2798 quae
1423 2725 1646 2796 quidem
1681 2725 1854 2795 spolia
1883 2727 1999 2782 suis
2031 2727 2147 2796 ipse

565 2816 746 2870 divisit
789 2815 1108 2886 discipulis;
1157 2814 1286 2868 dum
1347 2815 1530 2870 varias
1581 2828 1647 2868 ex
1697 2814 1834 2884 ipsis
1875 2814 2148 2870 Ecclesias

567 2908 876 2962 constituit.
909 2905 1050 2960 lline
1071 2906 1238 2977 igitur
1263 2905 1354 2959 illa
1389 2903 1540 2962 tuere
1565 2906 1819 2976 superius
1851 2923 1867 2960 :
1905 2925 1923 2957 ι
1952 2905 2148 2962 Ειιθυιο

2171 2958 2216 3017 C

2234 387 2332 442 καὶ
2355 386 2417 441 τὸ
2444 385 2641 457 λεντίῳ
2675 385 3015 458 ζωσάμενον,
3038 385 3185 459 ὕδωρ
3218 390 3299 450 είς
3333 389 3425 442 τὸν
3458 387 3717 460 νιπτῆρα
3741 390 3844 461 βα-

2233 477 2371 544 λεῖν,
2401 477 2497 531 καὶ
2525 477 2626 548 τὴν
2680 477 2817 548 πρὸς
2863 477 3113 541 ἅπαντας
3155 476 3408 533 δουλείαν
3440 477 3838 542 ἀναδέξασθαι.

2235 563 2543 636 Τοιγαροῦν
2581 563 2676 618 καὶ
2727 563 2938 628 Παῦλος
2975 564 3223 620 διάκονον
3247 565 3348 638 τὴν
3379 567 3710 638 οἰκονομίαν
3738 585 3840 621 κι-

2235 655 2320 710 λεί
2351 655 2526 724 λέγων
2553 671 2568 686 ο
2608 676 2628 709 ι
2657 656 2722 712 El
2753 655 2864 727 γάρ
2905 660 2972 729 τῇ
3028 656 3281 730 διακονίᾳ
3315 660 3342 698 ε
3394 659 3500 728 τῆς
3563 661 3839 730 κατακρί-

2237 763 2398 812 σεως,
2425 744 2575 813 δόξα,
2618 746 2801 816 πολλῷ
2847 747 3053 818 μᾶλλον
3105 747 3359 819 διαφέρει
3387 749 3422 820 ἡ
3446 749 3712 803 διακονία
3743 751 3840 818 τῆς

2235 837 2585 911 δικαιοσύνης
2607 839 2666 892 ἐν
2695 837 2842 911 δόξῃ.
2871 857 2892 893 ι
2927 837 3264 894 Δικαιοῢται
3295 840 3352 894 δὲ
3393 841 3590 907 πάλιν,
3629 843 3842 914 ﬁtnisi;

2235 931 2658 1002 δικαιουμένων,
2707 931 2742 1002 ἢ
2777 931 2888 986 τῶν
2919 931 3221 987 ἀνελόντων
3283 933 3448 986 αὐτὸν
3506 934 3844 1005 ἠνδραποδι-

2239 1024 2454 1093 σμένων
2481 1023 2563 1087 είς
2594 1022 2821 1089 ἔνδειξιν
2841 1024 2942 1095 τῆς
2973 1024 3159 1079 ἀδίκου
3197 1025 3319 1078 κατ’
3365 1025 3538 1078 αὐτοῦ
3568 1026 3844 1096 κατακρε-

2240 1133 2400 1178 σεως.
2425 1114 2583 1182 Τίνες
2613 1116 2672 1170 δὲ
2709 1119 2765 1171 οἱ
2793 1115 3200 1187 δικαιούμενοι
3219 1119 3290 1172 δι’
3314 1117 3486 1172 αὐτοῦ
3519 1119 3832 1188 ἐπενήνοχε

2236 1205 2442 1276 λέγων’
2479 1207 2590 1262 Καὶ
2617 1211 2726 1275 τὰς
2772 1209 3062 1277 ἁμαρτίας
3089 1205 3291 1264 αὐτῶν
3316 1211 3506 1274 αὐτὸς
3537 1210 3794 1264 ἀνοίσει
3829 1226 3843 1238 ·

2238 1298 2272 1370 ἢ
2310 1301 2454 1354 κατὰ
2475 1299 2798 1371 Σύμμαχον,
2835 1301 2942 1356 Καὶ
2971 1301 3080 1368 τὰς
3117 1301 3398 1368 ἀσεϐείας
3417 1301 3639 1356 αὐτῶν
3661 1304 3848 1368 «ora,

2238 1390 2578 1460 ὐπενέγκει.
2649 1391 2748 1454 Εἰς
2804 1392 2998 1446 ἑαυτὸν
3047 1395 3159 1464 γὰρ
3215 1392 3508 1448 ἀναλαϐὼν
3566 1393 3848 1447 ἀπέδυσεν

2239 1482 2388 1552 ἡμᾶς
2437 1481 2530 1536 τὸν
2581 1483 2684 1554 τῆς
2723 1483 3014 1553 ἁμαρτίας
3053 1485 3257 1556 χιτῶνα
3280 1503 3296 1517 θ
3347 1485 3430 1540 διὸ
3459 1487 3586 1552 καὶ,
3624 1486 3844 1541 Aeaci!-

2239 1575 2427 1626 Jsvxs
2471 1571 2748 1639 πολλοῖς,
2810 1573 2958 1627 τοῦτ’
2998 1573 3114 1628 ἔστι
3165 1577 3280 1639 τοῖς
3325 1573 3565 1630 ἔθνεσιν.
3599 1575 3710 1628 Ἔν
3741 1576 3844 1644 γᾶρ

2240 1658 2308 1734 ἦν
2361 1662 2519 1727 ἔθνος
2564 1663 2824 1734 Ἰσραήλο
2865 1665 2916 1716 oi
2974 1663 3034 1718 δὲ
3087 1663 3148 1730 ἐξ
3196 1663 3369 1718 ἐθνῶν
3420 1663 3841 1735 μυριοπλάσιοι,

2241 1753 2336 1818 οὓς
2361 1755 2456 1809 καὶ
2511 1754 2844 1824 κληρονομεῖ
2882 1755 3084 1827 κλῆρον
3125 1755 3506 1826 ποιησάμενος
3537 1755 3707 1823 ῑδισν,
3743 1757 3836 1808 καὶ

2241 1847 2416 1916 λέγων
2444 1864 2460 1878 ·
2507 1865 2526 1898 ι
2556 1846 2762 1918 Κύριος
2813 1841 2967 1901 εἶπεν
3015 1847 3154 1921 πρός
3201 1865 3300 1918 με’
3343 1846 3478 1910 Υἱός
3533 1863 3644 1916 μου
3673 1841 3728 1900 εί
3761 1848 3840 1901 σύ.

2255 1938 2398 2008 Ἐγὼ
2424 1937 2664 2010 σήμερον
2691 1937 2998 2010 γεγέννηκά
3019 1955 3098 1992 σε.
3130 1938 3364 2010 Ait-quat
3395 1939 3532 2008 παρ’
3571 1938 3718 2009 ἐμοῦ
3755 1940 3843 1992 aut

2243 2029 2403 2084 δώσω
2432 2047 2515 2084 σοι
2543 2029 2676 2100 ἔθνη
2707 2029 2806 2100 τὴν
2840 2029 3210 2101 κληρονομίαν
3240 2047 3358 2095 σου,
3394 2032 3496 2084 καὶ
3527 2030 3632 2103 τήν
3677 2032 3840 2086 usi-

2246 2119 2434 2195 cxsciv
2465 2136 2558 2173 σου
2583 2119 2654 2174 τά
2676 2121 2891 2192 πέρατα
2918 2121 3018 2192 τῆς
3045 2124 3168 2190 γῆς.
3220 2140 3238 2174 ι

2317 2447 2441 2500 Τῶν
2498 2447 2556 2500 δὲ
2597 2446 2866 2516 ἔσκιιρῶν
2912 2445 3152 2516 ἐμέρισε
3179 2447 3418 2501 autth
3471 2446 3689 2518 δηλαδὴ
3742 2449 3844 2502 τῶν

2246 2541 2644 2610 ἀντικειμένων
2679 2539 2964 2608 δυνάμεων
3002 2539 3341 2613 ἐξαρπάσας,
3380 2539 3479 2594 καὶ
3517 2539 3634 2594 [δια
3681 2540 3845 2594 σκῦλα

2247 2636 2374 2698 τοὺς
2424 2634 2520 2688 ὑπ’
2574 2633 2798 2688 ἐκείνων
2857 2632 3396 2704 ἠνδραποδισμένους
3464 2633 3798 2701 πεποιηκὼς
3825 2649 3840 2662 ·

2248 2727 2394 2797 ἅπερ
2417 2727 2620 2780 σκῦλα
2644 2727 2757 2788 τοῖς
2788 2723 2987 2779 ἑαυτοῦ
3021 2723 3280 2794 διένειμε
3326 2725 3638 2796 μαθηταῖς,
3661 2725 3844 2792 διαφό-

2253 2834 2376 2886 ρους
2409 2815 2470 2882 ὲξ
2493 2815 2676 2872 αὐτῶν
2706 2816 3122 2888 συστησάμενος
3157 2817 3514 2886 Ἐκκλησίας.
3549 2817 3649 2870 Arb
3680 2814 3844 2887 προῦ-

2249 2907 2406 2978 λεγεν
2427 2923 2441 2938 ·
2478 2927 2496 2960 ι
2527 2907 2984 2978 Εὐφρανθήσεται
3003 2906 3236 2962 ἐνώπιόν
3271 2924 3391 2973 σου,
3425 2907 3503 2973 ὡς
3535 2911 3592 2964 oi
3621 2909 3845 2982 εὒιρραιο

566 2999 708 3054 tabit
741 2999 797 3054 in
837 3007 1138 3070 conspectu
1175 3005 1294 3064 tuo,
1339 3005 1596 3068 tanquam
1645 2999 1736 3067 qui
1791 2999 2045 3054 laetantur
2090 2999 2144 3052 iu

2250 2998 2468 3070 νόμενοι
2521 2999 2579 3052 ὲν
2615 2995 2833 3068 ἀμητῷ,
2863 2997 2960 3051 καὶ
3006 2997 3066 3050 δν
3111 2999 3316 3068 τρόπον
3369 2998 3422 3051 oi
3473 2999 3843 3070 διαιρούμενοι

456 3120 463 3128 -
567 3105 770 3173 inesse,
800 3097 857 3144 et
890 3097 1150 3158 tanquam
1187 3088 1282 3160 qui
1319 3087 1572 3144 dividunt
1609 3089 1783 3159 spolia
1813 3089 1881 3142 ³⁸.
1910 3107 1929 3140 ι
1966 3086 2151 3142 Potest

568 3197 698 3237 vero
718 3181 832 3236 haec
850 3180 968 3250 ipsa
986 3189 1265 3251 prazstare,
1285 3195 1380 3249 pro
1396 3195 1456 3235 eo
1477 3179 1615 3249 quod
1646 3181 1701 3234 in
1732 3190 1952 3234 mortem
1977 3179 2152 3233 tradi-

570 3280 656 3324 tus
686 3278 802 3324 est:
835 3285 960 3324 cum
1002 3284 1122 3324 eam
1153 3269 1320 3324 veluti
1354 3284 1384 3323 ιι
1407 3269 1574 3325 Patro
1611 3270 1920 3325 mercedem
1963 3283 2152 3339 perce-

567 3361 736 3434 perit,
773 3368 832 3415 ut
860 3374 958 3414 eos
1001 3359 1096 3430 qui
1168 3359 1448 3429 perierant
1491 3367 1770 3426 servaret,
1819 3359 2152 3430 haredesque

571 3455 792 3526 faceret.
825 3452 904 3507 Eo
931 3453 1077 3508 enim
1109 3453 1230 3523 ipso
1269 3453 1414 3524 quod
1439 3467 1641 3524 passus
1673 3461 1780 3518 est,
1811 3467 1999 3508 secum
2020 3468 2152 3508 suos

569 3548 768 3610 erexit,
792 3554 847 3600 et
875 3545 1086 3600 alienos
1115 3543 1307 3599 aﬂlixit
1333 3561 1348 3598 :
1381 3545 1510 3600 dum
1539 3559 1658 3610 eos,
1689 3545 1782 3615 qui
1813 3544 1974 3600 simul
2003 3544 2150 3614 passi

571 3647 726 3697 sunt.
757 3637 898 3692 idem
929 3650 1117 3692 secum
1148 3635 1432 3702 excitavit,
1465 3639 1558 3705 qui
1591 3627 1775 3689 autem
1817 3635 1871 3689 in
1903 3649 2026 3690 eum
2064 3635 2148 3688 in-

571 3732 963 3792 surrexerunt,
996 3723 1290 3795 depressit.
1325 3722 1438 3780 Nec
1475 3740 1606 3780 vero
1645 3724 1862 3790 desunt,
1905 3725 1996 3794 qui
2037 3724 2152 3793 [or-

573 3820 708 3874 tium
741 3819 988 3884 nomine,
1011 3817 1316 3887 apostolos,
1351 3825 1407 3872 et
1435 3825 1494 3871 ut
1521 3816 1690 3872 semel
1719 3816 1920 3880 dicam,
1958 3831 2152 3872 omnes

572 3925 692 3976 eos,
717 3911 812 3980 qui
842 3910 899 3964 in
925 3909 1150 3964 Christo
1177 3915 1411 3978 possunt
1441 3905 1671 3978 aliquid,
1701 3906 1930 3977 intelligi
1959 3905 2148 3971 velint,

572 4003 778 4074 quibus
812 4000 951 4085 iam,
990 4007 1252 4069 tanquam
1289 3997 1546 4052 Satanam
1593 3997 1915 4060 deviceriut,
1953 3997 2150 4062 spolia,

574 4095 630 4149 id
680 4102 765 4149 est
813 4091 1188 4164 spiritualium
1223 4091 1526 4162 gratiarum
1573 4089 1738 4154 dona,
1787 4087 2002 4144 dividit.
2045 4087 2152 4142 Alii

543 4171 718 4245 enim
744 4204 838 4259 per
863 4188 1131 4258 Spiritum
1147 4201 1328 4244 sermo
1354 4185 1660 4256 sapientiae,
1684 4183 1774 4238 alii
1799 4183 2150 4254 cognitionis,

2253 3087 2447 3142 σκύλα.
2485 3107 2506 3141 ι
2539 3085 2779 3151 Δυνατδς
2821 3087 2879 3141 δὲ
2919 3086 3094 3142 ταῦτα
3136 3090 3334 3156 ποιεῖν,
3382 3089 3518 3143 ἀνθ’
3553 3083 3652 3144 ὧν
3702 3105 3846 3158 ηρ-

2251 3178 2430 3248 εδόθη
2465 3181 2554 3245 είς
2577 3177 2866 3243 θάνατον,
2903 3177 3096 3248 μισθὸν
3133 3178 3329 3248 ὥσπερ
3353 3177 3546 3233 λαειῖιν
3581 3179 3846 3251 παρὰτῶ

2254 3272 2520 3343 Πατέρος,
2561 3271 2624 3324 ct
2659 3269 2858 3335 σώζειν
2887 3271 2990 3324 καί
3021 3269 3430 3341 κληρονομεῖν
3453 3271 3588 3334 τοὺς
3613 3271 3842 3326 ἀπολλυ-

2256 3364 2470 3435 μένους.
2503 3363 2604 3416 Διά
2631 3363 2742 3434 γὰρ
2773 3362 2834 3417 τὸ
2863 3362 3080 3429 παθεῖν,
3107 3363 3362 3432 ἀνίστησι
3389 3363 3492 3432 μὲν
3527 3363 3636 3417 σὺν
3673 3361 3844 3432 ἑαυτῷ

2252 3459 2378 3522 τοὺς
2417 3455 2676 3519 οἰκείους,
2716 3457 3058 3528 κατακρατεῐ
3093 3455 3152 3508 δὲ
3198 3455 3310 3509 τῶν
3338 3455 3674 3527 ἀλλοτρίων,
3723 3457 3843 3518 τοὺς

2257 3551 2356 3620 μὲν
2395 3550 2822 3620 συμπάσχοντας
2855 3548 3202 3614 συνανιστάς,
3218 3548 3347 3610 τοὺς
3391 3546 3452 3600 δὲ
3505 3547 3842 3601 ἐπαναστάν-

2253 3659 2351 3704 τας
2373 3641 2670 3696 ταπεινῶν.
2709 3635 2868 3705 Τίνὲς
2917 3639 2974 3692 δὲ
3022 3638 3315 3708 ἰσχυροὺς
3345 3639 3478 3702 τοὺς
3514 3639 3840 3700 amre..-

2255 3737 2532 3805 εἰρήκασι,
2569 3733 2666 3787 καὶ
2715 3733 2845 3797 τοὺς
2886 3731 3146 3798 καθάπαξ
3185 3731 3244 3782 ὲν
3282 3729 3514 3802 Χριστῷ
3563 3729 3838 3793 δυνατοὺς.

2253 3821 2334 3890 οἷς
2363 3825 2462 3878 ἆτε
2492 3822 2808 3894 νενικηκόσι
2859 3821 2954 3875 τὸν
3005 3821 3256 3875 Σατανᾶν
3299 3819 3584 3875 διαδίδωσι
3617 3823 3833 3880 σκύλα.

2250 3915 2361 3970 τῶν
2384 3913 2775 3986 πνευματικῶν
2807 3911 3164 3984 χαρισμάτων
3191 3911 3292 3976 τὰς
3313 3912 3615 3983 χορηγίας.
3645 3905 3716 3984 Ὦ
3743 3912 3834 3982 μὲν

2253 4008 2366 4080 γὰρ
2393 4007 2598 4060 δίδοται
2624 4003 2759 4078 [διὰ]
2783 4004 2878 4058 τοῦ
2903 4001 3042 4060 Πνεύ
3053 4019 3226 4073 ματος
3256 4001 3419 4071 λόγος
3448 4000 3672 4071 σοφίας,
3697 4003 3830 4070 ἄλλῳ

2253 4098 2412 4166 λόγος
2458 4095 2738 4166 γνώσεως,
2787 4096 2882 4150 καὶ
2929 4095 3001 4150 τά
3057 4095 3270 4160 τούτοις
3319 4094 3558 4164 ἀδελφά.
3612 4095 3738 4158 Πῶς
3783 4093 3832 4146 δὲ

2249 4189 2403 4262 μετὰ
2448 4190 2689 4260 ἀνόμων
2752 4188 3042 4260 ἐλογίσθη
3067 4228 3082 4252 ,
3135 4187 3255 4241 ἀλλ’
3316 4187 3352 4258 ἦ
3432 4185 3832 4257 συσταυρουμὲ·

571 4292 880 4352 (ιωιοιιιιιιιο
923 4279 1046 4336 istis
1079 4279 1304 4346 similia,
1341 4279 1467 4334 data
1515 4289 1645 4334 sunt
1665 4277 1732 4332 ’⁸.
1773 4277 1877 4343 Qui
1916 4274 2020 4346 fuit
2047 4290 2145 4330 au-

2255 4297 2364 4336 νων
2397 4279 2547 4352 αὐτῷ
2579 4277 2690 4333 τῶν
2715 4278 2952 4351 λῃστῶν,
2996 4279 3025 4332 ὃ
3051 4277 3116 4349 δὴ
3150 4277 3248 4332 καὶ
3275 4277 3513 4349 Μάρκος
3549 4273 3830 4347 ἐπισημαί-

573 4379 684 4425 tem
715 4387 834 4424 cum
865 4369 1062 4440 iniquis
1091 4377 1363 4438 reputatus
1385 4409 1402 4436 ,
1434 4369 1538 4424 nisi
1571 4367 1717 4438 quod
1751 4367 1936 4424 crucis
1966 4368 2150 4424 socios

573 4463 739 4518 etiam
773 4463 1034 4528 latrones,
1061 4470 1121 4516 ut
1151 4460 1368 4517 Marcus
1397 4461 1660 4516 indicavit
1685 4461 1754 4524 ³⁷,
1781 4459 2010 4516 habuit?

1199 4615 1354 4674 CAP.
1398 4615 1534 4674 LlV.

644 4749 1004 4826 609-610
1028 4749 1196 4808 Vsus.
1228 4751 1380 4807 i-l7.
1409 4750 1636 4820 Laetare,
1656 4751 1876 4822 sterilis,
1907 4768 2025 4824 qua:
2053 4768 2158 4809 non

577 4845 747 4916 paris.
775 4843 1004 4915 Erumpe
1025 4857 1073 4900 et
1094 4845 1292 4912 clama,
1314 4861 1430 4914 qua
1461 4861 1565 4900 non
1591 4847 1850 4914 parturis,
1879 4846 2006 4916 quia
2033 4846 2155 4916 plu-

578 4955 663 4994 res
705 4935 807 5007 ﬁlii
826 4938 1069 5004 desertis,
1097 4954 1257 5010 quam
1283 4938 1398 5008 ejus
1426 4953 1544 5008 qua:
1575 4937 1730 4992 habet
1785 4938 1975 4992 virum.
2007 4937 2160 4992 Dixit

577 5031 720 5086 enim
755 5029 1010 5086 Dominus
1029 5045 1048 5084 :
1073 5029 1260 5086 Dilata
1287 5029 1466 5085 locum
1493 5029 1822 5085 tabernaculi
1843 5032 1940 5098 tui,
1963 5040 2014 5086 et
2044 5031 2160 5100 pel-

581 5124 655 5179 les
708 5124 1004 5180 aulicorum
1063 5133 1272 5178 tuorum
1326 5123 1426 5194 ﬁge
1455 5163 1473 5190 ,
1513 5139 1577 5178 ne
1637 5139 1828 5193 parcas
1859 5137 1878 5178 :
1909 5123 2160 5193 pretends

543 5285 548 5292 ἱ
583 5216 854 5282 fituiculos
885 5226 1028 5283 tuos,
1056 5225 1106 5272 et
1125 5216 1306 5272 clauos
1337 5224 1453 5271 tuos
1485 5215 1764 5272 aonsolida
1787 5215 1960 5270 adhuc
1981 5215 2164 5269 adea;-

663 5376 711 5408 ”
734 5375 773 5430 ll
802 5375 928 5431 Cor.
958 5392 1043 5440 Ill,
1072 5375 1127 5432 9.
1241 5379 1288 5411 ⁸⁵
1317 5376 1462 5433 Psal.
1489 5391 1550 5444 ιι,
1589 5376 1642 5444 7,
1674 5375 1728 5433 8.
1803 5378 1850 5410 "
1877 5375 1982 5432 lsa.
2023 5393 2098 5445 ix,
2130 5377 2184 5433 5.

2255 4389 2404 4430 νει-αι
2427 4389 2444 4440 ;

2846 4608 3100 4663 ΚΕΦΑΔ.
3128 4609 3253 4664 NA'.

2325 4751 2500 4820 αὀιζ’.
2533 4748 2940 4820 Εὐφράνθητι,
2974 4746 3186 4817 στεῖρα
3211 4746 3250 4814 ἡ
3278 4747 3352 4802 οὐ
3387 4741 3822 4810 τίκτουσα.Ῥἦ.

2258 4847 2371 4915 εον
2407 4845 2508 4903 καί
2525 4844 2788 4912 βόησον,
2815 4842 2856 4911 ἡ
2893 4842 3008 4895 οὐκ
3037 4840 3373 4904 ὠδίνουσα.
3407 4839 3502 4894 ὅτι
3526 4839 3726 4916 πο.ιῄ
3761 4836 3820 4890 tri

2255 4939 2442 4995 τέκνα
2479 4934 2591 5005 τῆς
2613 4933 2838 5005 ἐρήμου
2886 4933 3150 5004 μᾶλλον,
3196 4933 3236 5002 ἣ
3269 4931 3383 5000 τῆς
3423 4932 3694 5002 ἐχούσης
3730 4929 3818 4984 τὸν

2255 5030 2465 5099 ἄνδρα.
2503 5021 2650 5083 Εἷπε
2697 5024 2811 5094 γὰρ
2846 5024 3060 5094 Κύριος
3087 5039 3101 5054 ο
3143 5022 3469 5078 [Uritur-or
3490 5021 3626 5076 -τὸν
3657 5021 3818 5076 τόπον

2257 5121 2368 5190 τῆς
2393 5117 2642 5188 σκηνῆς
2661 5131 2801 5181 σου,
2822 5115 3046 5181 καὶτὰς
3077 5112 3272 5183 δέρεις
3294 5113 3420 5168 τῶν
3438 5111 3710 5170 adlatrar-
3719 5127 3815 5165 σου

2257 5214 2458 5285 πῆξον
2483 5253 2498 5280 ,
2529 5211 2614 5282 μὴ
2649 5209 2851 5280 ,φείσῃ
2873 5224 2888 5240 ·
2939 5205 3258 5279 μάκρυνον
3311 5206 3388 5263 τὰ
3437 5199 3815 5279 σχοινισματδ

2259 5375 2348 5432 ’⁸1
2377 5373 2504 5431 Cor.
2534 5389 2632 5441 xu,
2665 5371 2717 5426 8.
2795 5371 2840 5404 "’
2869 5368 3034 5425 Marc.
3067 5383 3158 5434 xv,
3196 5367 3291 5426 27.

1872 5487 2106 5544 νΑιιιλΕ
2139 5485 2543 5545 ΙΕΟΤΙΟΝΕΞ.

657 5585 685 5626 tt
715 5595 802 5648 ῃ).
847 5579 880 5648 ἠ
909 5577 1173 5636 διακονὲα.
