3954 6308
58 248 232 312 2333
268 220 273 225 “

1262 221 1799 290 COMMENTABII
1836 220 1917 282 IN
1946 218 2215 281 ISAIAM

3205 215 3308 278 253
3322 207 3354 273 ι

59 374 222 419 σου,
253 352 354 408 καί
406 350 549 415 τοὺς
599 343 966 407 πασσάλους
1018 356 1137 394 σου
1184 337 1563 406 κατίσχυσαν
1590 334 1679 387 ἕτι

1808 332 1901 396 ris,
1932 338 1986 385 et
2024 347 2056 384 a
2088 328 2321 384 sinistris
2361 326 2561 389 dilata,
2593 334 2643 383 et
2678 342 2853 383 semen
2884 335 3031 383 tuum
3060 331 3350 397 possideat!

59 452 163 517 εις
186 418 264 500 τὰ
297 441 490 508 δεξιὰ,
520 437 620 493 καί
643 436 718 491 τὰ
759 432 1045 504 ἀριστερὰ
1069 430 1429 493 ἐκπέτασον,
1464 428 1564 482 καὶ
1604 426 1673 481 τὸ

1804 431 1976 489 rentes,
2020 429 2072 476 et
2099 421 2339 476 civitates
2366 418 2611 475 desertas
2642 419 2888 491 habitare
2923 418 3113 490 facies,
3141 426 3252 476 etc.

64 539 331 608 σπέρμα
353 548 473 591 σου
494 533 642 598 ἔθνη
673 525 1143 596 κληρονομήσει,
1176 524 1275 577 καὶ
1300 523 1510 588 πόλεις
1530 520 1672 589 ήρη.

64 631 366 701 nupera“;
388 621 730 687 κατοικιεῖς,
761 637 816 673 κ.
850 636 901 673 τ.
935 617 986 670 λ.

152 719 346 775 Είπὼν
400 716 496 771 τοῦ
536 713 793 784 Σωτῆρος
846 710 946 778 τὴν
1002 707 1239 776 γένεσιν,
1295 707 1391 765 καὶ
1419 704 1511 779 τὸν
1540 703 1677 774 βίον,

66 811 185 867 καὶ
213 808 314 862 τοῦ
359 806 592 861 θανάτου
636 801 733 872 τὴν
785 798 989 864 αἰτίαν,
1037 799 1122 852 ὅτι
1171 813 1230 851 τε
1277 795 1681 866 κληρονομήσει

70 901 348 962 πολλοὺς,
376 896 514 967 πρὸς
552 894 754 954 αὐτοὺς
793 890 1023 953 τούτους
1054 886 1365 950 ἀκολούθως
1403 886 1492 939 τὸν
1521 884 1681 952 λόγον

77 994 424 1064 μετήνεγκε,
469 988 565 1043 καὶ
592 984 692 1057 τὴν
720 983 781 1049 ἐξ
807 982 990 1036 αὐτῶν
1029 980 1361 1050 Ἐκκλησίαν
1393 979 1566 1033 πάλαι
1593 973 1683 1031 οὗ·

75 1102 192 1139 σαν
222 1080 446 1152 ἄγονόν
474 1095 538 1132 τε
570 1078 665 1130 καί
717 1075 960 1144 ἔρημον,
990 1074 1175 1127 ὁποῖαι
1230 1066 1374 1141 ἦσαν
1401 1069 1511 1123 τῶν
1542 1069 1684 1122 ιθνι-

75 1173 208 1228 κῶν
242 1173 300 1226 αι
333 1168 528 1241 ψυχαί.
562 1167 637 1221 οὐ
668 1165 778 1235 γὰρ
820 1159 968 1234 εἶχεν
996 1163 1176 1217 αὐτῶν
1207 1177 1332 1214 τινα
1384 1158 1451 1212 δι’
1482 1158 1685 1229 ἀρετῆς

74 1266 186 1319 καὶ
239 1261 555 1322 θεοσεϐείας
607 1255 1083 1324 καταταττόμενον
1140 1255 1230 1317 εὶς
1273 1250 1456 1305 τέκνα
1511 1249 1679 1303 Θεοῦ.

74 1351 276 1408 Ἠσαν
321 1353 430 1422 γάρ
454 1350 628 1415 ἄθεοι,
668 1348 763 1402 καὶ
792 1347 985 1402 ἐλπίδα
1019 1347 1093 1416 μὴ
1123 1345 1360 1416 ἔχοντες,
1392 1342 1533 1398 κατὰ
1587 1341 1685 1412 τὴν

78 1444 317 1497 Παύλου
377 1443 581 1512 φωνήν.
629 1439 745 1494 Νῦν
778 1439 835 1492 δὲ
880 1438 955 1502 ὡς
981 1436 1255 1508 δεξαμένη
1307 1435 1563 1503 σπόρον,
1592 1436 1688 1487 καὶ

84 1534 370 1606 μελλούσῃ
429 1531 663 1596 τεκεῖν,
717 1527 879 1598 ,ϐοᾷν
937 1524 1327 1596 ἐγκελεύεται,
1379 1525 1525 1583 καθὰ
1566 1526 1689 1588 ταῖς

74 1628 361 1697 ,κυούσαις
387 1627 444 1679 αἱ
475 1627 633 1697 μαῖαι
661 1622 799 1694 πρὸς
837 1622 897 1676 τὸ
940 1621 1140 1694 ῥᾳδίως
1176 1621 1358 1675 τεκεῖν
1386 1618 1687 1689 εὐρυνομέ-

1853 685 2149 756 Postquam
2179 686 2244 741 de
2277 683 2578 742 Salvatoris
2603 692 2749 752 ortu,
2798 684 2865 740 de
2905 686 3038 750 vita,
3069 685 3137 740 de
3164 687 3363 742 mortis

1781 799 1975 846 causa,
2006 784 2184 852 deque
2204 797 2293 845 eo,
2339 782 2486 851 quod
2520 781 2726 836 mullos
2764 790 2912 836 esset
2967 795 3358 852 possessurus.

1781 875 2119 945 disputavit;
2157 874 2223 928 ad
2254 875 2477 929 eosdem
2503 873 2761 941 deinceps
2789 887 3100 928 sermonem
3130 886 3363 927 conver-

1783 966 1872 1028 tit,
1906 973 1962 1020 et
1991 965 2057 1020 ad
2085 962 2372 1020 conﬂatam
2396 978 2462 1018 ex
2491 962 2601 1019 illis
2641 960 2969 1030 Ecclesiam,
3011 977 3133 1030 quae
3165 962 3369 1017 sterilis

1784 1057 1917 1113 olim
1962 1064 2019 1113 et
2044 1057 2253 1111 deserta
2282 1055 2496 1125 (quales
2527 1053 2661 1123 ipsa:
2709 1054 2927 1107 fuerant
2959 1053 3206 1120 gentium
3238 1053 3361 1107 ani-

1784 1154 1909 1222 ma)
1934 1149 2144 1204 nullum
2173 1148 2374 1202 virtute
2400 1156 2457 1202 et
2485 1145 2686 1216 pietate
2708 1145 2764 1198 in
2783 1143 3015 1214 ﬁliorum
3050 1143 3144 1198 Dei
3170 1160 3367 1200 nume.

1785 1256 1908 1295 rum
1979 1239 2173 1293 referri
2231 1237 2457 1308 dignum
2510 1236 2762 1291 habebat.
2822 1234 2995 1291 Erant
3053 1235 3198 1291 enim
3246 1237 3366 1291 sine

1788 1328 1920 1394 Deo,
1947 1341 2001 1385 et
2026 1344 2121 1399 spe.
2144 1336 2417 1393 carentes,
2445 1335 2506 1383 ut
2533 1342 2658 1382 cum
2686 1324 2858 1382 Paulo
2893 1326 3088 1395 loquar
3119 1326 3187 1377 ".
3224 1324 3365 1381 lluic

1788 1422 1956 1494 igitur
1980 1420 2132 1490 jam,
2183 1428 2443 1489 tanquam
2485 1421 2680 1473 semine
2711 1428 2936 1488 excepto
2973 1418 3219 1486 paritura
3269 1418 3363 1481 sit,

1789 1512 2024 1569 clamare
2055 1513 2342 1584 praecipit;
2372 1513 2517 1583 quod
2563 1512 2747 1567 solent
2791 1511 3224 1581 parturientibus
3265 1509 3369 1564 ριν

1792 1607 2065 1671 stetrices,
2094 1613 2154 1660 ut
2204 1618 2399 1674 partus
2452 1605 2589 1674 ipse,
2625 1604 2872 1658 dilatatis
2905 1603 3199 1667 meatibus,
3228 1601 3368 1657 faci-

226 1680 572 1788 τῶίπόρίυν.
630 1680 794 1767 Ἀντί,
819 1713 876 1767 δὲ
906 1680 1002 1766 τού
1045 1680 1245 1781 ρῆνεον
1280 1712 1378 1765 καὶ
1422 1680 1685 1778 ⁸βόησον,

1810 1698 1893 1752 ius
1911 1705 2183 1767 erumpat.
2212 1695 2316 1751 Sed
2352 1710 2450 1765 pro
2471 1710 2602 1765 quo,
2628 1694 2857 1762 Erumpe
2885 1705 2932 1748 et
2963 1693 3160 1760 clama,
3198 1695 3368 1749 habe-

86 1812 423 1883 Σύμμαχος⁴
466 1810 567 1882 μὲν
636 1808 882 1863 κελάδει
934 1808 1176 1865 αΤνεσιν
1222 1808 1465 1877 εἴρηκεν,
1523 1806 1585 1858 '0
1632 1805 1689 1859 δὲ

101 1904 365 1968 Ἀκύλας,
416 1904 709 1968 ιλάρυνον
765 1900 834 1954 ἐν
878 1897 1237 1969 ἀγαλλιάσει
1290 1898 1389 1952 καὶ
1419 1896 1687 1966 χρεμέτι-

86 2010 237 2053 σον.
297 1997 357 2051 Ὀ
402 1995 459 2048 δὲ
514 1992 845 2058 Θεοδοτίων,
888 1990 1108 2059 Ῥῆξον
1152 1990 1545 2059 εὐφροσύνην
1589 1989 1691 2041 καὶ

86 2088 343 2156 τέρπου.
381 2085 527 2139 Ἀντὶ
555 2084 611 2138 δὲ
635 2083 742 2138 τοῦ
780 2081 1008 2152 ἐρήμου
1055 2079 1476 2151 ἠφανισμένης
1518 2078 1689 2149 ἔφησε

89 2175 542 2251 ΣύμμαχοςτΗν
566 2177 677 2249 γὰρ
702 2176 1085 2246 ήφανισμένη
1122 2173 1222 2228 καὶ
1245 2174 1489 2242 ἕρημος,
1520 2171 1690 2243 μήπω

90 2273 191 2325 τὸν
247 2272 571 2342 ἐπουράνιον
604 2268 918 2339 κεκτημένη
953 2267 1223 2336 Νυμφίον.

174 2365 287 2434 Τὴν
328 2363 387 2416 δὲ
433 2362 533 2432 τῆς
574 2360 964 2431 εὐφροσύνης
995 2359 1201 2425 αἰτίαν,
1240 2358 1339 2430 τήν
1365 2357 1690 2426 πολυγονίαν

93 2456 255 2526 λέγει
283 2456 382 2525 τὴν
414 2452 739 2525 μέλλουσαν,
774 2451 842 2504 δι’
864 2445 931 2521 ἦς
966 2450 1170 2522 ήμελλε
1221 2451 1380 2521 νικᾷν
1412 2449 1513 2518 τὴν
1542 2449 1692 2517 Ἰου-

98 2549 269 2603 δαίων
294 2546 647 2615 Συναγωγὴν,
679 2545 744 2597 ὲκ
774 2541 995 2596 πάντων
1036 2539 1172 2596 οὖσα
1217 2542 1326 2595 τῶν
1372 2540 1564 2604 ἐθνῶν,
1591 2540 1691 2610 τὴν

100 2641 167 2707 ἐξ
200 2641 319 2704 ἑνὸς
343 2640 530 2700 ἔθνους
562 2636 989 2706 συνισταμένην.
1035 2635 1137 2687 Ἦν
1167 2633 1253 2687 διὰ
1280 2633 1524 2696 Μωσέως
1555 2631 1691 2702 πρὸς

101 2733 416 2802 οἰκειότητα
456 2727 833 2799 πνευματικὴν
883 2728 913 2780 ὁ
959 2726 1096 2789 Θεὸς
1143 2724 1548 2795 προσηγάγετο,
1597 2723 1693 2777 καὶ

105 2823 319 2878 πολλῶν
345 2821 596 2891 ἀπέφηνε
626 2819 851 2873 τέκνων
879 2816 1116 2888 μητέρα.
1134 2816 1277 2870 Ἀλλ’
1294 2814 1580 2886 ὴτεκνώθη
1604 2814 1692 2868 διὰ

105 2915 368 2987 Χριστὸν,
399 2910 755 2976 καίτοι,κατὰ
783 2910 876 2963 τὸν
913 2909 1280 2981 Ἰερεμίάν,ὲν
1312 2908 1526 2971 τέκνοις
1555 2902 1693 2961 οὖσα

1789 1803 1912 1843 mus
1944 1827 1959 1853 ,
2004 1785 2207 1843 Ilesona
2257 1786 2492 1853 laudem,
2532 1786 2673 1841 dixit
2703 1787 3102 1856 Symmachus;
3138 1785 3370 1854 Aquilus

1789 1894 1991 1947 autem,
2018 1879 2207 1933 Hilare
2241 1879 2532 1941 exsultato,
2563 1887 2613 1933 et
2630 1877 2816 1941 hiirni;
2847 1876 3151 1932 'l‘heodotio
3183 1891 3314 1930 vero
3350 1891 3368 1930 :

1790 1969 2021 2041 Erumpe
2085 1972 2139 2025 in
2196 1971 2481 2036 laetitiam,
2537 1980 2587 2025 et
2657 1971 2943 2025 oblectare.
2995 1967 3103 2024 Pro
3157 1954 3369 2023 deserta

1788 2065 1948 2137 611
2004 2063 2275 2133 denique,
2324 2062 2551 2118 deletam
2611 2061 3001 2134 Symmachus.
3032 2061 3165 2118 Erat
3220 2050 3371 2118 enim

1789 2157 1962 2210 deleta
2016 2164 2065 2209 et
2091 2156 2335 2222 deserta;
2372 2170 2494 2226 qua:
2516 2155 2794 2213 caelestem
2819 2152 3094 2225 Sponsum
3126 2154 3370 2209 nondum

1790 2246 2124 2319 possideret.

1860 2337 2090 2392 Laetitia:
2118 2351 2341 2393 causam
2364 2336 2563 2392 deinde
2594 2336 2649 2390 in
2680 2336 2864 2393 futura
2890 2336 3229 2395 fecunditate
3252 2340 3372 2395 col-

1791 2431 1957 2496 locat,
1991 2418 2089 2502 per
2119 2445 2285 2500 quam
2315 2428 2628 2484 Iudaeorum
2662 2429 3007 2501 Synagogam
3042 2438 3373 2501 superatura

1791 2531 1877 2577 est
1909 2540 1923 2576 :
1968 2536 2093 2576 cum
2131 2522 2223 2574 illa
2260 2519 2483 2591 quidem
2532 2521 2600 2574 de
2642 2519 2900 2589 gentibus
2925 2521 3221 2585 omnibus,
3259 2522 3376 2579 haec

1793 2622 1975 2667 autem
2006 2612 2074 2666 ab
2110 2627 2219 2666 una
2248 2619 2462 2666 tantum
2492 2611 2823 2681 colligatur;
2856 2628 3018 2682 quam
3050 2629 3146 2683 per
3170 2612 3373 2687 Mosen)

1793 2704 1848 2759 in
1916 2704 2204 2774 spirituale
2260 2702 2599 2757 consortium
2672 2705 3017 2773 compulerat
3077 2703 3374 2771 Dominus,

1793 2783 2131 2865 ﬁliorumque
2152 2794 2452 2851 multorum
2481 2801 2765 2864 parentem
2797 2793 3089 2863 ell'ecerat;
3125 2797 3218 2851 sed
3240 2798 3378 2853 orba

1793 2887 1983 2943 liberis
2036 2901 2132 2956 per
2164 2886 2447 2941 Christqu
2495 2883 2688 2940 eﬂecta
2740 2896 2849 2949 est,
2892 2887 3248 2956 quantumvis
3276 2903 3377 2942 au-

107 2976 306 3077 πολλή.
337 2976 447 3059 Kal
477 3002 680 3075 βιϐλίον
714 2976 1269 3060 ἀποστασίου-δέδωκε
1304 2998 1381 3068 τῷ
1410 2999 1530 3068 Θεῷ
1561 2997 1694 3051 θαυ-

1804 2976 2193 3035 ctoreJercmia
2214 2977 2511 3031 liberorum
2539 2976 2891 3031 multitudine
2913 2976 3238 3032 abundaret.
3266 2979 3380 3033 Imo

113 3069 343 3168 μάζοντι
364 3110 379 3125 ο
416 3110 436 3144 ι
466 3069 591 3154 ῘΙῶς
630 3090 847 3160 ἐγένετο
881 3088 1054 3159 πόρνη
1089 3085 1242 3151 πόλις
1274 3087 1442 3157 πιστὴ
1471 3085 1643 3152 Σιών;
1676 3105 1696 3138 ι

1805 3069 1917 3126 Deo
1945 3070 2049 3139 ipsi
2085 3071 2249 3124 etiam
2295 3069 2540 3125 libellum
2588 3069 2805 3139 repudii
2865 3070 3069 3137 dedit,
3123 3078 3186 3127 ut
3236 3072 3379 3128 idem

107 3188 285 3252 Αὐτὸς
314 3185 424 3258 γὰρ
450 3184 511 3239 οὐ
540 3184 771 3238 δέδωκεν
799 3179 970 3235 εἰπών
994 3198 1009 3213 ο
1065 3197 1084 3231 ι
1118 3182 1276 3234 Ποῖον
1308 3178 1467 3232 τοῦτο
1499 3178 1705 3249 βιϐλίον

109 3279 446 3336 ἀποστασίου
476 3277 575 3346 τῆς
607 3273 847 3349 μητέρος
880 3270 1067 3341 ὑμῶν;
1100 3263 1175 3341 ’ᾯ
1199 3269 1558 3336 ἐξαπέστειλα
1603 3269 1706 3322 αύο

109 3373 249 3441 τήν;
290 3367 431 3423 Ἀλλ’
462 3368 657 3436 ἑαυτῇ,
690 3366 848 3437 φησὶ,
878 3364 1102 3433 γέγονεν
1135 3362 1317 3416 αἰτία⁸
1341 3362 1490 3414 Διότι
1517 3357 1704 3432 ἦλθον,

114 3462 214 3517 καὶ
258 3461 357 3514 οὐκ
401 3454 472 3530 ἦν
513 3456 834 3528 ἄνθρωπος·
884 3454 1121 3510 ἐκάλεσα
1158 3455 1255 3508 καὶ
1301 3455 1403 3507 οὐκ
1449 3449 1518 3525 ἦν
1549 3457 1576 3509 ὁ
1607 3456 1709 3509 ὐπ-

116 3551 353 3607 ακούων.
383 3568 407 3602 ι
452 3550 564 3602 Καὶ
590 3546 823 3622 ἀλλαχοῦ
857 3544 916 3599 δέ
955 3562 1121 3616 φησιν
1142 3560 1157 3574 ·
1210 3564 1229 3598 ι
1259 3546 1371 3616 Οὐχ
1400 3545 1477 3609 ὡς
1506 3546 1709 3600 οἰκεῖόν

122 3661 191 3714 με
222 3641 511 3707 ἐκάλεσας,
544 3638 652 3692 οὐδ’
681 3636 757 3702 ὡς
794 3636 1016 3708 πατέρα
1039 3635 1133 3689 καὶ
1162 3635 1408 3706 ἀρχηγὸν
1435 3635 1537 3703 τῆς
1568 3652 1711 3707 παρ-

120 3733 302 3796 Θενίας
339 3748 456 3785 σου.
495 3749 515 3782 ι
561 3729 673 3783 Καὶ
724 3727 922 3782 πάλιν·
962 3745 981 3778 ι
1013 3726 1277 3797 Θυγάτηρ
1320 3726 1420 3795 τῆς
1472 3726 1710 3797 μητέρος

123 3842 220 3879 σου
252 3819 301 3881 εἷ
334 3820 821 3891 συγκαταλιποῦσα
849 3821 942 3873 τὸν
969 3817 1140 3890 ἄνδρα
1169 3817 1363 3886 αὐτῆς.
1396 3803 1713 3885 ι”Ερημον

121 3919 180 3973 δὲ
218 3916 332 3987 τὴν
364 3915 563 3985 χήραν
612 3913 735 3967 κατ’
766 3911 886 3975 ἔθος
931 3909 1089 3965 καλεῖ
1122 3908 1416 3981 Γραφικόν.
1449 3907 1555 3961 Τὸν
1600 3905 1708 3975 γὰρ

121 4010 233 4064 τῶν
260 4006 486 4076 ἀγαθῶν
516 4004 727 4077 σπορέα
765 4001 939 4069 Λόγον
977 4000 1076 4054 οὐκ
1128 3993 1295 4068 εἶχεν·
1344 3996 1404 4050 ὃν
1444 3994 1713 4064 δεξαμένη

123 4097 379 4168 Νυμφίον
400 4093 498 4166 τὴν
520 4093 718 4161 ἑτέραν
741 4089 1041 4162 τῷτίκτειν
1068 4086 1441 4158 παρέδραμεν,
1466 4083 1541 4146 ὡς
1562 4080 1713 4134 πλεί-

128 4207 256 4246 στου
279 4188 487 4243 δεῖσθαι
505 4186 743 4248 πλάτους
764 4183 901 4255 πρὸς
926 4181 1026 4253 τὴν
1045 4179 1155 4234 τῶν
1185 4179 1392 4233 τέκνων
1420 4175 1709 4245 ὑποδοχὴν,

126 4285 210 4346 είς
255 4280 442 4337 εἰκόνα
490 4278 683 4331 τούτου
715 4271 1170 4344 παρειλημμένης
1199 4270 1299 4340 τῆς
1334 4268 1488 4338 παρὰ
1524 4267 1717 4320 Μωσεῖ

1806 3163 2043 3217 miratur
2072 3161 2159 3217 his
2189 3162 2375 3217 verbis
2405 3180 2418 3216 :
2459 3180 2477 3213 ι
2513 3161 2804 3227 Quomodo
2833 3163 3081 3219 adultera
3112 3161 3255 3219 facta
3297 3171 3383 3219 est

1808 3257 1943 3312 urbs
1992 3256 2169 3312 ﬁdelis
2223 3255 2355 3335 Sion
2389 3253 2472 3306 ’9?
2510 3273 2529 3305 ι
2582 3251 2773 3325 Neque
2816 3254 2963 3308 enim
3017 3251 3133 3324 ipse
3165 3253 3385 3309 dedisse

1808 3350 2108 3423 putandus,
2139 3350 2232 3421 qui
2258 3349 2371 3403 ait:
2411 3366 2429 3400 ι
2476 3346 2677 3413 Qualis
2720 3348 2824 3403 iste
2853 3347 3068 3418 repudii
3101 3348 3239 3403 liber
3270 3363 3387 3403 ma-

1808 3443 1911 3499 tris
1942 3440 2298 3498 vestraaHiui
2338 3439 2523 3496 dimisi
2561 3439 2728 3495 eam?
2762 3439 2870 3493 imo
2893 3439 2999 3494 sibi
3031 3439 3143 3504 illa,
3183 3440 3382 3511 inquit,

1809 3548 1977 3591 causa
2021 3533 2125 3587 fuit
2160 3541 2219 3586 ut
2274 3534 2543 3597 venirem,
2569 3538 2624 3585 et
2676 3545 2784 3584 non
2821 3537 2937 3586 erat
2974 3530 3162 3596 homo,
3198 3532 3407 3593 vocavi,

1809 3639 1998 3685 etnon
2030 3634 2149 3681 erat
2179 3625 2272 3695 qui
2314 3623 2532 3679 audiret
2563 3623 2630 3677 ³⁸.
2670 3642 2690 3674 ι
2732 3622 2799 3676 Et
2839 3624 2967 3677 alibi
3020 3624 3125 3680 hoc
3173 3626 3335 3682 modo
3369 3643 3385 3681 :

1816 3738 1835 3772 ι
1869 3719 1989 3775 Non
2020 3733 2107 3772 me
2137 3726 2199 3769 ut
2234 3717 2471 3769 amicum
2512 3713 2743 3780 vocasti,
2781 3730 2959 3784 neque
2990 3724 3051 3769 ut
3079 3724 3308 3784 patrem,
3331 3726 3390 3772 et

1811 3813 2006 3867 ducem
2035 3806 2370 3878 virginitatis
2418 3812 2524 3860 tua:
2567 3805 2637 3860 ³⁸.
2695 3822 2715 3855 ι
2768 3804 2835 3859 Ει
2866 3821 3086 3861 rursum
3122 3822 3137 3859 :
3176 3825 3196 3858 ι
3249 3806 3388 3861 Filia

1810 3903 2007 3958 matris
2029 3911 2134 3957 tua:
2161 3915 2244 3966 es,
2279 3913 2400 3970 qua:
2431 3898 2610 3951 virum
2644 3895 2768 3966 ejus
2801 3896 3096 3951 deseruisti
3128 3895 3195 3952 ".
3242 3916 3261 3950 ι
3302 3897 3391 3952 Si-

1811 3995 2105 4065 gniﬁcatur
2131 3999 2315 4047 autem
2346 3990 2577 4045 deserta
2602 3988 2824 4044 nomine
2844 3989 3032 4043 eadem
3061 3990 3243 4060 plane,
3266 4005 3389 4060 quae

1811 4098 1865 4144 et
1888 4086 2049 4143 vidua
2080 4085 2304 4149 dicitur,
2329 4083 2532 4139 usitata
2556 4081 2857 4151 Scriptura;
2881 4081 3093 4136 scilicet
3126 4082 3388 4153 loquendi

1812 4179 2230 4239 consuetudine.
2263 4176 2452 4231 Caruit
2481 4175 2627 4230 enim
2653 4175 2919 4230 bonorum
2947 4178 3194 4231 omnium
3223 4179 3391 4232 semi~

1813 4279 2009 4329 natore
2030 4269 2196 4325 verbo
2230 4286 2244 4324 :
2275 4266 2421 4338 quod
2454 4280 2574 4336 quae
2599 4266 2651 4320 in
2690 4264 2964 4335 Sponsum
2991 4266 3222 4336 accepit,
3247 4266 3388 4322 alte-

130 4344 507 4443 σκηνῆς,Ταῖς
534 4369 647 4440 γὰρ
670 4368 860 4430 αὑταῖς
890 4365 1160 4436 ἐχρήσατο
1187 4361 1423 4428 λέξεσιν,
1451 4357 1587 4428 ὁμοῦ
1615 4356 1699 4410 καὶ

1814 4380 1932 4420 ram
1964 4365 2039 4418 ita
2073 4359 2414 4418 fecunditate
2455 4358 2739 4429 prolisque
2790 4372 3023 4414 numero
3053 4365 3295 4427 superat,
3330 4367 3391 4413 ut

129 4468 192 4522 τὺ
237 4467 337 4537 τῆς
384 4462 713 4533 Ἐκκλησίας
768 4459 1065 4513 ἀσάλευτον
1099 4456 1186 4510 διὰ
1231 4453 1342 4509 τῶν
1370 4449 1710 4505 πασσάλων

129 4556 524 4630 δηλῶν.¹1“ύπον
553 4557 663 4626 γὰρ
690 4553 899 4624 ταύτης
928 4551 1114 4620 ἐκείνη
1145 4549 1514 4619 κατέγραφεν,
1537 4544 1584 4596 εί
1616 4542 1711 4595 καὶ

137 4654 358 4725 μέτροις
389 4650 531 4720 ἄγαν
572 4650 844 4703 ἐλάττοσι.
874 4646 965 4700 Διὸ
996 4644 1093 4698 καὶ
1122 4641 1245 4697 καθ’
1266 4641 1495 4694 ἕκαστον
1542 4635 1712 4705 κλίμα

134 4743 527 4814 περικειμένας
579 4737 726 4811 εἶχεν
774 4739 943 4802 αὐλὰς
996 4738 1212 4808 μακρὰς
1261 4730 1399 4804 ὁμοῦ
1452 4729 1548 4783 καὶ
1574 4728 1714 4814 πλαέ

133 4813 306 4895 τείας.
324 4831 488 4885 Ἀλλὰ
515 4832 569 4883 τί
589 4829 783 4894 ταῦτα,
814 4829 910 4882 καὶ
940 4826 1033 4879 τοῦ
1059 4824 1166 4881 νεὼ
1194 4822 1263 4876 τὰ
1292 4821 1467 4891 μέτρα
1495 4816 1630 4886 πρὸς
1649 4813 1718 4867 τὰ

136 4924 323 4996 πλήθη
370 4925 465 4978 καὶ
515 4920 748 4992 μεγέθη,
777 4920 870 4974 καὶ
907 4917 1080 4988 κάλλη
1114 4915 1222 4969 τῶν
1256 4908 1531 4981 πανταχοῦ
1581 4906 1717 4960 καθ-

140 5018 441 5087 ιδρυμένων
483 5011 825 5084 Ἐκκλησιῶν
844 5012 987 5082 »μιᾶς
1007 5010 1107 5081 τῆς
1133 5009 1198 5062 ὲκ
1222 5002 1413 5059 πασῶν
1447 4996 1720 5069 ὑπαρχού-

139 5128 240 5180 σης
269 5108 604 5178 καθολικῆς;
634 5105 779 5178 Πρὸς
815 5105 886 5176 ἣν
925 5102 1176 5173 ἐπιφέρει
1196 5139 1212 5161 ,
1236 5096 1346 5152 Καὶ
1380 5094 1445 5149 τὸ
1479 5089 1716 5159 σπέρμα

137 5216 257 5256 σου
291 5194 734 5266 κληρονομήσει
758 5193 924 5262 ἔθνη.
954 5191 1124 5246 Τοῦτο
1157 5188 1215 5243 δὲ
1238 5187 1331 5241 τὸν
1359 5180 1714 5251 εὐαγγελικὸν

138 5295 298 5365 λόγον
323 5294 495 5365 δηλοῖ,
523 5293 655 5363 περὶ
670 5286 731 5347 οὗ
749 5307 910 5361 φησιν
935 5307 948 5320 ·
974 5308 994 5340 ι
1025 5285 1278 5355 Ἐξῆλθεν
1308 5284 1337 5336 ὁ
1363 5281 1602 5351 σπείρων
1628 5276 1723 5330 τοῦ

140 5390 387 5459 σπεῖραι.
411 5405 431 5438 ι
452 5385 564 5439 Καὶ
593 5384 714 5455 οὐχὶ
728 5383 890 5438 καλὸν
913 5379 1148 5450 σπέρμα
1177 5378 1436 5447 ἔσπειρας
1452 5375 1511 5427 ὲν
1531 5371 1607 5443 τῷ
1638 5370 1716 5459 σῷ

140 5456 317 5555 ἀγρῶ,
348 5479 410 5545 ἐξ
447 5467 509 5534 οὖ
537 5477 807 5532 πλείστων
837 5472 1008 5542 ἁγίων
1038 5472 1226 5542 γέγονε
1265 5470 1480 5540 μήτηρ;
1524 5463 1614 5528 Ἐξ
1644 5456 1718 5519 ὧν

1816 4451 2068 4519 ampliori
2124 4449 2193 4505 ad
2224 4449 2524 4503 liberorum
2559 4446 2992 4518 acceptationem
3023 4447 3225 4517 spatio,
3265 4461 3391 4517 pro-

1818 4546 1928 4599 lata
1964 4544 2019 4598 in
2075 4542 2128 4596 id
2164 4557 2194 4594 e
2222 4538 2394 4596 Mosis
2427 4538 2784 4594 tabernaculo
2836 4536 3218 4602 similitudine,
3249 4553 3392 4610 opus

1819 4636 2037 4693 habeat.
2070 4632 2270 4688 Iisdem
2296 4629 2590 4701 siquidem.
2619 4630 2820 4698 quibus
2850 4628 2962 4692 ille,
3000 4630 3180 4685 verbis
3205 4639 3259 4685 et
3302 4631 3392 4686 hic

1818 4726 2015 4787 utitur,
2046 4722 2360 4793 pariterque
2411 4719 2802 4773 inconcussam
2861 4705 3119 4775 Ecclesiae
3158 4720 3391 4777 ﬁrmita-

1818 4824 1927 4872 tem
1975 4814 2246 4869 clarorum
2278 4809 2499 4865 nomine
2544 4808 2834 4879 significat.
2867 4808 3045 4879 Hujus
3073 4811 3219 4865 enim
3254 4810 3394 4880 ﬂgu-

1816 4923 1959 4971 ram,
1987 4919 2246 4962 mensura
2280 4911 2461 4986 tamen
2513 4902 2674 4971 longe
2721 4899 2980 4967 breviori,
3012 4902 3141 4957 illud
3169 4918 3392 4972 expres-

1819 5001 1913 5068 sit,
1976 4998 2213 5068 indeque
2243 4996 2312 5051 ad
2366 4994 2613 5063 singulas
2646 4994 2835 5064 plagas
2865 4994 3007 5047 atria
3037 4995 3195 5065 longa
3223 4995 3392 5050 simul

1819 5101 1876 5149 et
1904 5092 2014 5145 lata
2046 5089 2309 5144 habuisse
2365 5085 2630 5157 reperias.
2680 5082 2883 5140 Verum
2923 5085 3056 5156 quid
3097 5085 3223 5153 ista,
3255 5093 3395 5141 tem-

1798 5182 2009 5255 plique
2034 5178 2200 5235 etiam
2247 5176 2430 5231 futura
2485 5182 2572 5230 est
2627 5174 2971 5246 magnitudo,
2997 5174 3043 5230 si
3061 5189 3185 5229 cum
3214 5176 3396 5231 eccle-

1829 5276 2034 5332 siarum
2066 5268 2426 5340 amplitudine
2448 5277 2501 5324 et
2535 5266 2811 5331 vastitate,
2849 5266 2896 5322 si
2927 5281 3054 5322 cum
3089 5267 3400 5337 pulchritu-

1823 5365 1951 5421 dine
1986 5362 2223 5432 denique
2274 5350 2681 5424 conferantur,
2705 5371 2827 5426 qua:
2854 5356 3056 5426 ubique
3076 5366 3396 5418 exstructa',

1825 5460 1975 5515 illam
2032 5471 2196 5513 unam
2245 5469 2311 5510 ex
2365 5451 2623 5507 omnibus
2670 5448 2931 5518 efﬁciunt,
2962 5466 3085 5522 quae
3124 5451 3398 5508 catholica

205 5662 249 5693 ³³
302 5659 500 5732 Ephes.
528 5672 569 5715 tt
591 5697 608 5726 ,
640 5657 728 5713 l2.
807 5657 853 5689 ’θ
889 5652 1092 5711 Jerem.
1116 5666 1212 5719 ιιι,
1237 5652 1290 5707 6.
1322 5650 1408 5727 ,⁷³⁸
1442 5648 1548 5705 lsa.
1575 5663 1628 5713 ι.,
1650 5647 1698 5715 1,

1846 5642 1887 5673 ³¹
1932 5640 2138 5696 Jerem.
2170 5654 2253 5705 ιιι,
2284 5638 2339 5693 4.
2417 5637 2460 5670 ³¹
2496 5633 2696 5691 Ezech.
2723 5643 2835 5695 ιιι,
2865 5629 2953 5684 ιδ.
