3980 6306
580 188 724 256 2535
1919 181 2272 243 PROCUPII
2301 183 2548 245 GAZ.‘EI
3737 181 3873 248 2535

579 299 824 360 dicitur?
845 297 926 354 Ad
955 299 1097 354 hanc
1128 295 1222 351 illa
1267 292 1604 358 referuntur,
1649 291 1872 362 quibus,
1903 288 1968 344 Et
1999 307 2172 346 semen

2281 293 2448 346 ὲθνῶν
2512 292 2783 364 ἄρχοντας
2831 291 3194 363 καθηγεῖσθαι
3247 293 3569 350 συνέϐαινεν
3621 295 3719 351 τδν
3766 300 3866 353 τῶν

581 403 732 446 tuum
763 387 1050 460 possidebit
1083 394 1292 456 gentes,
1333 382 1619 453 adjicitur.
1661 381 2025 451 Evangelicus
2047 394 2172 434 vero

2281 383 2610 453 προσιόντων
2643 383 3147 452 μυσταγωγοῠντας
3177 383 3330 451 λαὸν,
3346 381 3432 450 οἷς
3461 387 3560 441 καὶ
3589 389 3676 452 εἰς
3705 389 3866 444 αἰῶνα

581 483 706 538 istis
739 495 922 537 sermo
974 477 1341 548 signiﬁcatur,
1383 475 1452 529 de
1478 487 1610 542 quo,
1647 472 1834 526 exisse
1865 471 1960 540 qui
2007 471 2171 526 semi-

2281 475 2360 528 τὸν
2413 475 2677 542 μέλλοντα
2707 476 3076 548 καθηγεῖσθαι
3105 479 3350 548 Χριστὸς
3372 479 3776 550 ἐπηγγέλλετο,
3800 484 3868 555 τῷ

581 585 699 637 nat,
727 580 786 625 ut
811 571 1130 631 seminaret,
1165 568 1396 637 legimus
1425 565 1494 620 ³³.
1530 567 1727 618 Annon
1759 563 1960 619 deinde
1999 579 2172 616 semen

2281 566 2374 636 μὲν
2405 567 2588 631 πέντε,
2616 565 2695 637 τῷ
2723 567 2781 619 δὲ
2815 568 2950 621 δέκα
2979 568 3188 622 πόλεων
3229 571 3368 642 πρὸς
3411 575 3515 642 τὴν
3537 573 3654 625 τῶν
3684 577 3861 629 ταλαν-

583 665 790 718 bonum
823 663 876 715 in
911 659 1002 712 Dei
1033 673 1167 730 agro
1199 659 1533 712 semiustum
1567 663 1674 720 est,
1707 669 1832 708 cum
1854 654 1984 708 inde
2009 653 2172 723 pluri-

2281 673 2377 708 των
2401 655 2690 728 διανομήν.
2728 656 2793 710 Οἳ
2830 659 2925 711 καί
2955 674 3121 726 φασιν
3151 661 3604 733 εὐφραινόμενοι·
3656 683 3677 715 ι
3708 666 3865 718 Tat-

584 767 798 808 ntorum
825 751 988 822 612
1022 763 1340 805 sanctorum
1375 757 1552 802 mater
1591 747 1870 812 evaserit;
1903 759 1934 798 a
1970 746 2172 814 quibus

2281 743 2405 810 ταξε
2429 744 2594 809 λαοὺς
2617 749 2772 815 ἡμῖν,
2809 749 2906 800 καὶ
2935 747 3062 820 ἔθνη
3087 750 3193 804 ὑπὸ
3218 753 3346 814 τοὺς
3367 752 3540 817 πόδας
3561 754 3742 825 ἡμῶν.
3759 755 3869 822 Ἐξ-

585 843 737 914 ipsos
765 845 929 897 etiam
960 844 1202 912 gentium
1237 848 1502 904 rectores,
1529 849 1586 892 ut
1617 836 1965 891 accedentem
1995 850 2172 906 popu-

2281 835 2494 900 ελέξατο
2515 839 2648 906 ἡμῖν
2683 837 2784 908 τὴν
2816 837 3187 910 κληρονομίαν
3229 842 3452 896 ἑαυτοῦ.
3492 862 3514 896 ι

586 940 697 994 lum
727 938 902 992 sacris
957 935 1284 999 imbuerent,
1315 932 1522 988 erudiri
1553 930 1804 1000 contigit,
1835 943 1974 998 quos
2009 929 2058 983 ei
2107 929 2166 982 in
2208 927 2452 985 futurum
2509 931 2676 986 etiam
2745 932 3007 986 saeculum
3064 933 3418 1004 praebituros,
3504 936 3596 991 alii
3655 937 3870 1008 quidem

584 1033 814 1088 urbibus
847 1029 1111 1098 quinque,
1144 1027 1239 1080 alii
1268 1036 1450 1080 autem
1482 1025 1696 1088 decem,
1738 1039 1839 1094 pro
1879 1024 2208 1077 talentorum
2247 1024 2639 1082 distributione
2676 1029 2982 1092 concessis,
3041 1029 3299 1084 Christus
3339 1031 3606 1087 indicavit
3654 1034 3744 1086 “t
3779 1042 3868 1105 qui

583 1123 823 1192 denique
857 1121 1042 1174 laetitia
1097 1117 1305 1180 atlecti,
1332 1116 1562 1188 populos
1588 1114 1712 1178 sibi,
1745 1124 1800 1168 et
1831 1122 2021 1184 gentes
2052 1112 2287 1184 pedibus
2315 1115 2434 1170 suis
2471 1131 2596 1172 esse
2617 1117 2915 1188 subjectos,
2947 1126 3001 1174 et
3059 1135 3120 1176 se
3185 1120 3241 1175 in
3311 1123 3696 1181 hereditatem
3767 1128 3869 1183 ele—

595 1226 717 1270 ctos
748 1209 1173 1282 proﬁterentur?
1213 1243 1218 1246 -

655 1325 751 1382 Est
773 1327 917 1382 enim
953 1325 1159 1380 Christi
1194 1339 1317 1379 sors
1348 1325 1536 1388 unius,
1583 1323 1804 1393 populis
1836 1337 2071 1392 praeesse
2111 1329 2168 1378 et

583 1417 864 1474 moderari
915 1433 929 1468 :
973 1415 1206 1484 indeque
1247 1415 1418 1467 Rabbi
1470 1429 1802 1484 quemquam
1855 1415 2038 1468 vocari
2081 1429 2171 1470 ve-

587 1511 712 1572 tuit,
761 1523 820 1564 se
872 1522 1037 1560 unum
1083 1503 1396 1559 Iudaeorum
1449 1505 1770 1574 magistrum
1829 1520 1953 1560 esse
2006 1520 2160 1560 asse-

584 1617 733 1663 rens,
765 1601 856 1670 qui
915 1597 1218 1667 discipulos
1273 1607 1453 1652 tamen
1511 1596 1796 1668 dignitatis
1837 1612 1950 1653 sum
2001 1597 2172 1666 parti-

2344 1323 2588 1396 Χριστοῦ
2627 1323 2726 1395 μὲν
2773 1321 2884 1394 γὰρ
2935 1324 3100 1392 μόνου
3147 1323 3353 1395 κλῆρος
3396 1323 3457 1376 τὸ
3507 1325 3871 1396 καθηγεῖσθαι

2272 1415 2535 1471 λαῶν.Διδ
2550 1415 2760 1469 κελεύει
2794 1415 2984 1486 μηδενὶ
3008 1415 3186 1482 λέγειν
3201 1415 3412 1472 Ῥαεὸί.
3433 1434 3452 1467 ι
3483 1412 3578 1480 Εἷς
3604 1419 3718 1491 γάρ
3737 1419 3868 1486 ἐστι,

2273 1503 2461 1574 φησὶν,
2481 1503 2634 1573 ὑμῶν
2667 1503 3030 1573 καθηγητὴςδ
3053 1504 3310 1574 Χριστός.
3327 1524 3344 1556 ι
3370 1505 3670 1560 Μετέδωκε
3689 1507 3748 1560 δὲ
3778 1513 3867 1579 τῆς

2275 1593 2432 1660 ἀξίας
2445 1598 2560 1658 τοῖς
2584 1593 2875 1666 μαθηταῖς.
2897 1595 3007 1648 Καὶ
3033 1595 3146 1663 φῶς
3163 1595 3274 1667 γὰρ
3303 1596 3570 1666 ὑπάρχων
3596 1598 3866 1670 ἀληθινὸν,

585 1693 736 1764 cipes
767 1691 989 1746 iecit".
1028 1688 1184 1744 Licet
1235 1689 1382 1743 enim
1429 1703 1562 1743 vera
1611 1689 1705 1742 lux
1741 1690 1807 1751 ",
1867 1700 2172 1759 naturaque

2281 1684 2393 1754 φῶς
2423 1684 2578 1738 καλεῖ
2605 1685 2733 1747 τοὺς
2764 1683 2963 1737 ἑαυτοῦ
2998 1685 3271 1756 μαθητάς.
3311 1687 3422 1741 Καὶ
3459 1688 3587 1752 Υἱὸς
3626 1691 3705 1742 ῶν
3730 1691 3865 1745 κατά

585 1783 678 1839 Dei
710 1781 884 1839 Filius
907 1785 1023 1853 ipse
1055 1783 1128 1838 sit
1157 1798 1171 1834 :
1210 1783 1350 1836 lucis
1377 1791 1560 1834 tamen
1593 1782 1964 1850 appellatione
1997 1781 2169 1837 disci-

584 1879 744 1946 pulos
779 1875 1120 1944 nuneupavit
1153 1874 1222 1940 ³⁷,
1272 1881 1326 1927 et
1356 1873 1506 1928 dedit
1551 1874 1620 1929 iis
1654 1883 1983 1944 potestatem
2028 1875 2172 1929 ﬁlios

587 1967 682 2022 Dei
717 1969 896 2022 vocari
919 1966 987 2032 ³⁸,
1013 1965 1108 2033 qui
1136 1965 1190 2020 in
1226 1964 1445 2020 Patrem
1484 1969 1772 2022 credentes
1805 1981 1868 2021 ea
1901 1966 2172 2036 dignitate

587 2058 992 2128 gloriarentur,
1049 2056 1142 2126 qui
1190 2054 1426 2109 desertas
1458 2058 1648 2122 etiam,
1685 2057 1805 2110 sive
1843 2055 2070 2120 deletas,
2112 2063 2172 2110 ut

589 2145 918 2217 Symmacho
952 2145 1150 2214 placet,
1183 2146 1422 2198 civitates
1463 2145 1706 2198 habitare
1737 2144 1972 2213 facerent
2008 2165 2027 2200 :
2061 2159 2172 2216 quo

587 2235 813 2291 nomine
865 2235 1130 2288 ecclesias
1167 2234 1336 2302 ipsas,
1363 2249 1486 2304 quae
1519 2234 1627 2288 Deo
1658 2235 1936 2304 quondam
1987 2249 2174 2289 vacuae

588 2327 833 2390 fuerant,
888 2327 1195 2380 intellexit:
1251 2334 1347 2379 aut
1381 2335 1528 2380 certe
1565 2335 1778 2380 tantum
1821 2325 1939 2382 fore
1993 2343 2170 2382 semen

589 2417 846 2473 Ecclesiae
871 2417 1152 2476 indicavit,
1200 2423 1258 2468 ut
1300 2431 1406 2469 non
1433 2414 1598 2469 modo
1627 2415 1917 2486 populosis
1950 2417 2170 2472 urbibus

587 2511 710 2579 capi
739 2525 845 2562 non
878 2515 1080 2576 queat,
1115 2505 1208 2562 sed
1239 2508 1414 2576 possit
1449 2507 1691 2562 desertas
1711 2508 1878 2562 etiam
1900 2519 1952 2563 et
1968 2521 2171 2566 vacuas

589 2603 886 2672 complere.
923 2598 1074 2654 Unde
1103 2599 1368 2670 pudorem
1403 2609 1646 2656 veterem
1681 2617 1749 2656 ex
1783 2617 1850 2657 eo
1877 2603 2168 2657 collectum

586 2694 732 2764 quod
765 2693 962 2748 sterilis
989 2702 1041 2746 et
1073 2691 1229 2746 vidua
1252 2699 1424 2758 esset,
1449 2691 1627 2746 eidem
1655 2703 2009 2748 contemnere
2030 2710 2171 2765 prae-

589 2787 742 2856 cipit,
775 2801 830 2840 se
865 2787 1117 2840 rirtutum
1157 2784 1466 2850 Dominum,
1513 2787 1605 2856 qui
1635 2801 1758 2840 eam
1805 2785 2011 2856 fecerit,
2060 2785 2173 2842 esse

590 2881 890 2934 aﬂirmans.
927 2877 1115 2948 Neque
1156 2879 1304 2932 enim
1343 2878 1412 2932 ab
1443 2877 1780 2944 hominibus,
1807 2887 1901 2932 aut
1939 2895 2034 2949 per
2070 2879 2170 2934 ho—

590 2971 792 3026 minem
833 2971 902 3034 ³⁸,
951 2973 1045 3025 sed
1089 2985 1186 3040 per
1242 2969 1534 3024 Dominum
1592 2971 1770 3040 ipsum
1812 2971 2169 3025 constitutam

2275 1774 2458 1842 φύσιν,
2493 1774 2730 1828 δέδωκεν
2758 1774 3006 1840 ἐξουσίαν
3035 1778 3146 1839 τοῖς
3192 1777 3552 1834 πιστεύουσιν
3596 1783 3680 1842 εἰς
3712 1783 3867 1837 αὐτὸν

2275 1867 2496 1938 Πατέρα
2543 1865 2732 1919 καλεῖν
2771 1866 2864 1919 τὸν
2910 1867 3044 1920 Θεὸν
3093 1868 3155 1920 τὸ
3186 1871 3287 1940 τῆς
3327 1870 3584 1940 νεότητος
3613 1873 3866 1944 αὐχοῦσιν

2273 1961 2514 2030 ἀξίωμα,
2543 1960 2592 2012 οἳ
2625 1959 2722 2013 καὶ
2742 1960 2950 2024 πόλεις
2982 1961 3406 2031 ἠρημωμένας,
3437 1965 3614 2034 ἤγουν
3658 1967 3866 2036 ﬁssam-

2274 2052 2525 2122 σμέναρ,
2572 2053 2715 2106 κατά
2764 2053 3082 2124 Σύμμαχον,
3117 2054 3551 2110 κατοικιοῦσιν.
3601 2057 3772 2126 Λέγει
3813 2059 3865 2112 δὲ

2271 2147 2374 2210 τὰς
2420 2147 2518 2216 ἱρή
2529 2162 2664 2216 μους
2713 2145 2886 2199 πάλαι
2918 2145 3053 2197 Θεοῦ
3089 2141 3416 2216 Ἐκκλησίας
3435 2161 3450 2176 ”
3480 2147 3654 2218 ἤγουν
3684 2151 3862 2219 φησὶν,

2273 2239 2356 2291 ὅτι
2383 2238 2652 2292 Τοσοῦτον
2680 2237 2832 2290 ἔσται
2857 2253 2954 2290 σου
2981 2237 3048 2290 τὸ
3083 2236 3339 2308 σπέρμα,
3365 2236 3444 2299 ὡς
3477 2239 3750 2310 μηδαμῶς
3774 2241 3865 2294 αὐ-

2270 2334 2384 2395 τοῖς
2415 2330 2513 2396 τὰς
2541 2329 3008 2402 πολυανθρώπους
3036 2332 3244 2396 πόλεις
3267 2333 3490 2401 ἀρκεῖν,
3521 2333 3788 2388 δύνασθαι
3816 2335 3866 2389 ἃ

2271 2426 2368 2480 καὶ
2413 2427 2520 2492 τὰς
2547 2425 2810 2496 ἐρήμους
2855 2423 3100 2496 πληροῦν
3122 2441 3136 2456 ο
3172 2422 3258 2492 ἐφ’
3286 2419 3364 2486 οἷς
3399 2425 3688 2498 ὑπερορᾷν
3735 2430 3863 2498 αὐτῇ

2271 2519 2371 2588 τῆς
2412 2518 2648 2581 παλαιᾶς
2697 2516 2962 2588 αἰσχύνης
3014 2517 3482 2588 παρακελεύεται,
3517 2518 3608 2572 ὅτε
3657 2520 3867 2590 ἄτονος

2271 2605 2338 2679 ἦν
2366 2609 2460 2662 καὶ
2487 2608 2647 2678 χήρα
2675 2608 2770 2661 τοῦ
2799 2608 2979 2676 Λόγου
3009 2607 3267 2678 Νυμφίου
3300 2607 3502 2676 λέγων,
3531 2609 3617 2663 ὃτι
3659 2611 3866 2678 Κύριος

2271 2699 2392 2754 τῶν
2414 2700 2731 2768 δυνάμεών
2761 2700 2936 2754 ἐστιν
2957 2702 2988 2753 ό
3013 2697 3204 2753 ποιῶν
3223 2713 3317 2752 σε.
3338 2700 3415 2752 Οὐ
3439 2701 3553 2771 γάρ
3581 2701 3647 2766 ἐξ
3669 2703 3868 2772 ἀνθρὼ-

2272 2809 2410 2856 πων,
2447 2791 2568 2844 οὐδὲ
2597 2790 2662 2844 δι’
2711 2789 3003 2860 ἀνθρώπου
3049 2791 3285 2860 συνέστη
3307 2806 3320 2821 ο
3353 2789 3422 2842 δι’
3445 2791 3618 2844 αὑτοῦ
3648 2793 3710 2846 δὲ
3747 2795 3865 2848 Κυ-

2276 2887 2416 2958 ρίου,
2449 2885 2508 2948 ὃς
2551 2884 2644 2938 καί
2697 2901 2896 2955 φησιν’
2934 2901 2953 2934 ι
2977 2884 3101 2938 Ἐπὶ
3133 2883 3232 2954 τὴν
3273 2883 3483 2954 πέτραν
3530 2885 3864 2956 οἰκοδομήσω

2278 2996 2380 3048 μου
2413 2979 2513 3048 τὴν
2529 2977 2878 3047 Ἐκκλησίαν.
2909 2995 2927 3028 ι
2957 2976 3094 3030 Θεοῦ
3121 2976 3301 3030 τοίνυν
3325 2976 3357 3026 6
3390 2975 3576 3044 λόγος,
3604 2978 3670 3030 τὸ
3701 2979 3864 3049 ἀμνη-

589 3078 735 3132 esse,
751 3064 843 3134 qui
863 3079 1027 3134 super
1051 3073 1259 3132 petram
1280 3061 1576 3117 Ecclesiam
1597 3079 1750 3118 suam
1771 3064 2168 3118 :cdilicaturum

2281 3067 2499 3121 σίκακον
2529 3066 2870 3140 δωρουμένου
2903 3067 2998 3120 ἐπὶ
3040 3069 3106 3137 τῇ
3159 3066 3412 3136 πολυθέῳ
3459 3068 3559 3119 καὶ
3598 3068 3866 3134 ὀνείδους

589 3170 653 3212 se
685 3157 824 3210 dixit
848 3156 918 3210 “.
941 3155 1037 3208 Est
1063 3155 1230 3224 igitur
1256 3155 1360 3210 ista
1384 3153 1474 3208 Dei
1501 3155 1700 3218 oratio,
1737 3155 1830 3225 qui
1858 3156 2174 3224 probrosum

589 3248 754 3303 nobis
789 3251 843 3301 in
881 3249 1109 3301 deorum
1137 3247 1366 3302 colenda
1400 3246 1751 3302 multitudine
1773 3262 2015 3302 errorem
2042 3263 2177 3302 con-

592 3339 784 3396 donet.
809 3338 966 3394 Sicut
1001 3338 1144 3392 enim
1177 3349 1330 3408 pater
1367 3339 1664 3392 miseretur
1710 3339 1970 3405 ﬁliorum,
2011 3341 2091 3395 sic
2121 3349 2176 3395 et

595 3430 910 3486 timentium
966 3443 1023 3484 se
1061 3429 1322 3484 misertus
1377 3435 1460 3484 est
1497 3427 1764 3485 Dominus
1783 3429 1850 3484 “.
1906 3431 1968 3485 Et
2002 3447 2178 3502 quan-

595 3533 712 3578 tum
737 3523 902 3578 distat
922 3529 1078 3576 ortus
1104 3523 1174 3576 ab
1203 3536 1431 3585 occasu,
1461 3530 1674 3576 tantum
1701 3539 1732 3578 a
1762 3525 1920 3579 nobis
1951 3535 2174 3594 peccata

596 3623 788 3671 nostra
835 3614 1090 3669 removit.
1141 3613 1342 3668 Metam
1369 3629 1534 3684 ergo,
1569 3615 1662 3683 qui
1702 3615 1756 3668 in
1789 3617 2034 3686 peccatis
2066 3624 2171 3680 est,

593 3711 712 3780 ipse
743 3706 958 3769 adimit,
1011 3707 1104 3776 qui
1135 3722 1244 3760 non
1273 3707 1443 3772 venit,
1477 3716 1535 3760 ut
1565 3707 1798 3775 judicet,
1841 3706 1937 3762 sed
1973 3715 2033 3761 ut
2067 3709 2177 3762 sal-

593 3811 683 3856 vet
707 3799 776 3856 "*.
811 3799 926 3854 Non
959 3801 1105 3854 enim
1136 3799 1290 3854 misit
1317 3797 1464 3854 Deus
1491 3798 1684 3854 Filium
1723 3814 1882 3854 suum
1927 3802 1980 3854 in
2011 3815 2176 3854 mun-

594 3892 752 3954 dum,
782 3900 839 3946 ut
859 3890 1067 3961 judicet
1096 3892 1362 3944 mundum
1390 3932 1406 3956 ,
1451 3891 1546 3945 sed
1579 3901 1636 3944 ut
1664 3891 1906 3946 salvetur
1936 3893 2174 3946 mundus

596 3999 694 4056 per
717 3985 920 4054 ipsum.
942 3984 1132 4054 Itaque
1153 3985 1319 4038 vincit
1348 3983 1462 4049 illa,
1481 3999 1602 4054 qua:
1623 3983 1888 4053 jttstil‘tcat
1921 3985 2172 4054 impium,

596 4078 792 4148 gratia.
820 4096 839 4130 ι
880 4074 1026 4132 Deus
1056 4077 1200 4131 enim
1229 4083 1336 4139 est,
1385 4077 1462 4130 ait
1491 4075 1714 4140 Paulus,
1755 4077 1845 4146 qui
1874 4077 2172 4145 justiticat;

597 4170 724 4240 quis
745 4177 854 4232 est,
889 4169 980 4238 qui
1016 4167 1452 4222 condemnet“?
1479 4187 1499 4219 ι
1533 4166 1820 4234 Quomodo
1847 4177 2028 4222 autem
2059 4183 2175 4220 eam

598 4260 752 4330 facit,
786 4259 890 4316 nisi
917 4273 1042 4314 cum
1080 4271 1198 4314 eam
1229 4258 1283 4312 in
1325 4257 1514 4312 formae
1545 4259 1963 4314 similitudinem
2007 4259 2170 4331 613

600 4365 698 4422 per
745 4350 1005 4421 Spiritum
1060 4347 1252 4402 creat?
1280 4348 1369 4402 Ait.
1415 4349 1560 4402 enim
1601 4351 1741 4420 apud
1777 4349 2120 4406 Ezecliielem
2157 4367 2170 4403 :

605 4460 624 4491 ο
659 4440 899 4494 Avellam
933 4453 1030 4492 cor
1076 4453 1268 4492 eorum
1313 4437 1589 4507 lapideum
1650 4439 1718 4494 de
1755 4455 1922 4494 carne
1943 4456 2170 4508 eorum;

597 4541 653 4587 et
683 4532 822 4585 dabo
859 4531 941 4584 eis
997 4545 1093 4583 cor
1127 4544 1411 4594 carneum,
1453 4537 1513 4584 ut
1542 4531 1644 4600 ipsi
1679 4547 1763 4586 nte
1808 4545 2173 4604 cognoscant;

599 4625 726 4692 quia
757 4637 859 4692 ego
887 4637 1006 4674 sum
1027 4618 1306 4686 ,Dominus
1327 4619 1395 4676 λδ.
1432 4639 1450 4673 ι
1477 4621 1734 4676 Condidit
1765 4638 1896 4694 ergo
1925 4625 2176 4681 Christus

600 4713 848 4784 geminos
889 4712 1120 4782 populos
1145 4716 1198 4766 in
1241 4721 1517 4768 recentem
1551 4729 1722 4768 unum
1753 4715 2068 4782 hominem,
2109 4716 2177 4770 ad

598 4805 719 4878 ejus
751 4807 1054 4874 exemplar,
1079 4818 1110 4858 a
1144 4819 1255 4872 quo
1279 4804 1508 4861 eﬂ‘ectus
1541 4816 1646 4868 est,
1679 4807 2070 4863 instauratum.

671 4898 848 4964 Atque
878 4905 940 4950 ut
973 4896 1046 4950 rei
1081 4896 1240 4949 tidem
1269 4895 1468 4952 faceret
1505 4897 1598 4968 qui
1634 4906 1819 4963 postea
1849 4907 2075 4954 secutus
2097 4907 2182 4956 est

599 5002 846 5052 eventus,
893 4986 1175 5042 Dominum
1202 4988 1454 5041 virtutum
1488 5003 1546 5043 se
1571 5003 1692 5044 esse
1725 4987 2172 5055 allirtttavit.',Ne-

600 5095 708 5150 que
761 5095 890 5134 vero
933 5079 1353 5137 instaurationis
1389 5089 1605 5150 tempus
1640 5082 1884 5146 reticuit,
1921 5099 2044 5138 cum
2085 5083 2176 5138 ad-

603 5171 729 5240 jei-tt
760 5191 772 5226 :
803 5171 909 5240 Qui
939 5173 1076 5226 eruit
1109 5182 1179 5239 te,
1219 5173 1357 5228 Deus
1389 5171 1588 5240 Israel,
1625 5185 1738 5228 tota
1784 5183 1929 5229 terra
1965 5176 2178 5230 vocabi-

603 5274 729 5328 tur;
763 5265 812 5319 td
839 5273 945 5328 est,
975 5279 1100 5320 cum
1127 5265 1406 5322 Christum
1429 5265 1484 5320 in
1517 5274 1708 5337 gentes
1731 5281 1918 5322 omnes
1949 5283 2178 5337 regnare

680 5465 726 5542 '_'
767 5462 1224 5542 Matthigtttu’);
1270 5463 1319 5542 3’
1361 5463 1552 5542 Matth.
1588 5464 1811 5542 μιν.-ξᾶ
1841 5479 1996 5542 seq].

602 5600 650 5630 “
684 5603 880 5657 Kueh.
917 5619 973 5668 tt,
1009 5604 1098 5660 l9.

2113 5465 2158 5536 '7'
2199 5467 2388 5520 Matth.
2446 5483 2601 5536 xxm,
2633 5467 2686 5525 8.

604 5529 650 5603 ν
691 5533 849 5588 Jnan.
875 5551 914 5596 ι.
949 5537 1035 5588 1‘2.
1110 5535 1156 5568 ³⁸
1187 5533 1364 5590 Galat.
1405 5551 1441 5599 I,
1481 5534 1569 5588 1'2.
1642 5535 1687 5566 ⁴⁰
1725 5529 2048 5603 Μλῑιιιεῖγι,
2089 5535 2172 5591 18.
2249 5540 2291 5568 ⁸⁸

2275 3161 2404 3231 ἀξίᾳ
2433 3161 2632 3230 πλάνῃ.
2665 3157 2861 3221 Καθὼς
2890 3159 3000 3227 γὰρ
3027 3158 3292 3226 οἰκτείρει
3341 3157 3527 3228 πατὴρ
3571 3159 3766 3223 υἱοὺς,
3793 3160 3866 3211 ol-

2277 3251 2566 3321 κτείρησεν
2597 3250 2798 3322 Κύριος
2831 3250 2970 3312 τοὺς,
2991 3247 3362 3319 φοϐουμένους
3387 3247 3576 3302 αὐτόν.
3603 3249 3722 3302 Καὶ
3741 3249 3866 3302 καθ’

2276 3343 2401 3396 ὅσον
2431 3343 2726 3413 ἀπέχουσιν
2757 3343 3016 3396 ἀνατολαὶ
3045 3342 3154 3394 ἀπὸ
3181 3339 3747 3410 δυσμῶν,ὲμὰκρυνεν
3767 3341 3863 3408 ἀφ’

2275 3435 2433 3504 ἡμῶν
2462 3436 2559 3498 τὰς
2590 3435 2864 3504 ἁμαρτίας
2895 3433 3075 3504 ἡμῶν.
3101 3433 3210 3486 Τὸν
3243 3433 3338 3486 οὖν
3369 3433 3561 3502 φόϐον
3588 3435 3863 3504 περιαιριί

2275 3527 2368 3580 τὸν
2413 3528 2506 3580 ἐπὶ
2547 3529 2662 3590 τοῖς
2715 3527 3131 3597 ἁμαρτήμασιν.
3159 3521 3332 3578 Ἦλθε
3379 3524 3488 3596 γὰρ
3533 3525 3595 3578 οῦ
3643 3526 3858 3597 κρίνων,

2276 3621 2412 3674 ἀλλὰ
2463 3618 2672 3684 σώζων.
2719 3638 2737 3671 ι
2764 3619 2838 3671 Οὐ
2869 3619 2980 3689 γὰρ
3007 3615 3325 3682 ἀπέστειλε,
3357 3617 3546 3687 φησὶν,
3568 3621 3596 3670 6
3627 3617 3860 3680 Θεὸς-τὸν

2277 3712 2404 3768 Υιδν
2434 3711 2602 3766 αὑτοῦ
2643 3713 2722 3774 εἰς
2767 3711 2858 3764 τὸν
2905 3709 3134 3780 κόσμον,
3169 3709 3260 3762 ἴνα
3304 3709 3472 3782 κρίνῃ
3504 3710 3594 3762 τῖον
3641 3711 3858 3779 κόσμον.

2276 3811 2390 3866 ἀλλ’
2423 3811 2510 3863 ἵνα
2545 3810 2692 3879 σωθῇ
2743 3811 2771 3862 6
2820 3809 3026 3874 κόσμος
3071 3807 3138 3860 δι’
3165 3803 3352 3860 αὐτοῦ.
3393 3826 3411 3859 ι
3452 3807 3602 3878 Νικᾷ
3630 3807 3858 3875 τοίνννή

2275 3904 2433 3975 χάρις
2461 3905 2496 3973 ἡ
2521 3901 2808 3954 δικαιοῦσα
2835 3900 2928 3952 τὸν
2954 3897 3148 3969 ἀσεϐῆ.
3184 3917 3202 3950 ι
3235 3897 3368 3960 Θεὸς
3395 3897 3526 3968 γὰρ,
3553 3901 3696 3968 φησὶ
3721 3897 3859 3951 lla-3-

2276 3995 2388 4058 λος,
2423 3995 2450 4047 6
2481 3993 2728 4056 δικαιῶν,
2767 3992 2852 4054 τίς
2893 3992 2922 4044 6
2955 3990 3343 4061 κατακρίνων;
3379 4008 3400 4042 ι
3457 3989 3582 4054 Πῶς
3612 3991 3674 4044 δὲ
3717 3987 3863 4044 ποιεῖ

2275 4085 2492 4152 αὐτὴν,
2525 4082 2637 4137 ἀλλ’
2668 4083 2702 4152 ἦ
2736 4081 2934 4146 κτίζων
2954 4083 3034 4144 είς
3068 4081 3428 4150 συμμορφιαν
3453 4080 3626 4134 αὐτοῦ
3657 4081 3746 4134 διὰ
3776 4077 3856 4133 τοῦ

2278 4177 2630 4246 Πνεῦματοςς
2666 4174 2802 4244 φησὶ
2839 4173 2948 4243 γὰρ
2981 4174 3038 4224 ὲν
3073 4170 3372 4242 Ἰεζεκιήλ·
3403 4189 3425 4223 ι
3449 4171 3748 4225 Ἐκσπάσω
3772 4171 3857 4240 τὴν

2279 4270 2508 4341 καρδίαν
2531 4268 2712 4321 αὐτῶν
2738 4267 2837 4337 τὴν
2865 4265 3074 4335 λιθίνην
3107 4265 3171 4318 ἐκ
3194 4265 3298 4336 τῆς
3325 4265 3530 4334 σαρκὸς
3552 4265 3857 4331 αὑτῶν,καὶ

2280 4360 2437 4414 δώσω
2489 4359 2672 4422 αὐτοῖς
2725 4357 2953 4428 καρδίαν
3007 4355 3269 4426 σαρκίνην
3300 4355 3395 4408 τοῦ
3434 4357 3644 4409 εἰδέναι
3671 4355 3858 4416 αὐτοὺς

2281 4454 2399 4522 ἐμὲ,
2427 4452 2509 4504 δτι
2533 4449 2642 4518 ἐγώ
2672 4451 2788 4520 εἰμι
2818 4449 3046 4520 Κύριος.
3072 4466 3090 4500 ι
3121 4447 3346 4501 Ἐκτισε
3380 4449 3565 4503 τοίνυν
3587 4451 3616 4502 6
3635 4446 3859 4518 Χριστὸς

2281 4546 2406 4609 τοὺς
2438 4544 2532 4598 δύο
2558 4544 2720 4606 λαοὺς
2753 4544 2834 4606 εἰς
2863 4543 2960 4596 ἕνα
2989 4541 3178 4596 καινὸν
3210 4540 3504 4612 ἄνθρωπον
3547 4538 3859 4597 ἀνακαινοῦ-

2285 4654 2446 4708 μενον
2485 4636 2606 4690 κατ’
2637 4635 2822 4689 εἰκόνα
2859 4633 2956 4688 τοῦ
3009 4633 3299 4697 κτίσαντος
3332 4633 3513 4686 αὐτόν.

2361 4900 2450 4964 Ὠς
2485 4898 2550 4954 ἂν
2581 4898 2639 4954 δὲ
2673 4899 2746 4971 μὴ
2785 4897 3062 4971 ἀπιστηθῇ
3095 4896 3508 4970 μετατυγχάνον
3530 4898 3592 4950 τδ
3614 4897 3854 4968 πρᾶγμα,

2281 4996 2504 5064 Κύριον
2519 4994 2710 5048 ἑαυτὸν
2739 4995 2970 5049 ἐκάλεσε
3000 4992 3442 5064 δυνάμεωητίς
3473 4992 3534 5046 δὲ
3562 4995 3591 5047 6
3617 4992 3712 5046 τοῦ
3739 4994 3856 5046 ἀνα-

2281 5083 2564 5150 κτίζεσθαι
2593 5085 2804 5156 καιρὸς,
2831 5085 3157 5154 διεσάφησεν
3177 5083 3369 5150 εἰπὼν,
3387 5085 3470 5137 ὅτι
3515 5084 3579 5136 Ὅ
3603 5084 3854 5152 [turnips-

2282 5180 2390 5242 νός
2427 5192 2502 5232 σε
2528 5179 2714 5244 αὐτὸς
2751 5177 2896 5245 Θεὸς
2937 5178 3189 5246 Ἰσραὴλ
3225 5176 3396 5245 πάσῃ
3430 5176 3503 5245 τῇ
3537 5173 3616 5245 τῇ
3647 5173 3855 5244 κληθή-

2284 5283 2492 5322 σεται·
2541 5267 2688 5322 τοῦτ’
2726 5267 2914 5330 ἔστιν,
2965 5267 3056 5321 ὅτε
3107 5267 3343 5340 Χριστὸς
3387 5263 3739 5323 ἐϐασίλευσεν
3777 5260 3856 5315 ἐπὶ

2785 5469 2829 5502 ³⁸
2869 5465 3027 5524 Joan.
3099 5483 3177 5533 ις,
3209 5467 3262 5526 5.
3379 5471 3426 5506 ³⁷
3463 5470 3647 5525 Matth.
3682 5486 3750 5531 γ.
3781 5467 3853 5524 Ν.
3942 5495 3943 5520 ι

2337 5539 2476 5590 i‘sal.
2504 5553 2596 5606 cn,
2639 5542 2718 5596 15.
2791 5542 2835 5572 δ’
2875 5539 3032 5594 Juan.
3069 5555 3152 5602 ιιι,
3194 5541 3279 5596 l7.
3355 5543 3401 5574 “
3439 5541 3598 5596 Rom.
3635 5538 3854 5607 "tua.
