3980 6306
525 171 664 234 2529

1844 162 2193 225 PROCOPII
2230 161 2472 223 GAZEI

3636 159 3769 224 9340

528 287 740 349 tuantur,
782 291 831 337 et
883 283 1042 337 colles
1087 280 1575 347 coiituibalnmtur,
1606 294 1768 351 quam
1814 281 2101 335 misericor-

2203 276 2753 348 ταραχθήσονται.ἢ
2786 278 2851 330 τὸ
2879 277 3027 348 ἐμὸν
3053 277 3226 346 ἕλεος
3254 278 3371 334 ἀπὸ
3400 278 3522 335 σοῦ
3556 280 3773 351 κινηθή-

524 372 615 425 dia
635 389 748 427 mea
773 389 804 426 a
833 381 879 427 te
905 373 1264 428 dimoveatur.
1282 371 1437 438 Quod
1473 371 1517 427 si
1548 370 1614 426 ad
1647 371 1968 441 interpretes
2003 373 2098 426 Se-

525 475 577 533 pt
588 466 805 535 uaginta
819 464 1181 534 respicis,non
1193 464 1499 533 exemplum
1514 462 1888 526 adhibere,sed
1903 462 2098 518 docere

527 557 708 626 potius
746 570 841 610 eos
869 555 1131 626 reperias,
1177 553 1343 608 Deum
1372 553 1482 622 jam
1515 554 1641 607 inde
1669 569 1698 607 a
1740 554 1944 609 diluvio
1970 569 2094 608 cum

528 647 811 701 hominum
843 647 1082 714 peccatis
1109 661 1215 699 non
1250 646 1481 714 amplius
1503 645 1784 699 decertare
1812 644 2093 710 statuisse,

524 751 805 806 unamque
844 736 1107 791 adversus
1136 746 1326 792 omnes
1380 739 1560 790 multae
1592 737 1857 790 rationem
1911 737 2096 793 decre-

526 828 672 882 visse
699 846 713 878 :
741 842 851 896 quo
879 827 1075 883 deinde
1114 835 1357 899 tempore
1393 843 1517 882 cum
1572 828 1885 884 hominibus
1916 845 2098 885 versa-

526 931 614 972 tus
643 925 724 972 est
752 918 1023 983 Christus,
1056 933 1246 974 omnes
1286 919 1435 987 justo
1484 918 1575 974 Dei
1613 922 1824 975 calculo
1859 929 2096 975 veterem

524 1008 672 1059 illam
699 1020 935 1075 pinnam,
961 1007 1046 1059 cui
1079 1006 1279 1075 pariter
1303 1016 1457 1061 erant
1496 1009 1743 1071 obnoxii,
1790 1010 1975 1064 subire
2010 1009 2097 1064 de-

528 1098 744 1161 buisse,
783 1096 878 1151 sed
905 1096 1040 1148 iram
1080 1111 1139 1150 se
1193 1097 1247 1150 in
1285 1098 1702 1153 misericordiam
1739 1099 1901 1170 615
1946 1114 2096 1153 com-

521 1200 757 1251 mutare,
799 1197 854 1240 et
904 1201 1024 1255 qua:
1053 1201 1082 1238 a
1118 1202 1176 1241 se
1207 1186 1429 1241 delinita
1460 1188 1785 1256 decretaque
1813 1198 1959 1253 sunt,
1996 1188 2095 1242 ob-

526 1293 749 1330 servare
794 1287 847 1330 et
882 1276 1138 1330 retinere.
1188 1274 1282 1335 Est
1342 1292 1471 1331 vero
1520 1279 1668 1346 pacis
1726 1287 2094 1332 testamentum

525 1381 622 1431 per
651 1364 956 1417 Christum.
988 1362 1082 1415 Est
1116 1362 1258 1417 enim
1303 1363 1417 1432 ipse
1441 1380 1543 1434 pax
1582 1374 1767 1419 nostra
1790 1366 1837 1397 "
1875 1381 1889 1419 :
1930 1380 2092 1436 quam

526 1456 765 1521 po$tulat
796 1455 965 1509 lsaias
1011 1455 1095 1508 his
1126 1454 1308 1508 verbis
1341 1473 1354 1508 :
1391 1473 1409 1505 ι
1451 1454 1671 1509 Domine
1696 1455 1839 1510 Deus
1881 1464 2090 1521 noster,

528 1562 714 1616 pacem
758 1547 827 1599 da
875 1546 1055 1611 nobis,
1098 1546 1223 1613 quia
1257 1545 1438 1600 omnia
1471 1547 1742 1601 tradidiSIi
1793 1548 1951 1603 nobis
1968 1548 2037 1603 “.
2066 1567 2085 1601 ι

2200 386 2374 424 σεται.
2409 370 2564 422 Κατά
2601 370 2658 423 δὲ
2699 371 2824 433 τοὺς
2854 372 2930 432 0',
2962 371 3063 424 οὐκ
3098 370 3213 424 εστι
3246 372 3767 443 παραδειγματικδν,

2196 459 2344 530 δηλοῖ
2386 460 2442 513 δὲ
2479 460 2700 531 μᾶλλον,
2728 461 2803 524 ὡς
2846 462 2952 513 ἀπὸ
2980 461 3072 514 τοῦ
3103 462 3490 532 κατακλυσμοῦ
3522 465 3769 535 κέκριταὲ

2199 571 2289 625 μοι
2317 552 2391 624 μὴ
2415 555 2528 616 τοῖς
2553 553 3309 625 ἀνθρωπίνοιςφιλονεικῆσαι
3335 555 3669 625 πταίσμασι,
3683 559 3767 610 καὶ

2200 646 2327 714 μίαν
2361 645 2503 699 κατά
2551 645 2768 699 πάντων
2795 645 2973 714 ὁρίσαι
3002 646 3178 716 δίκην,
3207 646 3381 717 δηλῶν
3414 646 3490 710 ὡς
3518 647 3619 700 καὶ
3647 646 3767 699 καθ’

2196 735 2292 789 ὃνὶι
2340 736 2650 807 ἐπεδήμησε
2676 737 2888 809 χρόνον,
2920 738 3042 810 θεία
3068 739 3234 810 ψήφῳ
3273 739 3481 804 πάντας
3523 740 3638 793 εδει
3681 739 3765 811 τὴν

2196 828 2435 898 ἀρχαίαν
2480 829 2697 899 ἐκείνην
2739 830 3040 900 προστῆναι
3082 832 3261 901 δίκην.
3318 833 3430 885 Καὶ
3474 834 3590 902 γὰρ
3644 829 3767 903 ἦσαν

2196 920 2399 990 ὁμοίως
2430 920 2725 975 ὑπεύθυνοι
2744 938 2760 955 ο
2793 923 2929 976 ἀλλά
2955 923 3071 993 τὴν
3096 925 3285 995 ὀργὴν
3313 927 3611 994 μεταφέρει)
3646 926 3767 995 πρὸς

2196 1012 2392 1077 ἔλεον,
2425 1014 2515 1067 τὸν
2562 1016 2690 1086 ὅρον
2742 1015 3024 1084 φυλάττων
3065 1015 3159 1069 τὸν
3210 1014 3470 1085 ἐμαυτοῦ.
3491 1015 3556 1067 Ἦ
3585 1015 3642 1068 δὲ
3671 1014 3769 1082 τῆς

2194 1101 2437 1171 εἰρήνης
2486 1103 2761 1171 διαθήκη,
2787 1104 2877 1157 διά
2918 1104 3176 1176 Χριστοῦ.
3223 1105 3397 1167 Abeo;
3426 1104 3539 1175 γάρ
3568 1106 3764 1174 ἐστινὴ

2195 1196 2388 1266 εἰρήνη
2415 1197 2593 1268 ἡμῶν,
2624 1198 2800 1266 ἥνπερ
2840 1198 3067 1263 Ἠσαῖας
3090 1196 3255 1251 αἰτῶν
3284 1196 3388 1265 ἔφη
3412 1213 3429 1229 ⁸
3461 1216 3480 1248 ι
3522 1197 3716 1266 Κύριε,
3742 1200 3767 1249 ὁ

2194 1285 2327 1349 Θεὸς
2362 1287 2541 1357 ήμῶν,
2574 1288 2797 1358 εἰρήνην
2821 1287 2908 1350 δὸς
2937 1290 3095 1358 ἡμῖν·
3129 1290 3307 1342 πάντα
3335 1289 3445 1358 γάρ
3488 1288 3765 1347 ἀπέδωκας

2194 1378 2347 1446 ἡμῖν.
2381 1397 2400 1429 ι
2440 1379 2541 1432 Διά
2564 1378 2809 1450 Χριστοῦ
2853 1380 2959 1449 γάρ
2996 1378 3242 1455 συνήφθη
3264 1378 3362 1449 μὲν
3393 1377 3475 1448 τῷ
3518 1377 3642 1446 Θεῷ
3680 1378 3765 1429 καὶ

2198 1467 2424 1539 Πατέρι.
2457 1468 2645 1523 Ταῦτα
2674 1470 2805 1534 Θεὸς
2841 1470 3233 1539 ἐπαγγέλλεται
3260 1469 3339 1541 τῷ
3383 1469 3634 1524 θεοσεϐεῖ
3675 1485 3762 1522 πο-

2196 1557 2503 1627 λιτεύματι,
2535 1560 2563 1613 ὃ
2618 1563 2855 1632 μετέστη
2911 1562 3046 1633 πρὸς
3076 1564 3146 1614 τά
3187 1560 3337 1632 ἔθνη,
3366 1560 3478 1615 τῶν
3504 1561 3763 1615 Ἰουδαίων
3854 1550 3864 1563 ’

527 1639 630 1691 l'er
683 1638 957 1692 Christum
996 1637 1140 1690 enim
1179 1635 1287 1690 Deo
1327 1644 1378 1691 et
1405 1634 1551 1691 Patri
1601 1639 1840 1707 copulati
1879 1654 2089 1694 sumus.

2202 1653 2529 1720 μεταπεσὸν.

526 1738 702 1804 Atqth
739 1733 853 1787 haec
878 1731 1094 1803 quidem
1134 1732 1263 1796 illis,
1294 1732 1385 1802 qui
1416 1733 1479 1786 ad
1509 1733 1725 1803 pietatis
1762 1734 2068 1789 institutum
2106 1738 2331 1812 degunt,
2354 1746 2497 1815 quod
2530 1762 2559 1801 a
2594 1744 2799 1801 Judseis
2821 1746 3120 1816 neglectum
3157 1746 3226 1801 ad
3260 1756 3450 1816 gentes
3503 1747 3761 1806 transivit,

530 1829 673 1881 Deus
707 1827 820 1895 ipse
847 1825 1147 1893 pollicetur.
2346 1828 2349 1833 '
3352 1853 3359 1858 .

596 1916 783 1981 Qualis
813 1923 992 1966 autent
1017 1925 1159 1968 esset
1182 1915 1322 1984 apud
1362 1912 1579 1971 Judaeos
1612 1915 1778 1971 divini
1805 1918 1983 1973 cultus
2009 1935 2094 1973 ra-

2275 1924 2378 1979 Οἴα
2420 1923 2477 1977 δὲ
2523 1923 2656 1992 παρ’
2688 1922 2964 1988 Ἰουδαίοις
3015 1918 3084 1993 ἦν
3127 1926 3161 1994 ἡ
3204 1924 3464 1994 θεοσεϐὴς
3510 1923 3759 1983 πολιτεία,

525 2013 603 2063 tio
625 2019 812 2080 aperte
836 2009 1061 2075 indicat,
1090 2024 1212 2062 cum
1263 2009 1509 2063 Itumilcm
1540 2019 1590 2077 et
1644 2012 1941 2067 instabilem
1975 2028 2093 2068 eam

2204 2016 2523 2087 παρίστησι,
2547 2014 2842 2081 ταπεινὴν
2874 2014 2971 2068 καί
3005 2014 3422 2070 ἀκατάστατον
3460 2013 3667 2083 ταύτην
3693 2013 3762 2064 εἰ-

528 2103 779 2171 ιιιινοΗιιι,
819 2110 1075 2167 tanquam
1127 2115 1247 2169 qua:
1284 2102 1338 2154 in
1389 2116 1650 2170 corporea
1678 2105 2097 2159 circumcisione

2205 2108 2320 2160 πῶν
2340 2122 2353 2136 ·
2391 2106 2674 2176 σωματικὴ
2717 2105 2825 2175 γάρ
2853 2100 2921 2176 ἦν
2952 2105 3240 2177 περιτομὴ,
3271 2106 3365 2159 καὶ
3389 2104 3598 2158 θυσίαι.
3625 2106 3686 2157 Οί
3711 2102 3760 2168 ἐξ

530 2207 585 2246 et
625 2193 866 2245 victimis
902 2200 1234 2243 versaretur.
1270 2191 1436 2245 Erant
1466 2207 1597 2246 vero
1630 2201 1681 2245 et
1734 2203 1920 2262 gentes
1970 2194 2099 2262 ipsae

2202 2195 2371 2249 ἐθνῶν
2397 2195 2453 2248 δὲ
2483 2196 2578 2250 καὶ
2610 2198 2728 2260 ταῖς
2756 2194 2864 2251 τῶν
2898 2195 3187 2267 δαιμονίων
3214 2196 3422 2264 ἐφόδοις
3468 2197 3761 2249 εὐεπίϐατοι

530 2284 775 2345 Immites,
809 2296 928 2349 quae
967 2281 1271 2333 (lanuuinum
1295 2281 1701 2337 incursionibus
1723 2284 1871 2335 nullo
1893 2298 2094 2353 proptr--

531 2383 733 2446 gnante
774 2374 1049 2442 patebant.
1086 2370 1181 2425 Est
1225 2382 1279 2426 et
1335 2374 1636 2427 errantium
1693 2389 1789 2428 cor
1832 2375 2097 2438 instabile,

532 2468 919 2534 ebriorumque
959 2477 1128 2528 more,
1170 2464 1563 2533 cupiditatibus
1616 2467 1875 2536 agitatur,
1923 2476 1976 2520 et
2003 2482 2098 2519 va-

532 2561 704 2613 cillat.
733 2557 987 2622 Quolibet
1039 2556 1182 2608 euim
1226 2556 1420 2624 Spiritu
1491 2556 1977 2628 cireumagnntur;
2024 2566 2098 2621 et,

536 2651 681 2720 quod
733 2654 815 2701 est
869 2648 921 2700 in
956 2647 1345 2713 l'rnverbio",
1397 2648 1687 2718 rapiuntur
1741 2641 2100 2718 cupiditatum

533 2742 784 2796 turbine:
819 2739 1000 2809 qualia
1030 2740 1135 2808 pati
1153 2734 1454 2794 Jerusalem
1488 2755 1594 2793 non
1634 2740 1753 2794 sine
1778 2739 2007 2796 crimine
2030 2745 2104 2797 si-

540 2832 819 2898 gniﬁcavit
857 2830 1144 2893 Dominus,
1184 2846 1306 2883 cum
1336 2845 1453 2884 eam
1486 2830 1682 2884 anima:
1702 2846 1814 2884 sum
1838 2831 2105 2901 cupiditao
2132 2866 2175 2924 ο

532 2925 703 2987 tibus,
756 2932 1012 2991 tanquam
1078 2928 1264 2987 vento,
1320 2921 1510 2989 agitari
1566 2930 1794 2990 questus
1843 2932 1947 2978 est.
2010 2922 2107 2978 list

534 3033 663 3069 vero
690 3032 808 3084 qtue
829 3012 1025 3083 spiritu
1069 3013 1181 3082 rapi
1218 3027 1276 3066 se
1307 3011 1511 3081 patitur
1538 3014 1742 3076 anima,
1787 3014 1953 3067 etiam
1993 3030 2109 3068 om-

535 3109 665 3163 nino
707 3104 991 3161 instabilis.
1029 3102 1140 3183 Cur
1180 3114 1359 3157 autem
1396 3112 1445 3157 et
1491 3103 1885 3159 misericordem
1916 3119 1975 3159 se
1993 3104 2109 3160 fure

534 3198 724 3253 addit?
758 3195 1001 3250 l’rimum
1032 3194 1284 3269 quidem,
1336 3194 1465 3265 quia
1503 3196 1819 3251 misericors
1875 3195 1988 3264 ipse
2012 3195 2104 3251 sit.

536 3287 738 3341 Deinde
770 3301 898 3340 vero
958 3285 1084 3355 quia
1134 3284 1493 3341 consolatione
1525 3286 1641 3357 ipsa
1675 3286 1869 3339 caruit.
1903 3283 2109 3341 Deinde

533 3380 721 3443 etiam,
771 3379 896 3447 quia
934 3377 1002 3447 (si
1052 3383 1119 3430 de
1170 3378 1256 3446 pio
1293 3378 1432 3446 apud
1489 3375 1707 3433 Judaros
1777 3378 1901 3432 vitae
1953 3378 2107 3432 insti-

535 3479 653 3521 tuto
687 3483 867 3523 sermo
898 3468 989 3538 sit)
1041 3468 1301 3537 propheta
1351 3469 1555 3535 nullus,
1600 3478 1694 3522 aut
1741 3468 1887 3539 pius,
1924 3477 2106 3524 tantus

498 3569 638 3623 .est,
674 3567 732 3613 ut
778 3558 908 3612 illud
969 3574 1220 3615 revocare
1263 3569 1317 3614 et
1366 3559 1671 3614 instaurare
1708 3561 1919 3628 'queat.
1967 3559 2104 3624 Quia

533 3653 769 3721 denique
813 3652 880 3719 (si
932 3649 1000 3706 de
1044 3651 1297 3722 gentibus
1348 3652 1563 3722 agatur)
1623 3652 1791 3722 legem
1843 3653 1945 3722 ipsi
2014 3663 2108 3708 aut

537 3745 850 3814 prophetas,
876 3744 967 3812 qui
999 3758 1095 3799 eos
1128 3746 1196 3797 ad
1221 3744 1505 3814 spirituale
1556 3745 1724 3799 robur
1778 3747 2104 3814 invitarunt,

535 3834 681 3887 sicut
713 3832 993 3898 Israelita),
1032 3848 1139 3886 non
1179 3833 1413 3901 amplexi
1450 3843 1606 3887 sunt:
1638 3834 1783 3902 quod
1843 3849 1937 3901 per
1985 3851 2101 3900 eos,

537 3923 630 3991 qui
669 3923 840 3976 ultimi
880 3923 935 3976 in
962 3922 1226 3993 parabola
1257 3921 1509 3976 mercede
1543 3923 1799 3978 conducti
1839 3932 1987 3990 sunt,
2020 3926 2104 3980 in-

537 4012 754 4067 dicatur
777 4053 792 4077 ,
829 4027 953 4066 cum
986 4011 1276 4082 quaerenti,
1308 4011 1439 4081 quid
1470 4011 1581 4065 illic
1610 4020 1782 4067 totmn
1818 4012 1961 4067 diem
1989 4023 2103 4068 sta-

535 4111 659 4157 rent
692 4105 897 4170 otiosi,
927 4104 1053 4172 quia
1102 4116 1134 4156 a
1200 4102 1417 4157 nemine
1452 4103 1909 4169 conducerentur,
1938 4103 2100 4159 iidem

2202 2285 2488 2355 γεγονότες
2519 2274 2804 2341 ὑπέκεῖντο
2833 2286 3144 2353 ταπεινῶς.
3172 2287 3292 2342 Τῶν
3320 2288 3377 2341 δὲ
3404 2288 3758 2361 πλανωμένων

2206 2375 2619 2442 ἀκατάστατος
2669 2378 2703 2449 ή
2746 2377 2970 2448 καρδία,
3005 2378 3293 2448 μεθύοντος
3326 2379 3492 2449 δίκην
3524 2381 3758 2451 σειομένη

2205 2471 2319 2532 τοῖς
2362 2469 2581 2523 πάθεσι.
2609 2469 2777 2523 Παντὶ
2810 2468 2918 2541 γάρ
2949 2470 3216 2541 πνεύματι
3245 2474 3655 2543 περιφέρονται,
3678 2473 3759 2526 καὶ

2207 2556 2349 2611 κατὰ
2386 2556 2484 2627 τὴν
2530 2557 2828 2627 παροιμίαν
2847 2598 2862 2623 ,
2892 2558 3207 2629 ρεμδασμδν
3231 2560 3540 2631 ἐπιθυμιῶν
3568 2562 3757 2631 ὑπομέ-

2207 2663 2421 2713 νουσινπ
2470 2645 2498 2698 δ
2541 2647 2605 2708 δὴ
2652 2647 2928 2702 παθοῦσαν
2977 2648 3075 2725 τὴν
3136 2648 3497 2723 Ἰερουσαλὴμ
3541 2652 3757 2705 αἰτιᾶται

2209 2737 2340 2801 Θεὸς
2368 2737 2562 2806 λέγων’
2582 2738 2671 2792 Ἐν
2699 2737 3015 2808 ἐπιθυμίαις
3044 2743 3222 2811 ψυχῆς
3249 2741 3418 2811 αὐτῆς
3450 2744 3760 2811 ὲπνιυματο-

2211 2832 2448 2900 φορεῖτο.
2488 2831 3089 2901 Πνευματοφορουμένη
3126 2832 3192 2885 ’δὲ
3236 2831 3406 2903 ψυχὴ,
3438 2833 3656 2896 πάντως
3680 2831 3757 2884 καὶ

2209 2919 2641 2987 ἀκατάστατος.
2673 2922 2771 2974 Διά
2814 2921 2869 2974 τί
2914 2921 2972 2975 δὲ
3004 2921 3178 2987 ἵλεώς
3217 2936 3351 2985 σοις
3382 2924 3608 2995 Πρῶτον
3653 2924 3756 2994 μὲν,

2208 3011 2289 3064 ὅτι
2322 3011 2621 3081 οἰκτίρμων
2643 3011 2772 3077 ἐγώ.
2802 3010 3030 3066 Ἔπειτα
3055 3013 3134 3077 δὲ,
3163 3014 3245 3065 ὅτι
3270 3013 3355 3081 μὴ
3384 3016 3755 3081 παρεκλίθῃς.

2207 3101 2319 3154 Καὶ
2356 3102 2404 3153 εἰ
2457 3100 2555 3169 μὲν
2586 3103 2715 3169 περὶ
2747 3100 2838 3154 τοῦ
2870 3104 2997 3172 παρ’
3024 3102 3301 3165 Ἰουδαίοις
3353 3104 3641 3167 θεοσεϐοῦς
3676 3119 3759 3156 πο-

2207 3189 2531 3261 λιτεύματος
2557 3192 2727 3259 λέγει,
2760 3190 2948 3263 ἐπειδὴ
2985 3192 3173 3264 μηδεὶς
3204 3194 3515 3264 προφήτης,
3536 3195 3570 3263 ἢ
3599 3193 3760 3246 θεοσε-

2208 3280 2308 3349 ϐὴς
2332 3280 2606 3346 τοσοῦτος,
2625 3281 2699 3345 ὼς
2720 3282 3009 3360 ἀναλαϐεῖν
3036 3283 3212 3354 αὐτὴν
3226 3286 3319 3336 καὶ
3340 3284 3756 3353 ἀνακτήσασθαι.

2207 3375 2269 3428 Εἰ
2302 3374 2357 3427 δὲ
2390 3374 2520 3446 περὶ
2548 3374 2656 3428 τῶν
2684 3374 2879 3441 ἐθνῶν,
2915 3376 2997 3428 ὅτι
3043 3374 3118 3446 μὴ
3159 3375 3410 3447 καθάπερ
3440 3375 3661 3446 Ἰσραὴλ
3686 3374 3758 3424 νί-

2210 3482 2328 3536 μον,
2360 3465 2392 3536 ἢ
2446 3468 2729 3538 προφήτας
2771 3466 3041 3532 ὲδέξαντο,
3072 3468 3208 3539 πρὸς
3240 3467 3560 3536 ,εὐρωστίαν
3585 3466 3758 3526 αὐτοὺς

2206 3556 2656 3628 παρακαλοῦντας
2701 3558 3280 3628 πνευματικήν.”’οπερ
3326 3556 3415 3611 διά
3460 3555 3573 3609 τῶν
3615 3556 3668 3607 ὲν
3699 3554 3757 3622 τῇ

2207 3649 2490 3720 παραϐολῇ
2540 3649 2865 3702 τελευταίων
2904 3648 3284 3720 μισθωθέντων
3315 3648 3657 3718 σημαίνεται,
3688 3640 3756 3706 οἷς

2206 3741 2310 3811 ἔφη
2329 3758 2342 3773 ·
2372 3742 2437 3794 Τί
2464 3736 2565 3794 ὧδε
2595 3743 2857 3812 ἑστήκατε
2877 3739 3009 3813 ὅλην
3038 3742 3136 3813 τήν
3169 3740 3381 3814 ἡμέραν
3408 3740 3600 3811 ἀργοίς
3625 3739 3683 3791 υἰ
3708 3737 3756 3789 δὲ

2205 3832 2341 3903 πρὸς
2392 3831 2583 3884 αὐτόν·
2620 3831 2744 3884 Ὅτι
2781 3830 2968 3901 μηδεὶς
3014 3832 3163 3900 ήμᾶς
3205 3828 3573 3899 ἐμισθώσατο.
3602 3826 3754 3885 Μόνος

2202 3925 2312 3994 γὰρ
2353 3923 2548 3987 αὐτοὺς
2592 3925 2677 3976 ἐπ’
2707 3924 2951 3993 ἐσχάτων
2990 3922 3249 3976 ἐκάλεσεν
3277 3922 3305 3974 ὁ
3331 3919 3425 3974 τοῦ
3458 3916 3753 3991 ἀμπελῶνος

2203 4014 2498 4083 Δεσπότης.
2515 4010 2647 4067 Εἶτά
2677 4029 2871 4083 φησιν·
2915 4013 3070 4068 Ἰδοὺ
3099 4011 3213 4081 ἐγὼ
3241 4010 3520 4081 ἑτοιμάζοι
3541 4025 3637 4063 σοι
3665 4004 3753 4059 ἆν-

2202 4110 2389 4173 θρακα
2450 4102 2592 4169 τοὺς
2644 4105 2853 4170 λίθους
2907 4117 3045 4158 σου.
3093 4093 3316 4155 ’Δνθόῦ
3365 4103 3395 4155 δ
3442 4100 3751 4169 Σύμμπιχθς⁹

536 4197 961 4266 responderunt.
996 4195 1153 4250 Unus
1187 4195 1331 4249 enim
1371 4196 1520 4265 ipsos
1569 4200 1635 4250 ab
1689 4198 1893 4253 ultimis
1941 4206 2101 4254 terra:

2216 4197 2369 4252 Ἰδοὺ
2406 4195 2519 4264 ἐγὼ
2564 4197 2881 4263 συντίθημι
2920 4195 3114 4261 στίμει
3165 4193 3307 4259 τοὺς
3328 4193 3541 4258 λίθους
3564 4205 3688 4245 σου.
3703 4186 3752 4239 ’0

525 4276 741 4341 'tiuibus
771 4286 983 4340 vocavit
1004 4286 1174 4340 vineae
1194 4284 1475 4341 Dominus.
1504 4285 1807 4343 Deinde‘ait
1831 4287 1995 4344 :Ecce
2012 4306 2103 4360 ego

534 4380 845 4448 prazparabc
888 4377 981 4433 tibi
1017 4379 1413 4445 carbunculum,
1444 4381 1641 4449 lapides
1683 4391 1841 4450 tuos;
1874 4399 1973 4454 pro
1998 4399 2106 4453 quo

537 4467 905 4539 Symmachus
935 4486 949 4522 :
992 4466 1127 4522 Ecce
1154 4484 1246 4539 ego
1270 4484 1520 4537 compono
1554 4471 1708 4525 stibio
1739 4471 1940 4543 lapides
1968 4486 2106 4538 tuos;

535 4558 767 4628 Aquilas
787 4568 994 4622 autem,
1037 4556 1170 4611 Ecce
1200 4558 1396 4611 inclina
1438 4560 1491 4612 in
1520 4560 1679 4615 stibio
1726 4563 1925 4631 lapides
1954 4575 2106 4629 tuos;

536 4648 842 4703 Tlteodutio
873 4662 1025 4711 vero,
1078 4648 1308 4703 immitto
1337 4651 1502 4723 616
1540 4653 1593 4705 in
1618 4654 1800 4719 stibio,
1829 4655 2102 4710 dixerunt.

533 4744 607 4799 Ut
636 4742 781 4796 enim
812 4757 933 4813 qua:
957 4745 1192 4798 comitur
1218 4746 1434 4808 mulier,
1459 4745 1615 4800 stibio
1653 4746 1721 4800 ad
1759 4748 1945 4802 forma:
1981 4763 2111 4802 con-

2201 4292 2258 4345 δὲ
2289 4290 2550 4353 Ἀκύλαςο
2597 4288 2743 4343 Ἰδοὺ
2783 4288 3125 4341 κατακλίνω
3166 4286 3237 4339 ὲν
3273 4286 3470 4353 στίμει
3506 4283 3640 4346 τοὺς
3672 4282 3750 4333 ,ις’-

2202 4387 2340 4447 θους
2374 4396 2511 4434 σου.
2543 4379 2834 4432 Θεοδοτίων
2879 4378 2933 4431 δέ.
2955 4393 2971 4409 ο
3012 4376 3319 4446 Ἐμόἀλλω
3355 4378 3424 4429 ἐν
3458 4371 3749 4443 (rt/psunt

2168 4528 2171 4531 ,
2201 4472 2311 4543 γὰρ
2343 4471 2408 4525 ἂν
2439 4470 2575 4541 γυνὴ
2619 4469 3067 4539 καλλωπιζομὲνη
3099 4466 3449 4537 στιμίζοιτο·
3483 4464 3647 4525 οὕτως
3675 4461 3750 4512 εὖ·

2203 4564 2429 4635 πρεπῶς
2462 4564 2560 4632 τῆς
2592 4562 2689 4632 σῆς
2737 4561 3046 4631 οἰκοδομίας
3080 4559 3322 4627 διαθήσω
3364 4558 3507 4624 τοὺς
3541 4555 3745 4635 λίθους.

2203 4658 2430 4727 Μήποτε
2471 4655 2527 4708 δὲ
2570 4656 2598 4707 ὁ
2632 4653 2760 4724 παρ’
2791 4655 2973 4716 αὐτοῖς
3011 4651 3414 4722 Ἐὀδομήκοντα
3440 4646 3675 4716 ἆνθραξ,
3698 4643 3748 4693 τὸ

2208 4748 2504 4816 καθάρσιον
2542 4746 2835 4799 αἰνίττεται
2868 4745 2966 4814 τῆς
2996 4744 3193 4814 ψυχῆς.
3242 4744 3318 4795 Δι’
3347 4742 3616 4811 ἄνθρακος
3656 4733 3748 4803 γὰρ

532 4834 866 4889 ciliatiouem
918 4832 1125 4899 utitur,
1183 4835 1266 4889 sic
1301 4843 1354 4889 et
1386 4837 1501 4906 ipse
1526 4836 1738 4891 aedilicii
1796 4838 1873 4897 tui
1910 4838 2102 4905 lapides

2209 4837 2303 4889 καὶ
2337 4836 2559 4889 Ἡσαΐου
2592 4835 2661 4887 τὰ
2690 4833 2843 4905 χείλη
2887 4834 3217 4904 κεκάθαρτο.
3246 4832 3406 4901 Δηλοῖ
3445 4826 3540 4885 οῦν
3570 4826 3749 4900 μηδένα

532 4925 808 4992 eleganter
836 4923 1144 4994 disponam.
1204 4922 1461 4981 Fortasse
1492 4940 1618 4981 vero
1677 4926 1770 4995 qui
1818 4942 1847 4981 a
1880 4927 2109 4998 Septua-

2208 4926 2307 4995 τῆς
2332 4924 2641 4993 οἰκοδομίας
2668 4924 2843 4977 λίθον
2869 4923 3130 4993 ὑπάρξειν
3154 4921 3481 4991 ἀκάθαρτον,
3510 4916 3646 4971 κατὰ
3666 4911 3718 4965 τό
3734 4927 3747 4941 ·

532 5016 688 5086 gin‘a
746 5014 1140 5084 interpretibus
1192 5016 1550 5069 carbunculus
1608 5016 1856 5082 dicitur,
1918 5018 2102 5073 animi

2216 5034 2233 5067 ι
2275 5016 2425 5069 Λίθοι
2468 5015 2612 5081 ἅγιοι
2666 5015 2939 5069 κυλίονται
2982 5015 3075 5068 ἐπὶ
3118 5014 3216 5084 τῆς
3260 5014 3393 5084 γῆς,
3434 5032 3453 5065 s
3494 5008 3619 5081 περὶ
3660 5003 3751 5055 τῶν

535 5106 810 5175 piaculum
872 5106 1360 5176 lustratiOuemque
1421 5106 1715 5176 signiﬁcat.
1767 5106 1907 5162 Sunt
1960 5110 2103 5162 enim

534 5195 656 5267 ipsa
682 5197 845 5251 etiam
880 5194 1033 5253 Isaia:
1080 5197 1231 5251 labra
1263 5197 1503 5252 carbone
1533 5198 1748 5268 expiata
1772 5197 1839 5251 ⁸⁸.
1886 5196 2104 5252 Nullqu

2214 5108 2384 5175 ἁγίων
2410 5107 2720 5176 λεγόμενον,
2763 5105 2821 5170 ἐξ
2858 5099 2987 5177 ὦνή
3023 5105 3118 5159 τοῦ
3155 5104 3290 5159 Θεοῦ
3332 5105 3638 5163 συνίσταται
3673 5094 3752 5148 πό·

2212 5199 2316 5263 λις.
2947 5214 2951 5218 ·

604 5353 651 5388 ⁸⁸
684 5352 881 5422 prcs.
923 5367 984 5420 tt,
1019 5352 1103 5407 M.
1180 5353 1227 5385 "
1262 5353 1373 5409 lsa.
1411 5369 1560 5421 sui,
1599 5354 1685 5407 ΓΞ.
1760 5356 1800 5387 δ’
1838 5354 1965 5422 Sap.
2002 5369 2074 5415 tv,

2244 5353 2288 5384 “
2316 5350 2420 5405 Isa.
2455 5368 2532 5413 τι,
2569 5360 2621 5416 7,

1840 5468 2077 5522 νΜυΑἸ
2121 5466 2527 5520 LiiCTIOM‘IS.

602 5535 631 5575 λ
660 5535 745 5589 ίσ.
768 5536 926 5589 λείπ.
959 5533 1213 5606 Χριστός.
