3954 6308
336 194 483 263 2541

1474 178 2010 259 COMMEN‘r'Aau
2050 196 2134 258 IN
2168 196 2452 258 lSAiAM.

3466 187 3607 256 Ede

334 310 508 374 igitur
561 302 776 359 aedilicii
813 301 1041 371 lapidem
1106 303 1383 373 impurum
1418 300 1532 357 fore
1577 304 1849 371 signiﬁcat
1881 344 1895 363 .
1930 303 2084 371 juxta
2141 305 2271 359 illud
2308 324 2321 359 :
2372 323 2390 356 ι
2422 302 2655 375 Lapides
2690 304 2866 359 sancti
2922 304 3217 359 volvuntur
3279 321 3443 377 super
3501 316 3608 361 ter-

332 417 452 452 ram
483 398 529 430 "
559 413 574 463 ;
613 416 632 450 ι
677 400 820 467 quod
866 404 953 453 est.
987 399 1041 451 in
1074 405 1320 460 sanctos,
1353 412 1418 450 ex
1447 397 1648 465 quibus
1682 399 1799 465 ipsa
1834 398 1923 452 Dei
1961 399 2155 452 ci-itas
2184 407 2423 466 constat,
2454 410 2795 469 usurpatum.

410 491 565 553 Τινὲς
594 490 651 554 δὲ
680 490 788 543 τὸν
803 489 1049 557 Ἰησοῦν
1077 489 1346 558 ἄνθρακα
1368 490 1623 560 εἰρῆσθαί
1651 508 1835 560 φασιν,
1871 492 1918 544 ὃς.

2109 491 2222 546 Non
2254 495 2450 546 dcsuut
2479 502 2682 558 tamen,
2714 494 2805 562 qtti
2826 492 3138 546 carbunculi
3174 496 3395 548 nomine
3425 496 3606 548 Jesum

331 578 539 649 ἔφησεν
568 582 653 645 εις
678 581 750 633 τὰ
778 580 1021 649 θεμέλια
1047 579 1342 635 τεθεῖσθαι
1370 581 1541 645 Σιὼν,
1565 582 1644 644 si;
1673 580 1734 634 ὃν
1762 582 1815 634 εἴ
1838 599 1922 646 τις

240 734 251 740 ,
332 671 711 737 πιστεύσειεν,
744 671 804 726 οὐ
849 672 924 742 μὴ
969 672 1442 742 καταισχυνθῇ.’0
1471 672 1525 725 δὲ
1563 671 1744 742 Ἀμὼς
1791 673 1924 733 dbi-

334 783 516 838 μαντα
557 764 748 819 τοῦτον
778 763 936 818 καλεῖ
961 763 1163 832 λέγων·
1209 783 1227 815 ι
1249 764 1527 818 Ἐντάσσω
1555 763 1840 835 ἀδάμαντα
1863 768 1921 818 ὲν

333 858 493 930 μέσῳ
521 857 652 912 λαοῦ
690 874 790 927 μου
816 856 1059 929 Ἰσραήλ.
1081 874 1100 907 ι
1126 856 1399 929 Ζαχαρίας
1427 857 1484 910 δέ
1516 874 1682 926 φησιν
1701 874 1717 889 ο
1748 876 1766 908 ι
1786 858 1919 911 Ἰδοὺ

328 950 448 1018 ἐγὼ
473 951 666 1019 may»
706 950 802 1003 ἐπὶ
842 949 933 1002 τὸν
975 948 1163 1002 δοῦλόν
1208 966 1311 1018 μου
1355 949 1642 1018 ἀνατολήν.
1677 949 1755 1000 Δι’
1784 949 1866 1002 ὅτι
1894 951 1922 1003 ὁ

328 1042 482 1106 λίθος
508 1043 567 1096 ὃν
598 1043 777 1097 ἔδωκα
810 1042 916 1112 πρὸ
947 1041 1240 1114 προσώπου
1270 1040 1470 1111 Ἰησοῦ,
1503 1040 1625 1099 ἐπὶ.
1644 1041 1735 1094 τὸν
1772 1040 1922 1093 λίθον

330 1134 427 1187 τὸν
455 1133 550 1187 ἕνα
580 1134 721 1187 ἑπτὰ
759 1133 1028 1203 ὀφθαλμοί
1059 1134 1219 1186 εἰσιν.
1253 1151 1271 1185 ι
1324 1133 1719 1202 Παντεπόπτης
1749 1133 1858 1202 γὰρ
1895 1134 1923 1185 ό

325 1225 665 1295 Χριστός.⁹0
710 1226 890 1279 τοίνυν
915 1225 1165 1293 ἄνθραξ,
1211 1226 1396 1294 φασὶν,
1427 1220 1583 1289 οὗτος
1639 1225 1923 1298 ὑποϐάθρα

326 1317 433 1388 τῆς
464 1318 670 1381 πόλεως
696 1319 791 1372 καὶ
818 1320 1114 1387 θεμέλιος,
1145 1313 1189 1386 ᾧ
1214 1318 1524 1385 ἐγγίζοντες
1549 1318 1601 1370 oi
1632 1318 1921 1373 ἀπόστολοι

326 1408 428 1459 καὶ
455 1407 608 1459 αὐτοὶ
641 1407 901 1476 θεμέλιοι
930 1407 1104 1473 ὅντες,
1133 1406 1446 1479 ἐρρέθησαν
1477 1406 1798 1475 σάπφειροι
1828 1408 1921 1477 δη-

325 1498 584 1568 λούμενοι
616 1498 710 1551 καὶ
736 1499 825 1552 διὰ
858 1498 950 1551 τοῦ
982 1498 1451 1553 ἑπτακαιδεκάτου
1480 1498 1698 1569 ψαλμοῦ
1730 1498 1919 1566 λέγον-

218 1660 229 1668 ,
323 1608 444 1657 τος,
476 1593 559 1642 ὅτι
592 1608 612 1641 t
655 1590 939 1661 Ὠφθησαν
975 1593 1029 1644 αί
1065 1593 1238 1659 πηγαὶ
1268 1591 1377 1643 τῶν
1421 1591 1648 1653 ὑδάτων,
1686 1593 1780 1644 καί⁸
1823 1596 1920 1644 ἁν-

324 1681 610 1752 εκαλύφθη
655 1682 724 1734 τὰ
757 1682 985 1753 θεμέλια
1028 1684 1133 1752 τῆς
1165 1685 1495 1755 οἰκουμένης
1522 1684 1630 1737 ἀπὸ
1658 1684 1917 1754 ἐπιτιμή-

325 1772 467 1837 cedi;
499 1789 613 1839 σου,
650 1772 846 1844 Κύριε,
888 1774 998 1827 ἀπὸ
1026 1775 1380 1846 ἑμπνεύσεως
1414 1776 1722 1846 πνεύματος
1747 1776 1919 1849 ὀργῆς

2031 581 2329 649 significari
2350 583 2663 637 existiment
2690 599 2704 649 ;
2735 597 2897 652 quem
2953 582 3007 636 in
3041 581 3226 638 Sionis
3260 583 3608 648 fundamenta

2029 672 2261 739 positum
2288 688 2400 726 esse
2434 671 2613 738 dixit;
2680 672 2736 726 in
2785 687 2948 743 quem
2988 672 3034 727 si
3086 673 3212 741 quis
3245 673 3454 739 credat,
3495 689 3604 727 non

2027 762 2418 817 confundatur.
2460 761 2618 817 Hunc
2648 771 2828 817 autem
2858 770 2914 818 et
2944 765 3109 817 Amos
3140 762 3480 818 adamantem
3511 778 3608 834 ap-

1984 862 1987 867 ’
2032 858 2198 929 pellat
2231 859 2316 915 his
2341 858 2524 914 verbis
2561 879 2573 914 :
2611 859 2936 939 «Disponam
2966 860 3311 915 adamantem
3340 860 3392 914 in
3430 860 3606 917 medio

2032 953 2218 1023 populi
2255 953 2359 1007 mei
2377 950 2551 1008 -lsrael
2589 953 2659 1007 “.
2692 971 2710 1003 ι
2757 952 2895 1007 Sunt
2941 961 2994 1007 et
3025 952 3296 1022 ejusmodi
3326 952 3609 1007 Zachariae

2031 1045 2236 1099 verba:
2302 1063 2321 1096 ι
2359 1040 2525 1099 Ecce
2551 1059 2652 1115 ego
2700 1045 2910 1099 adduco
2961 1061 3127 1115 super
3160 1060 3380 1101 servum
3423 1062 3605 1101 meum

2028 1136 2318 1192 orientem.
2359 1136 2496 1204 Quia
2536 1152 2668 1192 ecce
2700 1137 2861 1207 lapis,
2892 1152 3052 1207 quem
3104 1135 3229 1191 dedi
3258 1146 3385 1191 ante
3414 1136 3606 1191 faciem

2028 1225 2354 1298 Jesu,super
2388 1228 2622 1298 lapidem
2654 1243 2819 1282 unum
2868 1239 3073 1297 septem
3128 1228 3274 1283 oculi
3313 1237 3441 1282 sunt
3472 1228 3538 1281 “.
3581 1247 3600 1279 ι

2029 1318 2128 1374 Est
2160 1318 2307 1373 enim
2340 1319 2587 1373 omnium
2637 1319 2919 1390 inspector
2970 1328 3024 1374 ct
3076 1320 3285 1375 arbiter
3330 1319 3604 1375 Christus.

2029 1410 2125 1465 Est
2155 1410 2343 1483 igitur,
2372 1410 2551 1473 aiunt,
2585 1409 2940 1463 carbunculus
3000 1410 3110 1477 hic,
3168 1417 3427 1480 tauquam
3455 1412 3606 1464 urbis
3655 1432 3679 1467 ’κ

2029 1500 2264 1556 fulcrum
2295 1509 2348 1556 et
2375 1500 2819 1569 fundamentum;
2851 1507 2981 1556 sunt
3011 1509 3065 1556 ct
3122 1500 3250 1555 huic
3278 1501 3441 1555 vicini
3470 1516 3605 1571 apo-

2028 1596 2153 1652 stoli
2182 1595 2531 1664 fundamenta
2557 1595 2725 1649 altera
2750 1595 3122 1664 sapphirorum
3155 1596 3376 1650 nomine
3399 1596 3609 1665 signilio

2028 1689 2171 1753 cati;
2215 1687 2336 1756 ipso
2367 1688 2529 1741 etiam
2566 1686 2904 1757 suffragante
2937 1689 3147 1756 p~almo
3198 1688 3410 1742 decium
3437 1688 3606 1757 ενι)ιί-

2029 1794 2119 1832 mo
2148 1778 2233 1832 liis
2265 1777 2487 1833 verbis:
2531 1797 2550 1829 ι
2588 1778 2979 1848 Apparueruut
3007 1776 3188 1832 fontes
3218 1792 3503 1848 aquarum,
3552 1786 3608 1831 et

328 1881 448 1918 σου.
477 1883 497 1916 ι
528 1864 999 1935 Ἐπιτιμηθέντων
1048 1867 1158 1935 γὰρ
1205 1868 1312 1920 τῶν
1362 1865 1422 1931 ἐξ
1450 1868 1672 1940 Ἰσραὴλ
1716 1868 1803 1921 διὰ
1852 1869 1918 1922 τὰ

2027 1870 2266 1925 revelata
2297 1879 2429 1924 sunt
2462 1869 2820 1925 fundamenta
2872 1870 3022 1925 orbis
3058 1878 3351 1932 terrarum,
3401 1873 3468 1923 ah
3521 1869 3608 1923 in-

322 1956 666 2027 τολμηθέντα
713 1959 856 2012 κατὰ
901 1957 1161 2030 Χριστοῦ,
1209 1956 1367 2029 ὤφθη
1408 1958 1507 2029 μὲν
1547 1963 1581 2030 ἡ
1628 1959 1697 2012 δι’
1729 1959 1918 2024 ὓδατος

323 2047 600 2119 κάθαρσις
621 2064 636 2079 ο
681 2049 1074 2122 ἀνεδείχθησαν
1110 2049 1166 2103 δὲ
1198 2051 1293 2104 καὶ
1321 2051 1415 2104 τοῦ
1445 2051 1700 2121 Σωτῆρος
1727 2053 1776 2104 oi
1811 2069 1917 2122 μα⁸

322 2138 513 2211 θηται.
528 2142 636 2194 Καὶ
667 2142 717 2194 oi
746 2144 1021 2213 προφῆται
1042 2142 1098 2195 δὲ
1124 2142 1398 2212 θεμέλιος
1416 2142 1683 2212 λέγονται,
1702 2143 1917 2197 Παύλου

324 2234 580 2303 λέγοντος
602 2252 614 2265 ·
650 2255 669 2287 ι
699 2236 1248 2307 Ἐποικοδομηθέντες
1297 2238 1389 2291 ἐπὶ
1414 2237 1492 2309 τῷ
1540 2237 1779 2310 θεμελίῳ
1809 2236 1919 2292 τῶν

323 2324 642 2379 ἀποστόλων
672 2328 763 2380 καὶ
783 2326 1135 2398 προφητῶν.»
1157 2328 1221 2380 Ἡ
1238 2327 1295 2381 δὲ
1310 2328 1644 2397 σάπφειρος
1671 2329 1919 2398 οὐράνιον
1967 2347 1973 2352 ·

325 2414 446 2485 ἔχει
475 2416 535 2468 τὸ
559 2416 779 2488 χρῶμα.
820 2419 931 2473 Καὶ
977 2416 1186 2471 τούτων
1215 2417 1273 2471 δὲ
1309 2418 1372 2470 τὸ
1421 2418 1747 2487 πολίτευμα,
1780 2419 1921 2471 κατὰ

326 2505 423 2558 τὸν
458 2507 799 2574 Ἀπόστο).ον,
830 2511 888 2563 ὲν
935 2509 1189 2581 οὐρανοῖς
1240 2511 1497 2581 ὑπάρχει.
1528 2510 1687 2564 Κατὰ
1726 2510 1782 2562 δὲ
1828 2510 1921 2565 τὸν

341 2594 626 2665 Ἰεζεκιὴλ,
660 2599 753 2651 καὶ⁵
798 2600 826 2652 ὁ
856 2599 1021 2662 τόπος
1064 2601 1092 2653 ό
1142 2600 1404 2654 ὑποκάτω
1444 2599 1539 2652 τοῦ
1585 2599 1776 2670 θρόνου
1825 2597 1919 2652 τοῦ

322 2688 468 2742 Θεοῦ
497 2690 572 2754 ὡς
606 2692 930 2764 σάπφειρος.
958 2692 1116 2746 Οῦτω
1143 2694 1325 2746 τοίνυν
1368 2692 1587 2763 εἴρηται
1621 2692 1708 2746 διὰ
1733 2693 1794 2746 τὸ
1821 2693 1921 2764 τὴν

327 2780 517 2833 εἰκόνα
560 2782 653 2834 τοῦ
702 2783 1027 2854 ἐπουρανίου
1073 2783 1633 2853 φορείν.”ᾼνθριικες
1679 2784 1736 2837 δὲ
1786 2783 1922 2837 καθ’

326 2869 526 2940 ἑτέραν
559 2873 722 2940 φασὶν
754 2873 986 2944 ἐκδοχὴν
1015 2873 1065 2926 oi
1093 2873 1432 2943 κοσμοῦντες
1461 2875 1620 2928 λίθοι
1649 2873 1839 2945 ὥσπερ
1865 2875 1921 2927 ἐν

325 2960 527 3027 στΙμει
564 2962 691 3026 τοὺς
729 2961 831 3031 τῆς
869 2961 1109 3033 Νύμφης
1136 2962 1232 3015 τοῦ
1259 2962 1499 3033 Χριστοῦ
1527 2962 1842 3033 ὀφθαλμοὺς
1871 2964 1921 3016 oi

330 3049 480 3119 ἅγιοι
522 3054 797 3125 μάρτυρες
831 3054 923 3107 διὰ
964 3055 1134 3126 πυρὸς
1169 3053 1637 3126 δεδοκιμασμένοι.

2022 1964 2339 2029 crepatione
2373 1969 2483 2025 tua,
2536 1960 2807 2026 Domine,’
2842 1960 2911 2014 ab
2967 1961 3330 2029 inspiratione
3380 1962 3607 2031 spiritus

2022 2053 2116 2107 ine
2148 2061 2255 2108 tute
2284 2055 2350 2109 ".
2391 2072 2410 2105 ι
2456 2055 2760 2124 increpatis
2784 2056 2927 2108 enim
2954 2054 3158 2109 Judmis
3182 2056 3254 2111 ob
3291 2070 3375 2119 ea,
3409 2058 3604 2124 qua-in

2021 2145 2301 2201 Christum
2338 2145 2455 2199 ausi
2486 2155 2636 2207 sunt,
2670 2145 2787 2216 ipsa
2810 2153 2980 2209 certe,
3011 2164 3131 2216 qnzc
3156 2163 3254 2217 per
3274 2163 3469 2218 aquam
3497 2164 3604 2214 est,

2024 2233 2280 2289 lustratio
2312 2235 2586 2304 apparuit.
2614 2235 3000 2305 Apparueruut
3020 2247 3069 2290 et
3093 2237 3195 2306 ipsi
3228 2254 3447 2308 quoque
3488 2238 3606 2294 Sal-

2022 2327 2231 2383 vatoris
2287 2329 2543 2397 apostoli.
2602 2326 2872 2382 Dicuntur
2953 2343 3083 2383 vero
3143 2336 3197 2383 et
3256 2329 3606 2400 fundamenta

2026 2420 2329 2489 pmphetre,
2371 2418 2543 2474 Paulo
2578 2428 2719 2475 teste
2749 2460 2763 2484 ,
2808 2421 2901 2490 qui
2935 2420 3207 2490 Ephesios
3242 2439 3410 2493 super
3470 2440 3604 2495 apo-

2024 2511 2293 2564 stolorum
2321 2519 2375 2564 et
2411 2514 2806 2581 prophetarum
2842 2511 3264 2569 fundamentum
3299 2530 3608 2586 superstru-

2022 2607 2143 2652 ctns
2177 2613 2297 2652 esse
2329 2598 2524 2653 scribit
2550 2599 2615 2652 ⁸³.
2646 2597 2745 2653 Est
2791 2615 2989 2654 rursus
3021 2609 3075 2655 et
3135 2603 3381 2659 cmlestis
3404 2606 3608 2660 coloris

2023 2687 2301 2757 sappltirus
2328 2706 2346 2753 ,-
2369 2704 2479 2757 quo
2503 2689 2735 2743 istorum
2755 2692 3127 2758 conversatio,
3146 2692 3337 2747 eodem
3357 2703 3604 2761 aur-tor:-,

2025 2781 2077 2835 in
2107 2782 2262 2835 caelis
2296 2797 2416 2836 esse
2449 2781 2793 2853 signiﬁcatur
2820 2782 2885 2836 “.
2924 2785 3016 2839 Est
3070 2784 3310 2855 denique
3362 2797 3415 2842 et
3462 2791 3604 2858 apud

2024 2872 2390 2938 Ezerliieletn,
2423 2874 2751 2929 suhthrono
2778 2876 2904 2941 Dei,
2949 2876 3102 2932 locus
3163 2883 3424 2945 tanquam
3482 2894 3608 2948 sap-

2028 2964 2219 3030 phirus
2271 2967 2338 3019 ⁸³.
2362 2963 2453 3019 Sic
2485 2965 2675 3036 igitur,
2706 2968 2854 3036 quod
2887 2967 3127 3021 ccelcstis
3158 2967 3448 3037 imaginem
3478 2986 3607 3038 por-

2026 3062 2125 3120 tet,
2168 3056 2498 3126 appellatur.
2534 3055 2865 3111 Carbunculi
2892 3073 3024 3112 vero
3058 3058 3163 3111 alia
3219 3060 3383 3127 etiam
3419 3075 3610 3129 act-ep-

329 3147 485 3201 tione
507 3150 766 3203 dicuntur
798 3149 1031 3203 adhibiti
1051 3149 1116 3203 ad
1153 3145 1341 3204 formai
1369 3149 1833 3210 conciliationem.
1854 3148 2055 3217 lapides
2081 3149 2290 3207 Christi
2313 3149 2541 3221 Sponsae
2564 3151 2756 3221 oculos
2786 3159 3048 3222 tanquam
3075 3152 3233 3207 stibio
3262 3153 3425 3225 617
3446 3154 3610 3209 deco-

334 3249 543 3305 rantes,
570 3241 747 3295 sancti
776 3240 881 3310 ipsi
911 3256 1008 3311 per
1028 3241 1209 3311 ignem
1244 3239 1454 3308 probati
1484 3249 1775 3309 martyres.

403 3329 469 3382 Ai
496 3329 553 3383 δὲ
587 3329 689 3400 τῆς
718 3329 848 3394 νέας
888 3330 1250 3400 Ἰερουσαλὴμ
1283 3328 1574 3396 ἐπάλξεις
1615 3330 1846 3396 ἴασπις,
1885 3331 1918 3398 ἡ

2106 3330 2249 3385 Sunt
2302 3345 2466 3400 porro
2507 3329 2748 3384 recentis
2807 3328 3115 3385 Jerusalem
3167 3331 3603 3399 propugnacula,

331 3423 735 3494 ηφχηδόνιος
777 3425 922 3480 κατὰ
970 3424 1268 3496 Σύμμαχον
1318 3425 1623 3492 ἐξαίρετος
1661 3424 1759 3480 καὶ
1791 3423 1918 3479 δια-

2022 3424 2213 3495 jaspis,
2252 3432 2344 3476 aut
2395 3420 2777 3476 carcltedom'us
2813 3422 3039 3476 eximius
3093 3433 3143 3476 et
3183 3426 3508 3492 perspicuus.
3549 3434 3610 3476 ut

329 3516 554 3586 φανής.
587 3518 673 3570 Δι’
701 3510 779 3572 ὧν
800 3519 851 3573 oi
884 3520 943 3572 ὲν
981 3520 1048 3590 τῇ
1092 3516 1393 3589 Ἐκκλησία
1444 3516 1804 3587 σημαίνονται
1833 3516 1918 3569 λο-

2025 3516 2392 3588 Symmachus
2425 3515 2825 3585 interpretatur
2852 3531 2865 3568 :
2903 3514 3105 3584 quibus
3131 3515 3166 3569 ii
3198 3516 3602 3586 significantur,

331 3611 465 3679 γικῇ
493 3613 815 3682 παρασκευῇ
844 3611 942 3680 τὴν
970 3611 1155 3664 πίστιν
1174 3609 1550 3682 ὠχυρωμένοι,
1572 3609 1763 3680 ὥσπερ
1787 3626 1918 3680 προ-

2023 3612 2114 3679 qui
2165 3609 2325 3664 ﬁdem
2378 3609 2436 3662 in
2487 3607 2741 3663 Ecclesia
2798 3609 3075 3664 sermonis
3130 3617 3395 3678 apparatu
3444 3611 3603 3664 tutati

337 3699 590 3769 μαχῶνες
614 3700 765 3766 ὄντες
784 3701 881 3755 καὶ
911 3701 1200 3772 δυνάμενοι
1234 3704 1343 3755 πᾶν
1383 3700 1588 3772 ὕψωμα
1631 3701 1918 3772 καθαιρεῖν

2022 3711 2175 3765 sunt,
2206 3716 2332 3755 cum
2357 3708 2546 3755 essent
2575 3700 2746 3754 veluti
2788 3700 3224 3770 propugnacula,
3262 3710 3601 3772 possemque

334 3792 702 3864 ἐπαιρόμενον
757 3795 898 3849 κατά
923 3795 1023 3864 τῆς
1075 3797 1331 3862 γνώσεως
1359 3794 1454 3848 τοῦ
1478 3794 1636 3849 Θεοῦ.
1701 3794 1814 3861 Τὰς
1859 3794 1918 3850 δὲ

2022 3808 2184 3848 omne
2213 3791 2356 3861 quod
2410 3807 2533 3847 sese
2572 3800 2765 3847 contra
2798 3790 2895 3845 Dei
2931 3790 3263 3861 agnitionem
3293 3794 3602 3859 attollebat,

331 3882 535 3949 πύλας
575 3885 788 3952 λίθους
816 3885 1208 3954 κρυστάλλου
1251 3888 1423 3958 φησὶ,
1457 3886 1518 3939 τὸ
1567 3885 1789 3955 διαυγὲς
1825 3888 1917 3941 καὶ

2022 3885 2279 3957 dejicere.
2313 3881 2471 3950 Quod
2505 3880 2705 3937 deinde
2763 3890 2946 3950 portas
2987 3880 3220 3935 cristalli
3267 3882 3471 3951 lapides
3500 3884 3602 3937 ad-

332 3977 577 4048 καθαρδν
611 3980 710 4050 τῆς
763 3980 951 4050 ὑγιοῦς
986 3980 1223 4044 πίστεως
1269 3980 1556 4050 παριστῶν
1598 3980 1706 4035 τῶν
1750 3999 1915 4036 πεπι-

330 4072 646 4140 στευμένων
693 4073 794 4142 τὴν
843 4072 1195 4129 διδασκαλίαν
1225 4074 1325 4144 τὴν
1383 4073 1608 4144 πρώτην
1663 4074 1756 4127 καὶ
1801 4075 1916 4127 είσ-

331 4161 637 4231 αγωγικήν.
683 4161 744 4215 '0
764 4161 820 4215 δὲ
854 4162 1169 4235 Σύμμαχος,
1199 4163 1307 4231 τὰς
1345 4167 1547 4230 πύλας
1572 4182 1711 4230 σου,
1756 4167 1912 4242 φησὶ,

326 4254 540 4321 λίθους
566 4254 829 4325 γλυφῆς.
878 4255 936 4310 '0
978 4256 1037 4311 δὲ
1084 4257 1338 4323 Ἀκύλας,
1374 4259 1594 4324 Λίθους
1636 4271 1916 4327 τρυπανι-

327 4348 489 4413 σμοῦ
513 4348 573 4402 τὸ
602 4349 847 4402 ποικίλον
867 4350 967 4420 τῆς
1005 4350 1379 4421 στοιχειώδους
1431 4350 1781 4413 διδασκαλίας
1809 4346 1914 4406 ὧδέ

330 4455 449 4501 πως
483 4439 872 4511 αἰνιττόμενος.
910 4440 1217 4495 Ἔκλεκτοί
1245 4440 1302 4494 δὲ
1333 4442 1512 4503 λίθοι,
1550 4441 1737 4511 φησὶν,
1766 4444 1794 4493 ό
1816 4458 1914 4494 πε-

333 4528 540 4600 ρίϐολος
572 4530 855 4601 σημαίνων
889 4532 1014 4596 τοὺς
1044 4534 1166 4596 ταῖς
1202 4532 1389 4602 εὐχαῖς
1440 4520 1912 4604 περιφράττοντας

326 4610 645 4690 τάμεγάλα
678 4622 775 4676 καλ⁵
815 4621 1048 4694 λαμπρὰ
1090 4623 1192 4694 τῆς
1238 4624 1447 4686 πόλεως
1477 4623 1908 4694 οἰκοδομήματα,

328 4711 397 4765 τὰ
420 4711 600 4784 πλήθη
629 4712 738 4768 τῶν
771 4712 976 4769 λοιπῶν
1002 4714 1304 4787 οἰκητόρων
1337 4714 1691 4787 σημαίνοντα.
1725 4714 1913 4771 Ταῦτα
1938 4696 1992 4755 Ῑ)

328 4805 386 4859 δὲ
415 4805 596 4859 πάντα
625 4808 914 4878 νοήσωμεν
936 4806 995 4874 ἐξ
1018 4808 1319 4877 ἑρμηνείας
1336 4806 1703 4877 ἁποειτολικῆς
1728 4806 1919 4875 λεγούη

331 4909 466 4967 σης·
505 4915 525 4949 ‹
560 4896 697 4950 Θεοῦ
740 4898 996 4971 οἰκοδομή
1051 4900 1198 4953 ἐστε.
1248 4897 1337 4964 Ὠς
1377 4900 1538 4968 σοφὸς
1579 4896 1919 4969 ἁρχιτέκτων

331 4987 582 5058 θεμέλιον
613 4987 810 5059 ἔθηκα.
851 5008 872 5043 ι
906 4990 1020 5044 Καὶ
1067 4989 1231 5043 πάλιν
1256 5008 1271 5021 ο
1310 5008 1328 5040 ι
1367 4988 1631 5059 Θεμέλιον
1679 4987 1789 5060 γὰρ
1826 4986 1921 5041 ἅλ-

325 5070 419 5134 λον
445 5080 620 5145 οὐδεὶς
650 5080 877 5136 δύναται
899 5081 1075 5136 θεῖναι
1109 5081 1261 5148 παρὰ
1279 5081 1369 5134 τὸν
1396 5080 1671 5152 κείμενον,
1690 5082 1748 5145 ὃς
1770 5080 1918 5135 ἐστιν

341 5172 551 5245 Ἰησοῦς
585 5174 842 5246 Χριστός.
873 5174 1010 5227 Είδὲ
1034 5191 1117 5237 τις
1144 5173 1487 5243 ἐποικοδομεῖ
1514 5173 1609 5225 ἐπὶ
1632 5173 1723 5225 τὸν
1752 5172 1917 5241 θεμέ-

326 5265 443 5322 λιον
475 5266 689 5329 τοῦτον,
711 5266 959 5338 χρυσίον,
981 5266 1268 5339 ἀργύριον,
1294 5261 1477 5329 λίθους
1506 5265 1742 5335 τιμίους,
1765 5264 1919 5332 ξύλα,

333 5363 544 5432 χόςπον,
572 5359 847 5431 καλάμην,
876 5360 1109 5415 ἑκάστου
1143 5357 1205 5411 τὸ
1234 5357 1394 5428 ἔργον
1420 5358 1653 5431 φανερὸν
1683 5359 1911 5430 γενήσε-

403 5558 450 5589 ³⁹
483 5555 716 5612 Zachar.
755 5574 829 5618 ix,
876 5556 959 5613 16.
1037 5556 1083 5588 ⁸ο
1116 5555 1283 5610 Amos
1315 5569 1413 5615 vu.
1449 5554 1502 5609 8.
1581 5557 1622 5588 σί
1648 5554 1884 5609 Zachar.
1910 5570 1992 5611 ιιι.
2026 5554 2156 5623 8,9.

328 5622 381 5662 “
411 5625 650 5699 Philipp.
685 5644 769 5692 ιιι,
811 5628 898 5682 20.
978 5626 1025 5660 ⁸³
1050 5626 1249 5683 Ezcch.
1286 5642 1321 5692 ι,
1354 5627 1444 5679 26.
1524 5627 1568 5659 ⁵⁵
1609 5626 1627 5680 1
1663 5630 1792 5683 (lor.
1829 5641 1907 5695 tu,
1942 5624 2027 5680 10.

2013 3977 2157 4051 jicit,
2203 3983 2366 4033 recta:
2416 3974 2539 4030 fidei
2588 3975 2773 4029 lucem
2826 3982 2880 4030 et
2915 3974 3209 4044 puritatem
3250 3973 3479 4041 indicat,
3525 3976 3600 4029 ita

2017 4070 2248 4142 primam
2273 4082 2487 4132 eorum,
2521 4066 2614 4137 qui
2650 4065 3027 4128 crediderunt,
3069 4066 3437 4134 disciplinam,
3481 4068 3596 4136 pri—

2017 4176 2275 4232 mumque
2300 4158 2667 4217 institutionis
2707 4157 2915 4213 aditum
2949 4158 3287 4227 significans.
3329 4158 3396 4212 At
3431 4160 3596 4229 Sym-

2018 4256 2250 4311 machus
2274 4264 2459 4325 portat
2492 4262 2635 4316 tuas,
2670 4251 2873 4319 lapides
2907 4253 3196 4323 sculptura»
3217 4250 3353 4306 dicit
3380 4267 3394 4315 ;
3425 4251 3594 4321 Aqui-

2017 4349 2099 4405 las
2126 4357 2333 4410 autem,
2360 4345 2735 4400 terebrationis
2766 4360 2785 4408 ;
2818 4352 2879 4399 ut
2912 4343 2986 4398 ita
3002 4343 3355 4399 clementaris
3387 4343 3596 4398 doctri-

2016 4456 2098 4496 na:
2138 4440 2379 4495 varietas
2414 4435 2823 4509 quodammodo
2869 4435 3248 4491 admnhretur.
3300 4435 3441 4491 Sunt
3471 4452 3599 4493 vero

2015 4548 2207 4588 murus
2257 4531 2460 4601 lapides
2504 4529 2680 4593 electi,
2725 4528 2938 4599 inquit;
2969 4528 3005 4583 ii
3037 4528 3139 4598 ipsi
3177 4528 3463 4594 nimirum,
3500 4530 3596 4600 qui

2017 4622 2271 4692 precibus
2316 4633 2511 4691 magna
2542 4625 2596 4675 et
2626 4618 2888 4690 praeclara
2929 4618 3086 4673 urbis
3116 4617 3370 4684 aedilicia,
3424 4619 3477 4673 id
3512 4629 3597 4675 est

2020 4714 2357 4783 reliquorum
2408 4712 2609 4767 civium
2658 4709 3071 4765 multitudinem
3111 4711 3377 4781 obtegunt
3420 4729 3434 4765 :
3476 4727 3598 4781 quae

2015 4805 2202 4861 omnia
2238 4805 2321 4859 vel
2356 4803 2586 4882 docente
2615 4800 2879 4873 Apostolo
2925 4803 3051 4858 licet
3096 4803 3421 4875 intelligere.
3470 4820 3597 4860 cum

2018 4894 2095 4947 ait
2139 4911 2151 4948 :
2188 4912 2207 4944 ι
2240 4891 2336 4946 Dei
2382 4889 2677 4946 aedificatio
2720 4892 2877 4953 estis,
2916 4897 2976 4943 ut
3009 4890 3228 4960 sapiens
3260 4893 3597 4947 architectus

2018 4981 2439 5040 fundamentum
2468 4981 2625 5052 posui
2655 4981 2724 5036 “.
2760 4999 2780 5032 ι
2812 4980 2878 5036 Ει
2901 4998 3119 5037 rursum
3153 5002 3167 5037 :
3195 5000 3213 5033 ι
3242 4981 3596 5049 Fundamen—

2018 5088 2133 5133 tum
2182 5077 2328 5133 enim
2375 5076 2525 5133 aliud
2578 5091 2739 5132 nemo
2774 5085 2955 5147 potest
3006 5094 3228 5149 ponere,
3296 5089 3495 5149 praeter
3541 5083 3596 5136 id

2020 5171 2164 5242 quod
2192 5172 2434 5241 positum
2462 5178 2567 5234 est,
2593 5170 2735 5241 quod
2778 5179 2863 5225 est
2892 5169 3056 5225 Jesus
3080 5170 3356 5228 Christus.
3394 5172 3449 5227 Si
3474 5176 3599 5244 quis

2031 5273 2213 5318 autem
2248 5261 2647 5332 superaediiicat
2690 5277 2856 5332 super
2905 5261 3321 5318 fundamentum
3348 5265 3471 5327 hoc,
3500 5282 3598 5321 au-

2022 5370 2169 5420 rum,
2212 5353 2424 5424 lapides
2471 5353 2769 5423 pretiosos,
2825 5353 2999 5424 ligna,
3049 5352 3253 5421 fenum,
3299 5358 3598 5429 stipulam,

2270 5553 2647 5623 "Psai.,xvu,
2684 5552 2771 5620 16,
2839 5552 2927 5608 17.
3040 5553 3086 5585 ⁸³
3148 5552 3350 5625 Epltes.
3397 5572 3454 5624 ιι,
3490 5556 3599 5636 ‘20.
3637 5601 3641 5605 .
