3980 6306
336 372 483 442 2545

1465 387 1993 451 ΟΟΜΜΕΝἝΑΒῘΙ
2031 391 2113 451 IN
2154 392 2437 454 ISAIAM.

3392 339 3394 342 ’
3440 388 3583 452 2546

342 481 481 553 πρὸς
533 481 627 539 τὸν
670 483 911 555 Πατέρα,
967 485 1016 539 εί
1066 486 1144 557 μὴ
1188 486 1253 541 δι’
1309 487 1464 559 ἐμοῦ.
1505 509 1523 541 ι
1568 490 1675 545 Καὶ
1719 490 1910 545 πάλιν·

2020 491 2383 549 admittebant
2421 515 2432 550 :
2475 493 2617 564 quod
2661 510 2753 564 per
2800 511 2857 549 se
2905 502 3087 550 tamen
3145 491 3312 549 ctiam
3374 493 3581 547 factum

348 592 368 625 ι
417 574 560 643 Ἑγὼ
585 575 701 646 ειμι
730 577 763 647 ή
797 576 935 641 ὁδός.
978 597 998 630 ι
1022 578 1152 645 Καὶ,
1189 597 1207 631 ι
1248 579 1390 650 Ἐγώ
1420 583 1536 653 εἰμι
1563 584 1597 653 ii
1630 581 1793 654 θύρα.
1832 601 1853 634 s

2018 598 2141 640 csse
2165 587 2386 641 asserit.
2416 584 2513 641 Est
2550 599 2788 656 namque
2825 585 2994 657 619
3017 585 3276 642 omnium.
3297 600 3392 656 per
3417 584 3583 638 Chri-

342 675 492 729 stum
520 668 835 737 conversio,
864 679 920 726 ct
939 686 1032 740 per
1051 673 1300 731 eumdem
1326 676 1394 730 ad
1427 674 1666 745 Patrem,
1700 687 1756 734 et
1777 677 1946 734 Deum
1964 676 2072 731 via.
2111 696 2130 731 ι
2171 679 2340 736 Nemo
2368 681 2536 746 enim,
2566 680 2766 751 inquit,
2790 682 2939 736 venit
2957 681 3023 735 ad
3039 679 3254 735 Patrem
3313 679 3423 735 nisi
3486 695 3584 748 per

346 779 435 820 me
467 764 532 819 ".
577 785 597 817 ι
633 764 697 819 Ει
727 781 959 822 rursus:
995 785 1016 820 ι
1049 767 1162 839 Ego
1177 785 1298 825 sum
1329 770 1415 825 via
1447 771 1514 826 ".
1553 791 1572 824 ι
1602 771 1667 827 Et
1698 791 1711 827 :
1745 789 1768 825 ι
1797 771 1910 843 Ego

2022 786 2070 826 tn
2090 772 2260 843 ianua
2292 775 2360 832 ⁷⁸.
2401 794 2421 828 ι

418 858 575 922 Τινὲς
600 859 657 913 δὲ
686 865 1110 943 προσηλύτσυς
1138 866 1394 936 εἰρήκασι
1432 868 1558 932 τοὺς
1588 868 1648 922 οὐ
1676 869 1917 940 γνησίως

340 950 468 1004 οὐδὲ
500 950 757 1023 καθαρῶς
811 954 1156 1025 προσιόντας,
1192 956 1328 1012 ἀλλὰ
1345 960 1682 1030 προστασίας
1711 962 1745 1032 ἦ
1772 977 1917 1025 τινος

342 1041 508 1111 χάριν
529 1041 818 1109 ὡφελείας.
848 1042 957 1106 Οὓς
992 1045 1090 1097 καὶ
1117 1046 1537 1116 παροικήσειν,
1557 1047 1671 1102 ἀλλ’
1693 1050 1755 1102 οὐ
1782 1065 1916 1102 κατ-

341 1133 593 1202 οικήσειν
619 1134 804 1204 φησίν.
855 1134 943 1199 Ὧς
973 1136 1030 1187 ἐν
1056 1137 1275 1208 παρόδῳ
1301 1138 1413 1208 γὰρ
1446 1139 1496 1192 οί
1526 1139 1756 1193 τοιοῦτοι
1791 1156 1914 1193 ’ποι⁶

339 1222 534 1278 οῦνται
557 1225 657 1295 τὴν
688 1226 913 1293 εἴσοδον,
954 1229 1120 1283 οἱονεὶ
1142 1230 1278 1301 αὐτῇ
1314 1232 1767 1303 προσφεύγοντες.
1794 1231 1914 1302 Ἐφ’

339 1310 428 1379 οἷς
453 1332 649 1383 φησιν’
688 1317 840 1375 Ἰδοὺ
870 1320 983 1389 ἐγὼ
1019 1320 1188 1382 κτίζω
1226 1338 1322 1390 σε,
1357 1325 1472 1394 οὐχ
1526 1325 1608 1390 ὡς
1650 1324 1915 1393 χαλκεὺς

337 1405 561 1474 φυσῶν
601 1407 925 1478 ἄνθρακας.
991 1410 1136 1481 Ἐγώ
1187 1429 1269 1466 σοι
1304 1413 1480 1468 ταῦτα
1539 1416 1678 1469 ποιῶ
1712 1415 1912 1484 λέγων,

336 1496 532 1568 ἐπειδὴ
558 1498 653 1553 καὶ
680 1498 791 1568 ἐγώ
820 1516 915 1555 σου
943 1502 1214 1571 κτίστης.
1240 1504 1447 1574 Μωσῆς
1496 1505 1598 1576 μὲν
1645 1506 1776 1576 γὰρ,
1818 1505 1915 1559 καὶ

336 1587 616 1657 Σολομῶν,
647 1590 740 1671 καὶ
768 1591 1092 1662 Ζοροϐάϐελ,
1135 1595 1428 1664 σωματικὰ
1449 1596 1545 1649 καὶ
1567 1596 1913 1668 ὀλιγοχρόνια

336 1677 562 1732 ἐποίουν
585 1695 602 1711 ·
642 1681 672 1733 ὁ
707 1682 807 1752 μὲν
834 1685 1063 1757 σκηνὴν,
1113 1686 1162 1739 οί
1197 1685 1257 1739 δὲ
1289 1685 1446 1750 νεώς.
1490 1687 1607 1741 Νῦν
1650 1687 1707 1742 δὲ
1752 1687 1915 1753 αὐτὸς

336 1768 459 1837 ἐγὼ
479 1771 507 1824 ό
534 1770 641 1824 τῶν
668 1770 805 1826 ὅλων
833 1774 1056 1846 Κύριος,
1083 1776 1150 1831 δι’
1176 1778 1417 1849 ἐμαυτοῦ
1451 1796 1511 1833 σε
1539 1779 1753 1836 ἔκτισα
1770 1795 1786 1810 ·
1821 1780 1914 1833 ἐπὶ

334 1860 442 1931 τῆν
480 1862 686 1934 πέτραν
713 1865 1075 1938 οἰκοδομήσας
1111 1886 1212 1940 μου
1239 1870 1337 1941 τὴν
1373 1870 1725 1941 Ἐκκλησίαν.
1776 1871 1912 1925 Ἕκ-

334 1970 482 2008 terra
506 1954 565 2008 δέ
601 1969 677 2010 σε
721 1957 785 2010 ού
834 1958 999 2029 τέχνῃ
1025 1962 1133 2015 τινὶ
1159 1961 1494 2034 ἀνθρωπίνῃ,
1551 1962 1707 2033 θεῖκῇ
1737 1962 1795 2017 δὲ
1819 1963 1914 2015 καὶ

333 2045 568 2116 ἀρρήτῳ
598 2047 803 2118 χάριτι.
831 2049 907 2102 Ού
933 2051 1044 2122 γὰρ
1068 2051 1145 2116 ὡς
1173 2052 1437 2121 χαλκεὺς
1459 2038 1528 2107 δι’
1556 2053 1789 2124 ὀργάνου
1818 2053 1913 2108 καὶ

2084 870 2252 928 Aiunt
2285 873 2532 928 nonnuili
2569 872 2950 944 proselytorum
2977 872 3200 933 nomine
3247 886 3343 929 eos
3370 872 3580 943 signiti-

2013 964 2149 1031 cari,
2185 964 2279 1035 qui
2311 955 2426 1019 non
2453 979 2582 1020 vere
2611 974 2665 1019 et
2712 966 2945 1029 sincere,
2992 964 3087 1019 sed
3138 964 3349 1033 imperii
3395 972 3449 1019 ct
3498 964 3583 1018 di-

2013 1056 2257 1127 gnitatis,
2298 1066 2392 1110 aut
2443 1057 2693 1112 utilitatis
2723 1056 2888 1112 etiam
2924 1054 3158 1124 alicujus
3196 1058 3370 1123 gratia
3421 1072 3579 1110 acce-

2012 1142 2149 1202 dunt
2179 1164 2193 1201 :
2225 1162 2365 1217 quos
2398 1147 2525 1201 item
2549 1147 2798 1209 advenas,
2831 1161 2938 1199 non
2969 1146 3181 1201 incolas
3216 1144 3335 1199 fore
3366 1146 3578 1213 signiti-

2012 1244 2122 1292 cat.
2158 1238 2288 1291 Eam
2314 1237 2486 1306 ipsam
2518 1237 2685 1302 enim,
2711 1237 2802 1306 qui
2833 1243 2962 1290 sunt
2993 1236 3287 1304 ejusmodi,
3320 1246 3577 1305 tanquam

2013 1325 2067 1378 in
2133 1325 2369 1380 transitu
2431 1325 2499 1380 ad
2558 1340 2678 1381 eam
2740 1325 3090 1381 diversentur
3158 1325 3578 1395 ingrediuntur.

2011 1415 2209 1471 Postea
2260 1415 2449 1484 adjicit
2486 1434 2499 1471 :
2531 1415 2667 1470 Ecce
2720 1433 2811 1486 ego
2870 1432 2987 1471 creo
3034 1426 3099 1483 te,
3133 1433 3236 1470 non
3267 1426 3322 1468 ut
3352 1418 3597 1470 a'rarins-

2011 1504 2226 1575 sufﬂans
2260 1505 2320 1563 in.
2363 1504 2480 1574 igne
2507 1520 2726 1574 prunas.
2765 1505 2876 1575 Ego
2903 1519 2933 1557 a
2962 1519 3047 1558 me
3079 1504 3197 1571 tibi,
3230 1504 3429 1575 inquit,
3478 1507 3577 1560 ista

2011 1593 2278 1663 prtcstari,
2312 1608 2342 1647 a
2372 1608 2482 1662 quo
2515 1601 2721 1646 creatus
2764 1608 2841 1656 es,
2898 1592 3138 1662 ignorari
3202 1592 3349 1646 nolo.
3404 1592 3580 1648 Moses

2012 1683 2155 1737 enim
2186 1691 2240 1738 et
2268 1683 2549 1747 Solomon,
2579 1690 2635 1737 et
2679 1681 3003 1757 Zornbabel,
3033 1698 3295 1753 corporea
3340 1685 3490 1751 olim,
3524 1697 3578 1739 ct

2013 1789 2133 1843 qum
2164 1789 2274 1829 non
2324 1775 2485 1845 longo
2538 1782 2722 1844 postea
2766 1782 3009 1843 tempore
3063 1774 3350 1829 interitura
3400 1785 3577 1835 erant.

2014 1865 2294 1934 fecerunt;
2366 1866 2779 1920 tabernaculum
2847 1866 2937 1920 ille
2988 1856 3249 1935 quidem;
3312 1867 3575 1935 templun

2014 1968 2192 2012 autem
2246 1957 2358 2013 isti.
2401 1955 2508 2011 Sed
2539 1956 2654 2025 jam
2690 1955 2833 2011 idem
2882 1971 2994 2025 ego,
3051 1956 3144 2025 qui
3194 1955 3576 2017 universorum

2018 2049 2279 2105 Dominus
2308 2050 2436 2104 olim
2470 2058 2691 2119 propter
2729 2064 2813 2103 me
2844 2048 3021 2116 ipsum
3065 2058 3114 2102 te
3146 2050 3355 2113 creaoi,
3396 2047 3580 2103 Eccle-

333 2136 536 2205 πυρός.
567 2135 828 2192 Τοιαῦται
863 2138 974 2211 γὰρ
998 2141 1119 2221 ’τῶν
1152 2141 1456 2215 ἀνθρώπων
1490 2146 1546 2199 αί
1573 2144 1779 2215 τέχναι.
1819 2145 1910 2198 Διὸ

2015 2145 2147 2199 siam
2182 2158 2357 2199 meam
2391 2157 2557 2211 super
2602 2148 2811 2212 petram
2849 2139 3057 2195 aediﬁco
3086 2141 3155 2195 ⁷⁵.
3213 2141 3403 2210 Neque
3449 2155 3582 2206 vero

331 2227 432 2279 καὶ
458 2229 538 2291 είς
567 2228 775 2301 φθορὰν
796 2235 968 2301 χωρεῖ
1001 2234 1068 2287 τὰ
1096 2235 1375 2305 γινόμενα.
1408 2235 1621 2305 Τούμὸν
1671 2238 1725 2291 δὲ
1758 2238 1910 2292 ἀδιά-

331 2315 540 2387 φθορον
569 2317 749 2390 ἔργον.
774 2322 929 2386 Τινὲς
949 2322 1006 2377 δὲ
1025 2323 1087 2377 τὺ
1115 2324 1347 2390 Extra-ct,
1372 2328 1462 2381 ἐπὶ
1485 2327 1575 2380 τοῦ
1597 2327 1907 2396 ἁνέκτισα,

333 2410 754 2481 παρειλήφασιν.
780 2414 943 2485 Δηλοῖ
965 2415 1022 2469 δὲ
1044 2417 1135 2469 τὸν
1156 2417 1225 2471 δι’
1252 2418 1409 2485 ἁγίου
1439 2419 1754 2491 Πνεύματος
1783 2422 1913 2474 ἁνα-

334 2503 649 2572 καινισμδν,
685 2502 875 2576 ὥσπερ
923 2501 1018 2560 οῦν
1070 2508 1168 2560 καί⁵
1206 2509 1333 2572 τοὺς
1358 2509 1454 2564 δύο
1489 2509 1654 2573 λαοὺς
1705 2513 1784 2575 είς
1812 2511 1910 2565 ἕνα

332 2597 543 2646 σιτίσαι
577 2592 796 2662 λέγεται
846 2597 1030 2651 καινὸν
1066 2598 1383 2668 ἄνθρωπον,
1423 2602 1562 2655 κατὰ
1589 2602 1670 2667 τὸ,
1711 2621 1729 2654 ι
1753 2602 1938 2656 Ἀλλὰ.

336 2682 794 2754 μεταμορφοῦσθε
815 2688 881 2757 τῇ
911 2687 1270 2743 ἀνακαινώσει
1294 2688 1389 2742 τοῦ
1413 2691 1530 2753 νοδς
1550 2690 1755 2761 ὑμῶν.»
1789 2692 1913 2757 Τοῖς

330 2772 392 2825 δὲ
432 2772 692 2838 τοιούτοις
739 2776 930 2847 ὅτιπερ
974 2778 1263 2833 ἀκολουθεῖ
1314 2781 1554 2854 ἀνδρεία,
1606 2781 1819 2846 σύνεσις
1852 2800 1911 2837 τε

334 2866 683 2937 πνευματική
709 2866 879 2937 δηλοῖ,
906 2867 1079 2937 λέγων
1096 2887 1108 2900 ·
1131 2870 1263 2928 Πᾶν
1283 2872 1504 2939 σκεῦος
1529 2873 1793 2942 φθαρτὸν
1812 2874 1913 2928 ἐπὶ

332 2956 415 3009 σύ
444 2959 556 3011 οὐκ
595 2959 872 3014 εύοδώσω
897 2999 911 3025 ,
957 2961 1059 3016 καὶ
1093 2962 1262 3018 πᾶσα
1294 2965 1487 3033 φωνὴ,
1518 2968 1613 3019 καὶ
1660 2960 1727 3020 τὰ
1757 2967 1907 3037 ἑξῆς·

331 3049 532 3116 σκεύη
565 3051 737 3120 λέγων
764 3053 1017 3121 φθαρτὰ,
1045 3059 1142 3126 τῆς
1173 3056 1270 3110 τοῦ
1295 3039 1540 3111 διαϐόλου
1583 3058 1912 3130 δυστροπίας

331 3143 466 3204 τοὺς
488 3141 813 3213 ὑπουργοὺς,
848 3145 897 3198 οἳ
928 3148 1023 3201 καὶ
1059 3146 1287 3217 φθορᾶς
1327 3148 1427 3203 καὶ
1455 3150 1757 3217 ἀπωλείας
1805 3151 1912 3204 etei.

330 3231 527 3299 τέκνα,
554 3230 699 3306 [καὶ]
727 3237 841 3300 τοῖς
874 3237 1053 3304 ἁγίοις
1092 3237 1204 3292 ἔσθ’
1230 3238 1317 3292 ὅτε
1362 3241 1635 3311 διωγμοὺς
1669 3242 1762 3295 καὶ
1797 3241 1913 3294 θλί-

330 3322 462 3391 ψεις
486 3326 805 3396 ἐπάγουσιν.
848 3330 990 3385 Ἀλλ’
1013 3331 1075 3385 οὐ
1099 3331 1379 3399 τεύξονται
1401 3334 1573 3406 θήρας
1593 3351 1621 3391 ο,
1643 3334 1738 3387 καὶ
1765 3336 1912 3389 πᾶσα

330 3420 395 3473 δὲ
422 3419 687 3492 θεομάχος
726 3423 965 3494 γλῶττα,
1012 3426 1199 3496 φησὶν,
1243 3425 1347 3481 ὑπὸ
1388 3427 1480 3482 σοῦ
1528 3429 1906 3502 νικηθήσεται.

335 3511 500 3567 Κατὰ
521 3512 630 3589 γὰρ
666 3515 757 3568 τὸν
787 3515 949 3570 Δαὸίδ
969 3534 986 3550 ο
1021 3535 1041 3569 ι
1092 3519 1181 3572 Ἐν
1207 3518 1287 3593 τῷ
1314 3520 1434 3591 Θεῷ
1469 3523 1784 3590 ποιήσωμεν
1819 3520 1911 3575 δύο

2016 2244 2072 2290 ιιι
2129 2235 2369 2290 humana
2430 2243 2547 2288 arte
2602 2232 2808 2302 aliqua,
2841 2230 2934 2287 sed
2984 2232 3167 2287 divina
3208 2241 3262 2286 et
3320 2231 3579 2286 ineffabili

2014 2326 2210 2396 gratia,
2245 2339 2341 2394 per
2369 2340 2454 2379 me
2484 2332 2696 2378 creatus
2744 2338 2819 2377 es.
2864 2320 2983 2376 Non
3033 2322 3417 2386 instrumenta,
3471 2338 3579 2376 non

2017 2419 2194 2488 ignem
2234 2415 2491 2481 adhibui,
2524 2424 2583 2469 ut
2620 2415 2870 2479 a’rarius,
2921 2413 3213 2483 ceterique
3264 2414 3577 2468 mortalium

2015 2507 2271 2573 artiﬁces,
2303 2521 2536 2578 quorum
2584 2506 2694 2560 cito
2742 2502 3171 2573 corrumpuntur
3218 2518 3404 2571 opera,
3453 2520 3579 2557 cum

2015 2612 2133 2652 mea
2182 2608 2459 2665 nunquam
2509 2593 2798 2649 intereant.
2849 2590 2967 2646 Non
3000 2592 3199 2645 desunt
3245 2600 3449 2651 tamen,
3486 2590 3595 2660 qui‘
3648 2588 3657 2595 “

2015 2689 2206 2751 creari,
2231 2700 2332 2755 pro
2368 2674 2865 2751 recreaui‘positum
2900 2681 3276 2745 arbitrentur;
3309 2689 3362 2735 et
3391 2680 3465 2734 ita
3499 2695 3580 2734 rc-

2014 2780 2359 2834 nnvationem
2408 2791 2503 2845 per
2558 2773 2823 2845 Spiritum
2870 2780 3120 2829 sanctum
3148 2772 3519 2827 demonstrari
3557 2788 3576 2827 :

2014 2890 2121 2929 non
2153 2873 2307 2927 aliter
2358 2883 2518 2939 quam
2550 2866 2808 2938 populum
2839 2872 3136 2933 utrumque
3182 2865 3234 2917 in
3297 2872 3571 2918 recentem

2014 2980 2181 3020 unum
2213 2963 2487 3017 hominem
2518 2972 2723 3012 creasse
2755 2956 2959 3011 dicitur
2991 2974 3005 3009 :
3039 2963 3098 3008 ut
3127 2969 3251 3008 cum
3300 2952 3575 3008 transfor—

2012 3055 2149 3110 mari
2172 3055 2224 3107 in
2255 3050 2609 3107 renovatione
2642 3046 2843 3101 mentis
2877 3059 2990 3100 suae
3024 3043 3297 3099 [tertianos
3333 3043 3577 3112 postula-

2013 3148 2089 3200 vit
2124 3142 2418 3214 Apostolus
2445 3140 2514 3194 ⁸⁸.
2550 3139 2654 3194 Eos
2681 3145 2885 3201 autem,
2925 3135 3017 3206 qui
3047 3134 3181 3190 tales
3234 3141 3384 3199 sunt,
3423 3133 3580 3188 l‘orti-

2013 3238 2252 3292 tudinem
2278 3231 2736 3304 prudentiamque
2757 3215 3097 3298 spiritualem
3124 3227 3353 3282 comites
3377 3227 3577 3281 habere

2013 3334 2370 3394 demonstrat,
2405 3339 2530 3381 cum
2563 3323 2641 3378 ait
2669 3341 2683 3377 :
2717 3319 2886 3376 Omne
2911 3337 3001 3374 vas
3025 3318 3362 3387 corruptibile
3392 3328 3577 3373 contra

2016 3433 2064 3477 te
2098 3436 2201 3474 non
2229 3415 2568 3489 prosperabo,
2604 3421 2654 3466 et
2684 3411 2853 3465 omnis
2904 3423 3036 3473 vos;
3067 3418 3373 3480 caeteraqu
3424 3408 3580 3463 drin-

2014 3527 2165 3582 crps,
2231 3507 2325 3562 ubi
2382 3517 2625 3559 vasorum
2687 3499 3118 3568 corruptibilium
3196 3500 3576 3568 appellatione.

331 3620 525 3674 ναμιν,
552 3605 645 3659 καὶ
673 3606 833 3670 αὐτὸς
854 3606 1195 3674 ἔξουδενώσει
1215 3590 1342 3674 τοὺς
1387 3590 1667 3674 etiamm;
1693 3613 1859 3682 ἡμᾶς.
1883 3631 1903 3665 ι
2015 3621 2111 3661 eos
2148 3597 2418 3670 intelligit,
2449 3596 2541 3664 qui
2561 3593 2848 3682 ἀὶευοιίςω
2879 3590 3136 3682 nequitia?
3170 3591 3428 3682 ministri,
3460 3606 3580 3644 σου

333 3696 602 3763 ruptiom’s
653 3706 702 3752 et
760 3700 1004 3754 interitus
1067 3699 1158 3755 ﬁlii
1192 3710 1529 3767 -evaserunt,
1578 3681 1893 3775 sanctisque
1918 3715 2063 3771 saepe
2106 3691 2540 3768 persecutiones
2591 3693 2647 3740 et
2732 3681 3059 3775 aﬂlictiones
3126 3681 3414 3775 inducunt.
3473 3682 3579 3737 Sed
3646 3682 3647 3685 “

333 3804 451 3844 non
485 3790 563 3846 illi
595 3792 741 3861 quod
777 3801 1070 3861 venantur,
1139 3807 1523 3866 assequentur.
1575 3795 1689 3853 lmo
1768 3773 1865 3868 per

2015 3795 2190 3863 lingua
2241 3784 2443 3848 omnis,
2475 3794 2597 3851 qua:
2644 3776 2848 3831 bellum
2901 3773 3011 3828 Deo
3050 3773 3272 3839 indixit,
3331 3775 3580 3828 vincetur

331 3893 404 3934 ac
436 3882 804 3951 superabitur.
876 3882 944 3940 Ut
1012 3886 1158 3941 enim
1192 3865 1332 3955 apud
1381 3887 1636 3944 Davidem
1689 3865 1969 3962 tegimus:
2012 3905 2029 3938 ι
2065 3883 2127 3940 In
2176 3881 2288 3938 Deo
2355 3875 2623 3931 faciemus
2682 3868 2978 3933 virtutem;
3020 3873 3075 3920 ει
3122 3865 3287 3938 620
3342 3866 3459 3937 ipse
3525 3869 3576 3920 in

332 3974 571 4031 nihilum
600 3977 821 4033 reducet
850 3993 946 4036 eos
992 3981 1087 4050 qui
1114 3979 1359 4051 amigunt
1392 3996 1493 4043 nos
1527 3982 1595 4038 ⁶¹.
1625 4002 1648 4038 s

424 4067 622 4139 Ἐχρῆν
653 4070 710 4123 δὲ
742 4071 1054 4142 ὑπομνῆσαι
1083 4074 1218 4143 μετὰ
1243 4073 1419 4129 πάντα
1441 4075 1535 4128 καὶ
1562 4078 1663 4144 τῆς
1689 4077 1910 4131 ἀποκει-

335 4159 509 4228 μένης
530 4162 587 4212 ἒν
609 4159 686 4230 τῷ
706 4162 950 4231 μέλλοντι
966 4162 1122 4219 αἰῶνι
1147 4167 1574 4236 κληρονομίας,
1591 4166 1715 4237 ἥτις
1736 4167 1906 4222 ἐστίν·

340 4269 360 4299 ι
414 4251 478 4301 "A
502 4250 778 4321 ὀφθαλμὸς
801 4253 901 4309 οὐκ
924 4248 1084 4315 εἶδεν,
1112 4254 1202 4309 καὶ
1232 4247 1327 4319 οῦς
1360 4256 1461 4310 οὐκ
1501 4256 1732 4328 ἤκουσεν
1750 4297 1765 4323 ,
1813 4257 1910 4311 καὶ

218 4356 239 4363 “
332 4343 431 4395 ἐπὶ
489 4342 712 4415 καρδίαν
749 4344 1036 4416 ἀνθρώπου
1091 4346 1191 4400 οὐκ
1246 4348 1435 4420 ἀνέϐη,
1478 4349 1515 4403 ἃ
1546 4351 1843 4425 ἡτοίμασεν
1880 4351 1909 4404 ὁ

330 4432 468 4496 Θεὸς
492 4435 610 4507 ,τοῖς
641 4434 925 4501 ἀγαπῶσιν
962 4436 1142 4491 αὐτόν.
1184 4457 1203 4491 ι
1233 4440 1325 4495 Διό
1349 4456 1532 4511 φησιν’
1558 4441 1733 4499 Ἐστι
1764 4443 1912 4506 κλη-

327 4521 586 4588 ρονομία
633 4520 757 4587 τοῖς
812 4523 1207 4590 θεραπεύουσι
1250 4527 1482 4595 Κύριον.
1523 4528 1805 4596 Ἀγαπῶσι
1853 4530 1910 4583 δὲ

332 4608 501 4662 αὑτὸν
525 4611 581 4663 οι
611 4612 1037 4678 θεραπεύοντες
1067 4615 1273 4679 αὑτὸν,
1306 4616 1395 4671 διὰ
1429 4617 1523 4672 τοῦ
1572 4620 1720 4691 πάσῃ
1751 4620 1911 4672 εὐλα-

329 4696 463 4767 6είᾳ
506 4697 778 4753 δουλεύειν
820 4699 991 4772 αὐτῷ.
1048 4700 1439 4774 Παρανόμοιςὶ
1490 4706 1547 4759 δὲ
1593 4708 1769 4761 κεῖται
1796 4710 1908 4771 τοῖς

340 4786 766 4858 Ἐὁδομήκοντα,
804 4792 858 4842 οἱ
895 4788 963 4843 δὲ
998 4791 1202 4863 ἔνοχοι
1219 4810 1336 4849 σου
1361 4794 1603 4850 ἔσονται
1629 4797 1700 4851 ἐν
1726 4801 1834 4852 αύτ
1847 4797 1901 4867 fi.

2078 4063 2376 4141 Oportebat
2419 4073 2548 4116 vero
2596 4065 2718 4128 post
2759 4053 2966 4120 omnia,
2992 4054 3060 4108 de
3092 4051 3374 4107 recondita
3413 4052 3576 4105 ctia'n

2008 4163 2063 4218 in
2096 4164 2338 4215 futurum
2369 4152 2631 4211 smeulum
2665 4147 2990 4213 hereditate,
3035 4156 3286 4216 quasnam
3342 4144 3578 4213 ριιοηιίι-

2008 4262 2168 4311 teret,
2195 4249 2491 4304 admonere
2519 4258 2536 4297 :
2570 4257 2632 4297 ea
2662 4239 2920 4295 nimirum
2959 4254 2973 4291 :
3019 4255 3038 4289 ι
3074 4235 3207 4303 Quae
3236 4226 3430 4290 oculus
3465 4249 3572 4288 non

2009 4344 2164 4407 vidit,
2194 4355 2297 4397 nec
2350 4338 2500 4397 auris
2550 4332 2778 4399 audivit,
2833 4343 2936 4386 nec
2969 4329 3026 4383 in
3059 4344 3154 4383 cur
3191 4328 3435 4380 hominis
3491 4341 3579 4379 as-

2009 4436 2211 4500 cendit,
2257 4445 2378 4504 qua:
2409 4424 2733 4501 praeparavit
2778 4422 2919 4478 Deus
2971 4419 3040 4475 iis
3069 4418 3163 4490 qui
3218 4418 3454 4488 diligunt
3512 4413 3580 4469 il-

2009 4532 2120 4583 lum
2149 4527 2216 4580 ⁸³.
2259 4543 2278 4576 r
2317 4520 2447 4576 Inde
2499 4527 2582 4574 est
2615 4517 2781 4589 igitur
2813 4512 2957 4586 quod
2989 4513 3066 4565 ait
3100 4530 3113 4566 :
3153 4513 3249 4565 Est
3296 4509 3579 4563 Iiwreditas

2006 4615 2350 4673 servientibus
2393 4608 2638 4664 Domino.
2698 4604 2940 4675 Diligunt
2990 4608 3170 4655 autem
3222 4601 3397 4669 ipsum
3447 4597 3582 4651 servi

2006 4686 2154 4778 ejus,
2204 4707 2248 4762 si
2276 4704 2452 4761 eidem
2486 4713 2696 4754 summa
2729 4695 2998 4766 religione
3030 4700 3087 4747 et
3134 4691 3442 4745 reverentia
3497 4690 3582 4741 ra-

2014 4801 2317 4855 mulnntur.
2350 4791 2553 4849 Verum
2578 4804 2687 4843 non
2722 4796 2806 4845 cst
2841 4783 3228 4858 ignorantium,
3254 4782 3397 4849 apud
3431 4783 3581 4835 solos

329 4878 499 4961 Δήλοῑ
520 4877 577 4931 δὲ
606 4879 686 4932 ὅτι
714 4879 854 4951 μετὰ
895 4881 987 4934 τὸν
1016 4882 1105 4937 διὰ
1142 4884 1450 4955 πνεύματος
1491 4866 1905 4960 ἁνακαινισμδν,

2016 4891 2381 4962 Septuaginta
2413 4886 2736 4952 interpretes
2774 4881 2940 4935 verba
2973 4881 3099 4941 ista,
3144 4884 3193 4929 et
3241 4874 3455 4928 obnoxii
3503 4873 3581 4925 tui
3642 4874 3657 4902 τ’

329 4966 534 5030 οἵτινες
561 4967 834 5038 εὑρεθεῖεν
861 4971 1154 5043 ἁμαρτίαις
1180 4974 1400 5044 ἔνοχοι,
1418 4977 1666 5032 ἔσονται
1698 4979 1767 5032 ἐν
1802 4983 1910 5034 αύ-

330 5057 433 5126 τῇ,
458 5061 522 5127 τῇ
544 5058 717 5130 φθορᾷ
736 5060 997 5129 δηλονότιο
1025 5063 1105 5117 διὸ
1128 5054 1429 5135 ἐπήνεγκεν
1455 5069 1614 5133 εὐθὺς
1643 5071 1909 5136 τὺ,Ἕστι

326 5151 707 5217 κληρονομία
736 5150 863 5216 τοῖς
893 5156 1289 5222 θεραπεύουσι
1316 5159 1554 5226 Κύριον.
1581 5160 1691 5231 Τὴν
1719 5162 1776 5215 δὲ
1805 5164 1911 5215 πᾶ-

327 5256 438 5294 σαν
477 5240 634 5311 ῥῆσίν
661 5259 807 5306 τινες
855 5247 950 5298 καὶ
979 5246 1072 5299 ἐπὶ
1098 5247 1199 5318 τῆς
1246 5250 1512 5321 αἰσθητῆς
1553 5253 1909 5323 Ἰερουσαλὴμ

324 5335 474 5387 νοεῖν
504 5332 734 5400 ἔφασαν,
769 5336 1028 5391 δύνασθαι
1059 5341 1447 5410 εὐφροσύνην
1468 5343 1717 5411 λέγοντες
1755 5346 1903 5413 γίνε-

325 5425 479 5489 σθαι,
516 5426 590 5478 ὅτ’
613 5426 678 5493 ἂν
708 5427 879 5496 ἀθρόα
907 5429 1134 5501 γένηται
1182 5433 1317 5503 πρὸς
1352 5434 1413 5487 τὸ
1451 5438 1697 5506 κρεῖττον
1744 5454 1909 5507 μεταο

2010 4990 2161 5036 erunt
2190 4981 2352 5040 inea,
2385 4973 2740 5037 inveniri;ot
2782 4985 2877 5023 cos
2926 4969 3019 5037 qui
3075 4977 3196 5036 post
3233 4963 3431 5017 factam
3489 4979 3583 5031 per
3627 5023 3632 5039 1

2015 5071 2277 5143 Spiritum
2320 5065 2752 5124 renovationcm,
2788 5060 3027 5128 peccatis
3058 5058 3277 5111 obnoxii
3307 5055 3580 5123 reperirii-
3624 5047 3632 5093 .‘

2012 5174 2121 5224 tur,
2148 5164 2203 5216 in
2228 5178 2310 5223 ea,
2336 5155 2688 5225 corruptione
2713 5151 2951 5212 scilicet,
2994 5150 3202 5216 futuros
3249 5164 3371 5202 ess-2
3407 5146 3580 5213 signi-

2012 5255 2175 5305 iicare
2202 5269 2215 5303 :
2248 5248 2499 5313 ideoque,
2530 5250 2608 5295 est
2639 5237 2921 5292 hereditas
2950 5234 3291 5288 servientibus
3338 5233 3577 5293 Domino,

2016 5342 2198 5400 statim
2233 5339 2522 5410 adjecissc.
2561 5334 2628 5387 At
2655 5337 2786 5386 sunt
2833 5328 2924 5398 qui
2975 5327 3153 5379 locum
3190 5328 3462 5395 integrum
3513 5324 3581 5376 de

2015 5433 2342 5491 Jerusalem,
2377 5443 2497 5497 qua:
2533 5425 2635 5479 sub
2672 5436 2897 5477 sensum
2930 5417 3097 5478 cadit,
3129 5416 3361 5485 intelligi
3389 5417 3574 5478 velint,

403 5534 451 5565 "
475 5533 635 5611 Joan_.
665 5551 779 5611 ξιν,
807 5536 859 5589 6.
921 5538 981 5611 _"
1015 5539 1144 5596 ibid.
1222 5543 1265 5575 ⁷⁸
1293 5542 1447 5598 J'oan.
1491 5560 1543 5609 ι,
1571 5545 1624 5600 9.
1700 5548 1744 5579 7°
1776 5546 1905 5600 Matt

2015 5562 2110 5611 ενι,
2142 5547 2217 5602 18.
2295 5545 2340 5577 ⁸ο
2382 5545 2540 5599 Rom.
2566 5556 2661 5602 xu,
2702 5539 2756 5592 ‘2.
2834 5537 2876 5570 ⁸¹
2913 5534 3056 5590 Psal.
3083 5546 3195 5597 tu,
3235 5529 3320 5584 Η.
3398 5530 3441 5561 ε’
3477 5531 3577 5585 lsa.

325 5620 481 5667 μιν,
508 5604 577 5667 4;
608 5603 625 5655 1
657 5603 782 5658 Cor.
813 5623 875 5672 tl,
915 5608 968 5661 9.

1630 5698 1857 5754 V'ARIIE
1897 5699 2302 5756 LECTIONES.

405 5802 420 5839 ι
473 5805 560 5859 no.
603 5789 751 5860 παρὰ
804 5791 1005 5859 μόνοις.
