3954 6308
469 397 610 464 2547

1773 367 2126 478 mouerit
2167 417 2406 480 eam
3575 410 3716 476 ests

471 515 811 584 ltrcfttamque
849 515 963 571 fore
998 524 1112 572 tum
1143 517 1386 586 demum,
1418 537 1538 576 cum
1593 525 1930 594 repentinam
1981 527 2038 582 in

2156 528 2295 600 ϐολὴ.
2325 525 2470 595 Πρὸς
2497 525 2562 596 ἣν
2594 523 2936 595 εὐφροσύνην
2960 521 3330 595 προτρέπεται
3361 523 3454 577 ναὶ
3479 523 3579 595 τὴν
3617 524 3716 580 Ὶεο

467 606 663 661 melius
700 605 813 690 fieri
849 611 1202 665 mulationem
1231 605 1552 682 contigerit;
1589 615 1655 669 ad
1684 631 1846 686 quam
1874 618 2036 672 Jeru-

2156 619 2420 688 >ουσαλὴμ
2463 617 2790 686 ῥηγνῦσαη
2844 617 2945 686 τῆς
2988 616 3270 686 ἁμαρτίας
3298 615 3370 668 τὰ
3414 611 3718 686 Supini:

466 699 636 750 salem
680 685 844 752 etiam
894 700 1107 766 invitat,
1160 715 1280 767 qua:
1312 717 1374 758 ca
1407 685 1758 774 peccatorum
1819 709 2036 764 vincula

421 835 426 839 .
453 785 705 856 fregerit,
731 790 1189 861 quibusseipsam
1219 793 1377 850 bonis
1401 797 1665 863 privatam
1697 807 1746 852 et
1775 799 2033 864 sterilem,

471 895 500 930 a
539 879 756 949 Deoque
785 890 1094 952 separatam
1127 885 1523 940 obstrinxerat.
1555 887 1633 942 lta
1667 889 1812 944 enim
1841 899 1896 945 et
1915 892 2038 958 pln-

380 1009 390 1017 .
474 986 557 1024 res
595 971 826 1038 incolas,
860 973 1066 1044 inquit,
1107 974 1388 1042 habueris,
1417 979 1461 1032 si
1489 981 1683 1034 metibi
1717 982 1815 1035 viri
1846 982 1898 1036 in
1923 997 2040 1036 mo-

477 1082 587 1119 rem
625 1083 861 1137 praeesse
897 1069 1159 1132 volueris.
1192 1081 1244 1127 et
1285 1079 1336 1127 te
1373 1073 1664 1145 majorem,
1694 1084 1818 1145 post
1856 1078 2034 1146 capti-

473 1161 691 1210 vitatem
744 1158 994 1214 t-ﬂecero.
1057 1161 1243 1216 Gentes
1307 1163 1502 1218 deinde
1541 1165 1688 1234 ipsas
1745 1168 2036 1236 possidebit

472 1265 645 1303 semen
681 1258 849 1316 tuum,
881 1267 1001 1322 qua:
1041 1262 1100 1308 ut
1127 1253 1248 1324 ejus
1280 1255 1732 1312 instaurationem
1779 1259 2038 1328 prohibe-
2103 1254 2117 1264 ’

474 1350 618 1406 rent,
653 1345 922 1399 coierant.
968 1343 1056 1398 'lta
1078 1347 1223 1412 enim
1256 1357 1385 1402 sunt
1411 1357 1701 1418 superatae,
1732 1361 1787 1403 ut
1829 1350 1896 1404 ad
1951 1365 2040 1406 sc-

474 1443 727 1510 ptcnnem
757 1435 1028 1490 ustionem
1056 1451 1240 1490 earum
1263 1452 1414 1491 arma
1445 1438 1782 1493 sull'ecerint.
1813 1438 2040 1510 Signiﬁ-

473 1507 562 1575 cat
603 1538 823 1578 rursum
855 1525 1020 1580 urbes
1052 1525 1220 1594 ipsas,
1277 1541 1396 1594 qua:
1424 1526 1644 1581 deserta:
1681 1507 1920 1593 fuerant,
1971 1512 2041 1583 ab

475 1613 737 1670 lsraelitis
762 1629 884 1672 esse
907 1617 1238 1685 reparandas
1264 1629 1317 1672 ct
1349 1618 1696 1672 habitandas.
1727 1617 1848 1673 Noli
1879 1619 2042 1690 igitur

474 1707 730 1773 amplius,
771 1707 968 1776 inquit,
1005 1709 1172 1763 veteri
1197 1719 1246 1764 te
1274 1711 1465 1780 gloriae
1508 1711 1819 1765 restitutum
1848 1711 2043 1765 iri'du-

477 1795 667 1849 hitare.
688 1795 850 1852 Elues
869 1797 1012 1850 enim
1045 1797 1244 1853 veteris
1275 1796 1542 1868 opprobrii
1576 1801 1866 1855 maculam.
1894 1799 2043 1856 Talis

479 1981 615 2043 luar,
649 1991 704 2036 et
733 1981 886 2051 puris
923 1984 1176 2038 manibus
1206 1999 1434 2053 purger,
1464 1985 1684 2040 abunde
1733 2001 1817 2041 me
1861 1985 2042 2040 sordi-

476 2071 576 2124 bus
596 2069 854 2126 infecisti.
886 2073 1248 2129 Abominatus
1267 2082 1352 2129 est
1377 2089 1462 2128 me
1482 2075 1714 2130 amictus
1745 2091 1898 2130 meus
1919 2076 1988 2130 ⁸³.
2019 2095 2040 2128 ι

479 2160 713 2216 Confert
754 2175 882 2218 vero
909 2163 976 2216 ad
1013 2161 1206 2230 fidem,
1239 2149 1696 2234 promissionibus
1724 2147 1903 2234 quod,-
1945 2165 2048 2219 Do-

479 2253 654 2306 minus
687 2253 776 2322 qui
815 2253 946 2322 facit
974 2263 1044 2321 te,
1077 2255 1304 2324 adjicit;
1359 2265 1418 2311 ttt
1467 2271 1592 2311 eum
1629 2273 1709 2321 se,
1763 2273 1792 2310 a
1828 2273 1938 2327 quo
1983 2257 2052 2313 de

479 2341 654 2395 nihilo
692 2341 747 2396 in
782 2343 956 2398 lucem
987 2345 1288 2414 productus
1341 2347 1436 2409 sit,
1481 2362 1602 2402 esse
1661 2348 2041 2412 demonstret;

478 2445 660 2499 neque
685 2430 789 2486 sibi
818 2432 911 2486 ttni
943 2433 1130 2497 Deum,
1173 2435 1268 2489 sed
1298 2436 1550 2504 gentibus
1601 2439 1826 2490 cunctis
1875 2437 2040 2490 etiam

481 2513 748 2573 futurum.
784 2516 900 2573 Non
932 2522 1076 2574 enim
1099 2516 1306 2592 inquit,
1367 2523 1580 2593 injuria:
1628 2534 1734 2579 tua:
1787 2525 2041 2580 recorda-

407 2633 426 2657 σ
481 2610 600 2678 hor,
634 2613 793 2684 621
823 2623 918 2668 aut
945 2630 1135 2672 eorum
1169 2631 1318 2672 more
1343 2619 1707 2686 exprobrabo,
1753 2620 1846 2690 qui
1893 2634 2022 2674 suas
2060 2635 2269 2682 uxores,
2306 2633 2430 2672 cum
2471 2617 2541 2672 ab
2573 2617 2680 2672 illis
2729 2615 2988 2684 iniuriam
3023 2614 3168 2685 passi
3244 2622 3392 2677 sunt,

2136 709 2336 780 ἑαυτὴν
2357 708 2720 779 ἐγκατέδησεν
2769 709 3160 775 στειρωθεῖσα
3212 706 3396 760 καλῶν
3431 707 3528 760 καὶ
3581 711 3718 764 ἀπο-

2141 803 2312 854 στᾶσα
2343 801 2500 854 Θεοῦ.
2529 798 2686 854 οὕτω
2731 798 2842 868 γὰρ
2875 799 3128 862 πλείους
3181 797 3348 862 ἕξεις,
3401 799 3558 866 φησὶ,
3599 799 3719 862 τοὺς

2137 891 2451 961 οἰκήτορας,
2501 888 2740 958 λαχοῦσα
2792 889 3104 960 προστάτην
3151 889 3251 956 ἐμὲ
3305 887 3462 956 δίκην
3504 888 3722 957 ἀνδρὸς

2139 979 2688 1050 ἀντιλαμὸανόμενον,
2709 979 2801 1032 καὶ
2835 978 3058 1048 μείζονα
3084 979 3141 1032 δέ
3171 995 3231 1031 σε
3264 978 3402 1046 μετὰ
3431 978 3534 1050 τὴν
3558 981 3722 1050 αἰχμ-

2137 1071 2377 1124 αλωσίαν
2447 1071 2680 1140 ποιήσω.
2757 1071 2951 1136 Ἔθνη
3009 1068 3078 1122 δὲ
3145 1070 3605 1138 κληρονομήσει
3657 1071 3721 1124 τό

2141 1162 2380 1231 σπέρμα
2401 1175 2517 1215 σου
2541 1161 2605 1214 τὰ
2631 1159 2949 1224 συνελθόντα
2974 1159 3110 1230 πρὸς
3133 1161 3195 1214 τὸ
3211 1159 3457 1214 κωλῦσαι
3474 1163 3567 1214 τὸν
3591 1161 3722 1214 ταύ-

2141 1270 2240 1324 της
2297 1252 2638 1322 ἁνοικισμὲν,
2696 1251 2850 1305 οὕτω
2900 1253 3006 1322 γὰρ
3060 1251 3396 1322 ἡττήθησαν,
3435 1253 3514 1314 ὡς
3534 1255 3626 1306 καὶ
3658 1253 3725 1307 τὰ

2141 1343 2280 1398 ὅπλα
2308 1342 2613 1415 αύτῶνιὲπὶ
2637 1343 2779 1396 ἑπτὰ
2807 1341 2902 1414 ἐτη
2934 1341 3168 1412 ἀρκέσαι
3189 1342 3326 1412 πρὸς
3362 1341 3582 1396 καῦσιν.
3618 1343 3726 1396 Καὶ

2141 1435 2241 1498 τὰς
2273 1434 2456 1498 πόλεις
2481 1433 2615 1504 φησι
2655 1433 2754 1492 τὰς
2796 1431 3190 1501 ἠρημωμένας
3220 1431 3326 1484 ὑπὸ
3368 1431 3466 1484 τοῦ
3506 1431 3726 1502 Ἰσραὴλ

2142 1524 2678 1596 κατοικισθήσεσθαι.
2713 1524 2804 1593 Μὴ
2835 1519 2928 1577 οὖν
2949 1521 3189 1591 λογίζου,
3214 1523 3402 1594 φησὶν,
3431 1523 3508 1584 ὡς
3551 1523 3618 1576 οὗ
3652 1523 3725 1594 μὴ

2131 1617 2278 1688 ςπρὸς
2329 1617 2428 1685 τὴν
2469 1615 2702 1685 ἀρχαίαν
2749 1615 2908 1680 δόξαν
2962 1613 3374 1684 κατασταθήσῃ.
3423 1613 3726 1684 ’Δποτρίψῃ

2142 1707 2251 1778 γὰρ
2276 1705 2506 1772 ὄνειδος
2529 1705 2590 1758 τὸ
2615 1702 3140 1775 ἀρχαῖον.Τοιούτοις
3158 1702 3358 1772 ἐχρῆτο
3379 1701 3562 1769 λόγοις
3581 1701 3721 1754 Ίώὸο

2151 1820 2170 1853 ι
2208 1801 2329 1854 Κᾶν
2356 1799 2466 1871 γὰρ
2494 1797 2886 1869 ἀπολούσωμαι
2915 1797 3074 1867 χιόνι,
3105 1797 3199 1850 καὶ
3222 1795 3726 1868 καθάρωμαιχερσὶ

475 1896 593 1942 erat
615 1895 670 1943 et
698 1886 824 1944 Jobi
850 1891 1050 1956 oratio,
1081 1892 1357 1948 dicentis:
1403 1911 1421 1943 ι
1469 1891 1646 1946 Etiam
1675 1895 1719 1950 si
1755 1895 1878 1950 nive
1911 1910 2034 1964 pro.

2156 1891 2434 1961 καθαραῖς,
2459 1889 2658 1954 ἱκανῶς
2689 1907 2756 1959 με
2790 1891 2848 1942 ὲν
2879 1887 3035 1961 ῥύπῳ
3062 1886 3288 1957 ἔθαψας.
3315 1905 3334 1938 ι
3373 1885 3725 1952 Ἐὁδελύξατο

2141 1981 2198 2034 δὲ
2227 1983 2262 2052 ἡ
2293 1978 2451 2052 στολή
2479 1996 2600 2049 μου.
2633 1978 2778 2050 Πρὸς
2818 1977 3002 2031 πίστιν
3042 1975 3098 2029 δὲ
3139 1976 3237 2045 τῆς
3269 1976 3612 2045 ἐπαγγελίας
3641 1975 3722 2040 τὸ,

2147 2073 2364 2142 Κύριος
2401 2074 2434 2126 ὀ
2462 2069 2650 2124 ποιῶν
2671 2085 2766 2135 σε,
2815 2070 2845 2122 ό
2868 2069 2963 2122 καὶ
2995 2069 3058 2122 ὲκ
3087 2067 3183 2120 τοῦ
3219 2067 3294 2138 μὴ
3333 2061 3476 2120 εἶναι
3507 2066 3644 2138 πρὸς
3669 2066 3727 2119 τὸ

2148 2159 2287 2218 εἷναί
2316 2181 2376 2216 σε
2396 2163 2606 2226 κτίσας.
2635 2161 2748 2214 Οὐκ
2773 2159 2967 2231 ἔσομαι
2997 2159 3054 2212 δὲ
3088 2158 3251 2228 μόνου
3279 2158 3373 2211 σού
3413 2157 3570 2222 Θεὸς,
3594 2155 3727 2210 ἀλλὰ

2150 2253 2244 2307 καὶ
2274 2251 2382 2304 τῶν
2414 2251 2584 2304 ἐθνῶν
2607 2249 2884 2304 ἁπάντων.
2920 2248 2994 2300 Οὑ
3038 2247 3146 2318 γὰρ
3185 2246 3583 2316 μνησικακήσω
3619 2262 3724 2305 σοι,

2124 2341 2272 2396 ὀὐδὲ
2329 2341 2598 2399 ὀνειδίσω.
2627 2341 2763 2411 ὅπερ
2795 2338 3041 2392 ποιοῦσιν
3073 2339 3123 2390 oi
3150 2337 3440 2408 γυναῖκας
3475 2337 3725 2407 ἁμαρτα-

2149 2432 2344 2496 νούσας
2375 2432 2524 2500 πρὸς
2549 2431 2758 2501 ὀλίγον
2789 2428 3223 2502 ἀπορρίψαντες.
3250 2430 3370 2482 Κᾶν
3399 2429 3510 2500 γὰρ
3531 2428 3728 2483 καταλ-

2149 2524 2408 2591 λαγῶσιν,
2448 2525 2517 2577 τὰ
2555 2522 2788 2594 πρόσθεν
2809 2521 3090 2586 ὀνειδίζειν
3124 2519 3406 2574 εἰώθασιν.

3474 2611 3544 2666 ad
3622 2627 3726 2664 Ilo-

479 2703 655 2756 dirum
684 2715 884 2775 tempus
917 2720 950 2762 a
985 2723 1044 2774 se
1077 2715 1373 2764 removent.
1423 2709 1782 2776 Quantumt'is
1812 2713 1956 2768 enim
2011 2709 2064 2764 in
2104 2709 2332 2784 gratiam
2392 2707 2634 2776 redeant,
2688 2704 2958 2778 praeterita
3009 2714 3188 2758 tamen
3249 2703 3583 2772 exprobrare
3619 2715 3724 2754 non

482 2795 762 2852 desinunt.

558 2887 666 2956 Ego
697 2897 912 2954 contra,
943 2890 1156 2960 injuria:
1184 2893 1459 2947 oblivione
1489 2893 1730 2948 delector
1771 2909 1786 2946 :
1817 2901 1867 2948 et
1905 2903 1956 2948 te
1990 2893 2055 2948 ad

2238 2886 2380 2958 Ἐγὼ
2413 2887 2470 2940 δὲ
2494 2885 2627 2949 Θεὸς
2661 2881 3037 2956 ἅμνησίκακός
3062 2883 3200 2952 ειμι.
3226 2879 3335 2934 Καὶ
3359 2879 3511 2948 πρὸς
3526 2878 3728 2946 ὀλίγον

485 2977 678 3033 medici
706 2982 953 3050 temporis
982 2982 1216 3053 spatium
1249 2985 1570 3039 .sanationis
1601 2999 1728 3054 ergo
1779 3000 1808 3038 a
1841 2999 1926 3038 me
1963 2982 2054 3038 de-

2156 2997 2216 3033 σε
2235 2977 2532 3050 θεραπείας
2553 2975 2714 3046 χάριν
2754 2972 3082 3044 παρέδωκα,
3106 2971 3183 3034 ὼς
3207 2969 3274 3023 ἂν
3315 2971 3726 3040 μετανοήσασαν

487 3070 622 3136 puli,
648 3079 704 3122 ut
735 3085 859 3125 cum
895 3079 947 3126 te
992 3075 1359 3142 paenituisset,
1412 3073 1779 3128 misericordia
1810 3071 2054 3127 cumula-

2156 3071 2364 3137 ἐλέους
2390 3069 2676 3140 ἐμπλήσω.
2719 3067 2774 3120 Ἀ
2785 3065 2886 3131 ξιοί
2906 3065 2961 3118 δὲ
2985 3065 3079 3120 καὶ
3097 3064 3207 3118 ἀπὸ
3227 3063 3435 3134 χρόνων
3465 3061 3574 3114 τῶν
3597 3061 3727 3132 πρό-

487 3173 624 3212 reut.
661 3159 908 3214 POstulat
931 3158 1070 3215 vero
1097 3176 1125 3214 a
1155 3177 1252 3216 sua
1278 3163 1443 3217 etiam
1481 3163 1824 3232 superiorum
1851 3171 2054 3230 tempo-

2157 3165 2282 3220 σθεν
2311 3161 2372 3228 ἐξ
2400 3159 2738 3230 ἀγαθότητος
2766 3157 3151 3229 γνωρίζεσθαι.
3199 3157 3310 3210 Καὶ
3360 3155 3490 3226 πρὶν
3532 3153 3640 3224 γάρ
3667 3170 3725 3206 σε

487 3265 608 3303 rum
640 3249 976 3321 benignitate
1000 3253 1366 3309 innotescere.
1407 3254 1726 3323 Priusquam
1763 3254 1904 3308 enim
1935 3267 2054 3308 esse

2156 3251 2404 3323 γενέσθαι
2457 3252 2581 3305 σὺν·
2607 3249 2686 3318 τῷ
2731 3246 2878 3309 Νῶε,
2911 3247 3100 3317 φησὶν,
3131 3245 3338 3315 ἠλέησα
3358 3243 3633 3347 atad-toea?
3670 3260 3727 3347 σε

482 3339 774 3408 (cepisses,
807 3342 1006 3407 inquit,
1034 3355 1136 3411 ego
1181 3343 1260 3397 tui
1298 3357 1420 3396 eum
1459 3340 1574 3396 Noe
1610 3345 1868 3397 misertus
1909 3357 2053 3408 sum,

2160 3344 2301 3399 κατᾶ
2335 3343 2666 3412 πρόγνωσιν.
2714 3336 2806 3404 Ἐξ
2835 3337 3002 3390 αὐτοῦ
3037 3337 3146 3406 γὰρ
3178 3334 3444 3424 σωθέντος
3468 3333 3668 3403 {nulls

493 3443 654 3502 teque
687 3447 782 3502 per
809 3433 1198 3503 praenotionem
1262 3437 1515 3501 servavi;
1562 3452 1720 3505 quem
1766 3453 1829 3491 ex
1871 3437 2054 3492 eodem

2158 3433 2422 3503 γίνεσθαι.
2462 3431 2550 3498 Ἐξ
2572 3429 2906 3500 ἁγαθότητος
2935 3427 2991 3480 δὲ
3020 3427 3115 3480 καὶ
3134 3422 3336 3490 τοῖςὲκ
3365 3425 3617 3496 νεότητος
3640 3422 3728 3476 ἐπὶ

491 3529 712 3577 servato
739 3523 1081 3578 nasciturum
1121 3539 1243 3580 esse
1281 3525 1553 3579 videbam.
1591 3525 1697 3580 Pro
1731 3543 1846 3579 mea
1897 3528 2054 3580 etiam

2157 3527 2227 3580 τὰ
2259 3523 2468 3594 πονηρὰ
2497 3520 2834 3592 ὲγκειμένοις
2873 3519 3178 3588 ἀνθρώποις
3220 3516 3419 3588 μηκέτι
3462 3515 3728 3569 κατακλυ-

493 3614 740 3670 bonitate
770 3615 1090 3671 hominibus
1121 3617 1190 3670 ab
1223 3617 1452 3672 infantia
1502 3619 1787 3694 sceleratis
1835 3627 1888 3673 et
1914 3617 2064 3688 ﬂagi-

495 3705 653 3761 tiosis
688 3705 991 3762 eluvionem
1047 3723 1132 3762 me
1163 3724 1269 3763 non
1297 3709 1533 3778 amplius
1561 3724 1682 3764 esse
1736 3711 2058 3770 missurum.

495 3811 672 3865 neque
708 3783 905 3852 montes
953 3797 1209 3868 collesque
1265 3806 1742 3856 transinutatnrum
1793 3800 2063 3868 pollicitus

497 3903 637 3942 sum.
672 3887 742 3942 Ut
770 3889 935 3958 igitur
967 3888 1102 3943 nihil
1133 3897 1245 3944 tum
1271 3889 1522 3959 promisi,
1556 3891 1698 3958 quod
1731 3906 1838 3944 non
1877 3906 2064 3960 reapse

499 3978 874 4048 praestiterim;
911 3979 992 4034 sic
1017 3986 1073 4034 et
1101 3986 1248 4036 nunc
1286 3995 1374 4036 me
1407 3983 1485 4035 tui
1518 3981 1878 4045 miseriarum,
1916 3999 2066 4037 sum-

501 4081 695 4136 maque
739 4075 790 4122 te
839 4081 966 4134 pace
1005 4065 1299 4122 fruiturum
1333 4084 1428 4136 per
1456 4083 1543 4124 me
1571 4070 1850 4126 confidito.
1881 4069 2066 4141 Neque

499 4172 630 4212 vero
661 4159 764 4212 ista
791 4157 946 4224 dicit,
991 4168 1250 4230 tanquam
1291 4175 1412 4229 quae
1445 4161 1800 4231 praenuntiat,
1840 4162 2065 4231 exsequi

501 4249 824 4306 necessitate
846 4261 1094 4320 cogatur.
1125 4249 1252 4306 Haec
1281 4252 1423 4306 enim
1445 4253 1780 4308 audientium
1800 4255 2066 4308 voluntati

499 4336 839 4406 arbitrioque
873 4331 1156 4407 relinquit.
1187 4337 1324 4392 Nam
1347 4348 1401 4392 et
1428 4338 1484 4392 in
1510 4340 1764 4394 Sodomis
1795 4343 1927 4396 urbs
1958 4357 2064 4396 uua

504 4437 716 4482 servata
749 4437 855 4495 est,
884 4444 1008 4484 cum
1041 4427 1220 4484 facilis
1261 4428 1328 4483 ad
1359 4430 1574 4485 veniam
1627 4429 1912 4496 Dominus,
1945 4433 2068 4486 Loti

511 4528 694 4577 causa,
727 4529 846 4568 eam
877 4514 945 4570 ab
967 4515 1048 4568 ira
1069 4528 1168 4569 sua
1187 4515 1462 4570 eximendi
1494 4517 1836 4573 occasionem
1866 4519 2068 4590 ample-

2163 3619 2298 3686 σμὸν
2327 3613 2564 3666 ἐποίσειν
2587 3611 3020 3682 ἐπηγγειλάμην,
3051 3608 3206 3680 μηδὲ
3241 3609 3517 3673 ,ϐουνούς
3546 3623 3607 3660 τε
3634 3607 3726 3659 καί

2161 3709 2268 3775 ὅρη
2294 3705 2719 3776 μεταστήσειν.
2753 3703 2890 3758 Uine
2923 3703 3101 3756 τοίνυν
3130 3703 3196 3755 τὰ
3229 3702 3356 3754 τότε
3391 3700 3724 3770 ἐψευσάμην,

2145 3790 2284 3852 ὀὔτε
2318 3799 2415 3867 τὴν
2440 3797 2533 3852 νῦν
2565 3796 2692 3866 περὶ
2723 3795 2812 3871 τοῦ
2847 3812 2906 3848 σε
2948 3794 3230 3862 ἐλεήσειν
3276 3792 3595 3861 ὑπόσχεσιν,
3640 3791 3728 3842 καὶ

2164 3893 2343 3961 πάσης
2374 3889 2700 3943 ἀπολαύσειν
2726 3886 2990 3955 εἰρήνης.
3027 3884 3212 3938 Ταῦτα
3234 3883 3288 3935 δέ
3323 3899 3512 3951 φησιν,
3542 3882 3639 3950 οὐχ
3661 3880 3729 3942 ὡς

2165 3981 2302 4052 ἔχων
2331 3979 2574 4047 ἀνάγκην
2601 3977 2636 4032 ἃ
2668 3977 2920 4046 προλέγει
2966 3977 3158 4028 ποιεῖν.
3191 3972 3378 4025 Ταῦτα
3417 3971 3528 4042 γὰρ
3576 3973 3632 4022 ἐν
3667 3972 3730 4038 τῇ

2165 4073 2271 4125 τῶν
2296 4069 2602 4124 ἀκουόντων
2637 4068 2817 4136 ἵστησι
2846 4063 3062 4137 γνώμῃ.
3093 4064 3202 4116 Καὶ.
3236 4064 3328 4116 ἐπὶ
3355 4063 3604 4131 Σοδόμων
3629 4061 3732 4130 γὰρ

2172 4165 2268 4234 μία
2302 4159 2455 4223 πόλις
2477 4158 2676 4228 ἐσώθη,
2701 4155 2794 4208 τοῦ
2824 4155 3134 4226 εύαφόρμου
3161 4153 3434 4204 Δεσπότου
3465 4152 3734 4220 πρόφασιν

2167 4255 2422 4316 λαϐόντος
2449 4249 2598 4320 παρὰ
2617 4249 2708 4302 τοῦ
2737 4247 2858 4300 Λὼτ
2890 4244 3169 4308 ὑπεξελεῖν
3201 4245 3369 4312 αὑτὴν
3415 4245 3515 4312 τῆς
3548 4241 3730 4311 διρῖἧέ-

2171 4346 2280 4400 Καὶ
2305 4343 2382 4413 τῷ
2409 4340 2676 4411 “Ἀ6ραὰμ
2727 4335 2956 4406 αὖξησιν
3003 4331 3370 4404 ἐπηγγείλατο
3395 4331 3604 4398 γένους,
3647 4331 3735 4381 καὶ

2171 4435 2418 4490 διάϐασιν
2447 4432 2525 4494 εἰς
2557 4429 2751 4492 αὐτοὺς
2779 4427 2886 4480 τῶν
2921 4423 3182 4492 εὖλογιῶν
3207 4464 3222 4488 ,
3247 4421 3406 4492 δῆλον
3430 4421 3564 4474 ὡσεὶ
3593 4419 3611 4458 1
3639 4437 3732 4487 φύε

2171 4527 2414 4582 λάττοιεν
2439 4524 2488 4576 oi.
2527 4520 2586 4586 ἐξ
2619 4518 2784 4573 αὑτοῦ
2817 4515 2915 4580 τὰς
2957 4513 3229 4586 πατρικὰς
3263 4511 3507 4574 ἐντολὰς,
3544 4510 3618 4572 ὡς
3645 4509 3735 4560 καὶ

507 4618 610 4657 xus
639 4602 792 4660 est“.
820 4602 1131 4658 Abrahamo
1147 4601 1344 4658 deinde
1369 4605 1585 4676 generis
1603 4607 2054 4678 propagationem

2179 4609 2340 4680 αὐτὸς
2368 4611 2810 4684 φησιν·ιἜγνων
2839 4607 2946 4676 γὰρ
2971 4606 3053 4658 ὅτι
3076 4601 3592 4670 συντάξειᾌῦραὰμ
3617 4601 3736 4661 τοὺς

503 4704 557 4750 et
587 4695 1026 4750 benedictionum
1059 4694 1114 4749 in
1142 4694 1284 4751 idem
1319 4698 1608 4753 transitum
1641 4699 1916 4768 pollicitus
1945 4708 2064 4755 est:

505 4800 566 4837 ea
599 4784 856 4838 niuzirum
891 4785 1009 4854 lege
1052 4793 1106 4841 et
1151 4787 1484 4854 conditione,
1523 4797 1581 4844 ut
1623 4791 1790 4859 patris
1849 4791 1922 4844 illi
1965 4791 2070 4847 viis

508 4878 846 4942 insisterent,
903 4877 1133 4948 ejusque
1191 4881 1444 4934 mandata
1495 4881 1871 4937 custodirent:
1922 4897 2068 4945 cum,

509 4985 565 5027 ut
595 4975 734 5028 idem
777 4973 878 5026 sibi
913 4973 1072 5028 testis
1119 4980 1224 5036 est,
1256 4971 1625 5028 Abrahamum
1683 4973 1807 5028 [iliis
1863 4974 1978 5028 suis
2005 4975 2072 5028 de

508 5063 750 5119 timendo
817 5062 925 5118 Deo
981 5073 1250 5133 praecepta
1309 5063 1563 5117 daturum
1627 5081 1732 5119 non
1776 5066 2070 5134 ignoraret.

513 5154 724 5220 Postea,
753 5161 808 5206 ιιι
830 5152 1206 5206 Chaldaeorum
1241 5153 1615 5206 crudelitatem
1645 5165 1928 5208 accusaret
1953 5171 2073 5208 con-

2167 4707 2316 4770 υἱοὺς
2343 4703 2506 4760 αὐτοῦ
2538 4699 2820 4770 φοϐεῖσθαι
2847 4697 2936 4750 τὸν
2963 4695 3114 4748 Θεόν.
3131 4714 3150 4746 ι
3174 4691 3307 4747 Εἶτα
3332 4693 3631 4762 κατηγορεῖ
3646 4691 3738 4756 τῆς

2165 4797 2272 4851 τῶν
2297 4794 2574 4849 Χαλδαίων
2623 4790 2902 4860 ὠμότητος
2949 4787 3156 4854 λέγων’
3219 4786 3299 4838 Οὐ
3337 4779 3735 4850 παρεκλήθης.

2169 4888 2276 4942 Τοῦ
2310 4888 2419 4956 γὰρ
2455 4881 2824 4954 πρεσϐυτέρου
2853 4879 2944 4932 τὸν
2967 4876 3130 4960 ζυγὸν
3163 4875 3456 4946 ὲῧὰρυναν,
3495 4871 3594 4924 καὶ
3621 4887 3740 4922 παι.-

2168 4980 2268 5034 δία
2285 4979 2384 5031 οὐκ
2410 4976 2671 5046 ἠλέησαν.
2703 4990 2720 5023 ι
2754 4971 2898 5038 Ἐγὼ
2925 4970 3032 5040 γὰρ
3059 4966 3340 5040 ὠργίσθην
3373 4965 3554 5032 ὀλίγα,
3593 4962 3737 5016 αὐτοὶ

2170 5070 2226 5124 δὲ
2251 5066 2608 5123 συνεπέθεντο
2625 5065 2703 5126 εἰς
2727 5062 2890 5116 κακά.
2914 5081 2932 5113 ι
2957 5060 3094 5114 Ἀλλ’
3113 5057 3222 5128 ἐγώ
3241 5075 3298 5110 σε
3320 5053 3735 5124 παρακαλέσει»,

2173 5159 2490 5229 ἁνοικισμόν
2522 5173 2604 5210 σοι
2631 5156 2971 5225 δωρούμενος
3016 5151 3319 5222 κρείττονα.
3355 5147 3610 5208 Θέλοντος
3637 5145 3737 5212 γὰρ

509 5243 768 5297 solutione
797 5241 1030 5296 caruisse
1069 5240 1289 5308 adjecit.
1325 5237 1582 5323 seniores
1603 5242 1744 5295 enim
1777 5243 1924 5312 gravi
1949 5243 2054 5312 jllgt

2181 5253 2339 5323 μόνον
2373 5251 2474 5318 ὕλη
2504 5249 2655 5302 πᾶσα
2682 5247 2842 5316 τιμία
2876 5244 3231 5315 παρίσταται,
3283 5240 3444 5309 μόνον
3481 5240 3530 5291 εἱ
3582 5251 3737 5307 μετα-

511 5339 916 5401 oppresscrant,
964 5344 1140 5400 neque
1193 5311 1545 5401 parvulorum
1584 5332 1791 5386 miscrti
1841 5333 2075 5386 fuerant.

519 5439 541 5474 ι
579 5422 693 5492 Ego
716 5422 1015 5493 siquidem,
1047 5422 1145 5488 ait,
1193 5437 1490 5492 parumper
1539 5423 1715 5478 iratus
1749 5422 1858 5488 fui;
1889 5430 1942 5476 at
2003 5425 2076 5478 ilii

2179 5341 2427 5403 νοοῦντες
2461 5337 2600 5404 ἄξιοι
2624 5334 2890 5406 γένοισθε.
2913 5333 3118 5386 Τούτου
3157 5333 3213 5384 δὲ
3242 5329 3318 5400 μὴ
3338 5328 3627 5398 γενομένου
3651 5324 3736 5424 καὶ

2181 5429 2250 5484 τὰ
2273 5431 2368 5499 τῆς
2397 5427 2728 5497 ἐπαγγελίας
2757 5427 2935 5497 ἀργεῖ.
2959 5425 3084 5488 Τοῖς
3109 5423 3214 5494 γὰρ
3245 5419 3384 5474 κατὰ
3407 5419 3572 5488 νόμον
3602 5419 3736 5488 βιοῦ·

518 5513 845 5570 edditlerunt
903 5515 969 5568 ad
1025 5512 1249 5569 mala".
1283 5534 1301 5566 ι
1353 5515 1456 5570 Sed
1521 5524 1593 5580 te,
1655 5517 1863 5569 meliori
1928 5519 2054 5586 long

2185 5539 2267 5575 σιν
2298 5522 2350 5572 αἱ
2377 5519 2716 5587 ἐπαγγελίαι,
2755 5517 2847 5582 οὒς
2879 5515 3024 5570 Θεοῦ
3055 5514 3206 5567 καλεῖ
3235 5510 3574 5576 διδακτούς.
3612 5501 3737 5561 Εἶτα

589 5627 847 5694 “Jobtx,
875 5628 1041 5695 30,31
1119 5631 1164 5662 ⁸⁵
1185 5629 1321 5684 Gen.
1361 5643 1470 5690 mt,
1517 5627 1608 5682 2|.

595 5794 620 5832 ιε
656 5793 743 5846 ἵσ.
784 5794 1034 5863 ἤμελλες.
1118 5792 1238 5845 lio.
1272 5793 1509 5862 δηλονότι
1549 5796 1616 5845 εἰ.

1687 5629 1732 5657 ⁸⁸
1760 5627 1989 5682 Zaeltar.
2021 5647 2058 5708 ι.
2095 5631 2181 5685 lii.

1798 5724 2028 5778 ΥΜΗΛΞ
2079 5721 2476 5777 ῌεζίῖῚΊυἪεὶὸ.
