3980 6306
339 350 490 417 2549

1514 366 2049 431 COMMENTARII
2073 365 2159 430 IN
2197 362 2488 426 ISAIAM.

3477 362 3620 425 2550

347 463 600 519 παιδεύει
634 464 710 537 μή
743 466 977 538 τείχεσιν
998 467 1188 534 ἁπλῶς
1221 472 1315 525 καὶ
1353 475 1463 537 τοῖς
1509 476 1799 545 φυλάττειν
1845 476 1933 530 ὅο-

2061 490 2303 532 :oncessa
2350 474 2775 540 instauratione,
2823 476 3161 531 consolabor.
3211 476 3292 530 Me
3345 477 3489 529 enim
3528 458 3620 529 vu-

346 557 512 612 χοῦσι
535 557 689 612 πόλιν
725 558 970 634 θαῤῥεῖν,
1003 571 1040 593 ¹¹
1065 562 1408 637 δικαιοσύνῃ.

2059 565 2207 620 lente
2241 558 2444 629 solum,
2471 565 2679 634 quaevis
2706 565 2758 619 in
2785 578 3036 637 promptu
3064 578 3145 622 est
3176 569 3413 637 pretiosa
3451 580 3621 623 matc-

342 649 459 713 ria,
489 650 534 706 si
570 666 668 722 per
699 652 1081 723 paenitentiam
1116 654 1264 724 digni
1305 656 1468 712 liatis.
1498 658 1652 725 Quod
1679 659 1725 715 si
1757 657 1903 715 istud
1944 656 2110 721 desit,
2152 657 2390 713 otiosam
2418 667 2475 712 et
2499 671 2693 712 vanam
2745 672 2871 714 esse
2939 662 3363 729 promissionem
3405 668 3617 716 certum

342 756 458 804 est.
500 747 585 802 Ad
623 762 721 804 eos
760 747 931 814 enim,
962 750 1055 818 qui
1094 749 1303 821 degunt
1334 767 1400 807 ex
1434 754 1570 824 legis
1600 754 1942 826 praescripto,
1983 759 2235 823 spectant
2265 751 2834 823 promissiones;quo
2859 752 2958 808 Dei
2991 755 3278 822 discipulos
3341 756 3444 829 hoc
3504 755 3627 810 loco

341 841 619 895 nominat.
659 837 828 897 Docet
855 848 1148 911 praeterera
1168 857 1276 898 non
1305 845 1471 916 622
1518 846 1796 903 mmnibus
1819 854 2033 900 tantum
2072 853 2128 902 et
2187 846 2556 913 custodibus,
2616 844 2712 901 sed
2778 844 2994 915 justitia
3046 847 3206 900 etiam
3277 857 3449 905 Luam
3505 866 3626 905 esse
3668 833 3676 841 ’

343 934 655 989 civitatem.

423 1027 596 1081 Τοῦτο
653 1027 764 1100 γὰρ
816 1029 900 1093 τὸ,
958 1030 1031 1085 ἐν
1066 1030 1424 1103 δικαιοσύνῃ
1460 1034 1928 1106 οῑκοδομηθήσῃ.

349 1118 580 1191 Ταύτην
602 1119 712 1189 γὰρ
742 1120 1059 1176 ἀσκούντων
1109 1126 1204 1177 καὶ
1226 1124 1296 1178 τὰ
1328 1125 1510 1195 ὑψηλὰ
1535 1127 1637 1196 τῆς
1677 1125 1935 1195 Ἱεριχοῦς

348 1211 569 1264 ἀκονιτὶ
613 1209 893 1283 καθῄρητο
929 1213 1107 1284 τείχη.
1156 1215 1374 1286 Ταύτην
1405 1213 1502 1270 οὖν
1542 1216 1727 1285 ἀσκῶν
1764 1216 1826 1268 οὐ
1860 1214 1937 1285 μὴ

349 1301 675 1371 φοϐηθήσῃ
699 1318 714 1333 ν
753 1301 956 1372 μᾶλλον
998 1302 1057 1356 δὲ
1101 1305 1550 1373 ἀκαταγὼνιστος
1593 1306 1714 1377 ἔσῃ,
1740 1306 1815 1369 ὡς
1844 1306 1941 1358 καὶ

349 1392 427 1446 τὰ
453 1391 638 1464 κύκλῳ
668 1392 1007 1464 πολεμοῦντα
1039 1411 1099 1449 σε
1126 1395 1260 1468 γένη
1293 1397 1654 1467 παροικήσειν
1678 1398 1828 1468 ύμῖν,
1846 1395 1942 1449 καὶ⁷

353 1482 454 1550 ὑφ’
507 1483 662 1552 ὑμῶν
720 1481 1056 1553 βοηθεῖσθαι,
1112 1484 1210 1555 τῆς
1245 1484 1385 1555 ἐμῆς
1432 1482 1943 1555 ροπῆς.παρούσης

354 1574 510 1644 ὑμῖν.
546 1574 621 1627 Τὸ
656 1575 944 1646 ἀκάματον
975 1576 1033 1630 δὲ
1081 1579 1185 1648 τῆς
1220 1577 1418 1633 ἑαυτοῦ
1453 1577 1689 1647 φύσεως,
1738 1577 1834 1630 καὶ
1883 1576 1945 1627 τὸ

353 1665 458 1719 ἀπ’
504 1658 755 1732 ἐξουσίας
813 1666 958 1735 ἆπερ
988 1667 1264 1731 ἂν,ὲθέλοι
1296 1671 1472 1725 ποιεῖν
1504 1669 1566 1733 ἐξ
1610 1668 1947 1739 ἀναιρέσεως

357 1757 484 1811 τῶν
515 1757 929 1827 χωκευτικῶν
955 1760 1254 1830 παρίστησι
1276 1761 1512 1831 μόχθων.
1529 1758 1706 1820 Κτίζω
1732 1760 1810 1825 δὲ,
1838 1776 1941 1830 φη-

357 1849 472 1915 σὶν,
501 1850 561 1903 ού
590 1849 808 1904 σκοπῶν
836 1850 1139 1908 ἀπολέσαι
1177 1851 1238 1905 τὸ
1279 1851 1579 1923 παραχθέν.
1613 1852 1686 1905 Οὐ
1719 1849 1828 1922 γὰρ
1858 1851 1944 1905 ἵνα

358 1942 551 2012 σχοίην
596 1940 691 2005 οὒς
739 1942 1148 2013 τιμωρήσομαι,
1178 1943 1307 2007 τοὺς
1339 1942 1662 2014 ἀνθρώπους
1689 1941 1948 2012 ἐποίησα,

358 2026 427 2092 ἐξ
453 2028 788 2100 ἀγαθότητος
835 2028 894 2083 δὲ
950 2027 1183 2095 κτίζων,
1220 2030 1341 2101 μετ’
1388 2031 1563 2099 αὐτῆς
1609 2031 1702 2085 καὶ
1737 2030 1945 2085 διοικῶ.

372 2116 620 2186 Ἐχθρὦ
646 2117 700 2170 δέ
727 2134 832 2185 σοι,
861 2121 1053 2190 φησιν,
1076 2116 1343 2173 ἐπιόντων
1376 2118 1501 2175 πᾶν
1522 2119 1746 2187 σκεῦος
1773 2123 1950 2193 ἀργή-

364 2224 452 2262 σει
478 2207 808 2278 πολεμικόν
842 2209 917 2272 ὠς
942 2208 1053 2281 γὰρ
1095 2210 1340 2265 Ἰουδαῖοι
1368 2211 1548 2266 πάντα
1580 2212 1793 2267 δίκαιον
1824 2212 1951 2283 ὲμίο

363 2316 521 2363 σουν,
544 2295 882 2371 δύσχρηστον
902 2301 1200 2366 καλοῦντες
1237 2301 1400 2357 αὐτόν
1425 2319 1441 2334 ο
1479 2301 1653 2367 οὕτως
1673 2305 1723 2357 οἱ
1767 2302 1954 2374 κύκλῳ

361 2389 473 2455 τῆς
518 2388 771 2453 Ἰουδαίας
818 2388 1179 2445 θεοσεϐοῦντα
1214 2393 1308 2446 τὸν
1352 2392 1481 2446 λαὸν
1521 2392 1950 2463 ἀπεστρέφοντο,

366 2479 815 2551 δυσχεραίνοντες
846 2481 933 2550 ἐφ’
962 2474 1043 2540 οἷς
1067 2481 1205 2535 Θεοῦ
1234 2482 1408 2554 ῥοπήν
1445 2482 1633 2554 ἑώρων
1672 2483 1953 2553 παροῦσαν

368 2573 582 2636 αὐτοῖς.
608 2572 808 2628 Λοιπὸν
836 2573 1111 2628 δείκνυσιν
1144 2576 1173 2627 ὁ
1205 2576 1490 2646 προφήτης
1514 2576 1589 2638 ὡς
1618 2577 1720 2629 οὐκ
1748 2574 1955 2645 ἄψυχον

367 2662 598 2730 σκεῦος
622 2664 861 2719 διακονεῖ
904 2664 983 2736 τῷ
1017 2665 1159 2735 Θεῷ,
1189 2665 1306 2719 ἀλλ’
1334 2666 1410 2730 ὡς
1444 2666 1541 2720 καὶ
1582 2665 1748 2739 αὐτὸς
1813 2683 1955 2738 παρ-

370 2755 743 2826 ακολούθησιν
761 2756 900 2828 ἔχων
919 2757 1027 2814 τῶν
1047 2759 1458 2830 πραττομένων,
1476 2759 1509 2830 ἢ
1528 2760 1758 2832 ἐπιτιμᾷ
1778 2760 1956 2833 ἁμαρι

371 2849 597 2901 τάνουσι
618 2847 811 2918 λέγων·
826 2868 844 2901 ι
857 2850 994 2903 0ύαῖ⁵
1009 2848 1160 2915 ἔθνος
1180 2850 1521 2922 ἁμαρτωλόν·
1537 2851 1597 2923 ιῆ
1618 2851 1955 2923 ἀμελοῦντας

372 2940 785 3008 διανίστησιν.
810 2940 1000 3013 ὥσπερ
1020 2941 1112 2995 καὶ
1142 2942 1257 3008 νῦν,
1285 2942 1397 2995 Ούκ
1436 2942 1586 2995 ἔσται
1623 2958 1727 3008 σοι,
1767 2944 1954 3014 φησὶν,

375 3032 642 3102 ἀνόνητον
671 3030 733 3085 τὸ
756 3031 1037 3086 πιστεύειν
1073 3032 1214 3103 Θεῷ,
1248 3033 1363 3086 ἀλλ’
1393 3032 1536 3099 ἕξεις
1562 3034 1786 3100 ἐλπίδας
1821 3040 1962 3102 κλη-

2045 1020 2054 1027 ’
2111 1028 2227 1082 tloc
2265 1027 2411 1081 enim
2449 1023 2652 1088 innuit,
2694 1037 2818 1076 cum
2859 1021 2911 1075 in
2962 1019 3185 1090 justitia
3241 1020 3621 1090 a'diﬁcaberts,

2036 1120 2257 1189 adjecit.
2298 1118 2453 1172 Hanc
2484 1116 2629 1171 enim
2657 1114 2747 1184 qui
2774 1114 2992 1176 colunt;
3024 1112 3107 1165 vel
3130 1111 3238 1165 alta
3283 1110 3625 1168 Jrriehuntis

2036 1213 2241 1268 muenia
2282 1210 2433 1264 nullo
2454 1207 2674 1277 negotio
2719 1205 3017 1275 dejecerint
3050 1204 3117 1257 ⁸⁸.
3149 1203 3337 1274 Itaque
3388 1221 3495 1258 non
3543 1215 3628 1260 est

2038 1304 2185 1374 quod
2215 1304 2424 1365 timeas,
2489 1300 2535 1355 si
2592 1315 2711 1355 eam
2772 1298 3144 1368 aniplecteris.
3209 1296 3324 1351 lmo
3368 1312 3500 1351 vero
3552 1298 3624 1350 ita

2042 1395 2245 1449 invicta
2276 1392 2457 1447 futura
2480 1407 2540 1448 es
2562 1432 2576 1455 ,
2612 1402 2669 1445 ut
2726 1390 2818 1461 qui
2854 1400 2906 1445 te
2934 1390 3181 1460 undique
3238 1390 3629 1451 adoriebantur

2041 1487 2246 1558 pepuli,
2276 1496 2368 1539 tua
2390 1485 2503 1556 jam
2545 1483 2769 1549 vicinia,
2803 1490 3006 1552 tuoque
3037 1483 3267 1546 auxilio,
3304 1497 3428 1537 cum
3468 1498 3629 1538 meus

2043 1580 2141 1635 tibi
2204 1576 2363 1633 faVor
2420 1576 2743 1641 accesserit,
2782 1575 2883 1631 sibi
2942 1574 3131 1629 felices
3184 1574 3499 1631 videantur.
3548 1572 3628 1628 Eo

2043 1681 2224 1726 autem
2254 1668 2557 1724 indefessas
2603 1679 2831 1721 naturae.
2866 1682 2978 1722 sum
3011 1666 3157 1721 vires
3214 1675 3266 1720 et
3300 1673 3627 1734 potestatem

2049 1758 2344 1831 significat,
2377 1740 2521 1828 quod
2542 1772 2601 1811 se
2628 1756 2780 1810 nullo
2822 1756 3029 1819 labore,
3053 1768 3397 1826 quaecunque
3443 1754 3631 1808 volue-

2051 1852 2145 1918 rit,
2190 1859 2382 1904 eontra
2443 1848 2758 1902 wrariorum
2817 1860 3044 1911 morem,
3095 1843 3415 1900 elIectnrum
3470 1845 3626 1899 dicit.

2050 1941 2313 2011 Adjungit
2339 1940 2502 1995 etiam
2541 1955 2649 1994 non
2683 1953 2749 1993 eo
2781 1953 2843 2000 se
2868 1940 2995 1999 line.
3031 1947 3089 1992 ut
3117 1937 3299 2005 perdat
3330 1940 3474 2007 quod
3516 1937 3634 1993 edi-

2050 2033 2150 2096 dit,
2184 2048 2384 2087 creare.
2418 2029 2605 2098 Neque
2634 2031 2780 2084 enim
2808 2045 2889 2095 se,
2915 2037 2973 2084 ut
2997 2030 3219 2084 haberet
3242 2045 3379 2099 quos
3403 2028 3633 2083 ulcisce-

2052 2133 2222 2188 retur,
2257 2123 2505 2179 homines
2542 2121 2775 2187 fecisse;
2825 2122 2920 2177 sed
2966 2139 3081 2191 qua
3109 2122 3355 2179 bonitate
3411 2121 3630 2186 creavit,

2053 2215 2239 2270 eadem
2265 2221 2320 2268 et
2352 2213 2476 2267 illos
2518 2212 2846 2282 gubernare.
2878 2210 3142 2267 Hostibus
3175 2227 3340 2282 porro
3373 2212 3633 2281 ingruen-

2068 2305 2241 2371 tibus,
2286 2305 2382 2366 ait,
2411 2319 2563 2357 omne
2604 2319 2695 2356 vas
2728 2302 2925 2356 hostile
2956 2302 3217 2357 cessabit.
3258 2301 3328 2356 Ut
3364 2303 3509 2357 enim
3544 2300 3643 2370 ⁶ῑιιεο⁸

2054 2405 2198 2452 stum
2221 2395 2520 2466 quemlibet
2561 2393 2790 2447 oderant
2820 2391 3014 2459 Judaei,
3044 2393 3400 2463 inutilemque
3430 2393 3635 2449 vocita-

2056 2489 2217 2551 bant,
2244 2486 2325 2541 sic
2358 2496 2411 2540 et
2441 2483 2604 2538 vii-iui
2637 2483 2877 2552 undique
2921 2483 3068 2552 pium
3114 2482 3425 2538 Judaaorum
3460 2498 3635 2553 popu-

2057 2582 2168 2635 lum
2208 2575 2332 2631 ideo
2374 2574 2790 2638 aversabantur,
2826 2571 2973 2643 quod
3005 2573 3179 2627 eidem
3224 2571 3393 2627 Deum
3438 2573 3637 2629 adesse

2059 2669 2335 2725 videbant.
2376 2666 2644 2736 Deinceps
2688 2680 2747 2721 se
2774 2667 3061 2737 propheta,
3098 2681 3210 2720 non
3243 2674 3507 2735 tanquam
3542 2683 3635 2723 vas

2058 2761 2279 2833 aliquod
2307 2760 2569 2827 inanime,
2596 2756 2707 2813 Deo
2736 2757 3073 2819 subservire.
3103 2759 3197 2813 sed
3228 2773 3414 2813 eorum
3446 2759 3636 2825 etiam,

2059 2870 2178 2926 qua:
2206 2861 2473 2924 geruntur
2521 2851 2769 2905 notitiam
2802 2850 3007 2906 habere
3062 2851 3268 2906 iudicat
3296 2869 3312 2917 ;
3346 2852 3511 2917 dum,
3544 2859 3639 2905 aut

2061 2946 2445 3020 peccatoribus
2498 2954 2950 3002 succensetzcum
3005 2945 3154 3015 genti
3198 2944 3505 3015 peccatriei
3534 2944 3637 2998 im-

2065 3048 2359 3113 precatur:
2413 3048 2508 3093 aut
2558 3039 2787 3109 supinos
2850 3045 2903 3093 et
2945 3039 3282 3108 negligentes
3314 3037 3545 3103 excitat;
3583 3046 3645 3092 ut

366 3116 636 3194 ’ρονόμος
687 3125 943 3193 γενέσθαι
998 3124 1166 3179 Θεοῦ.
1207 3127 1303 3189 Ὃς
1346 3127 1439 3178 καὶ
1466 3118 1819 3191 αὐτεξούσιον
1852 3129 1953 3187 δει-

2068 3132 2171 3185 hoc
2202 3129 2340 3193 loco,
2370 3142 2495 3183 eum
2530 3127 2604 3190 ei,
2625 3126 2671 3182 si
2700 3121 2812 3181 Deo
2843 3125 3054 3187 credat,
3083 3140 3190 3179 non
3241 3123 3489 3180 futurum
3556 3125 3645 3180 in-
3730 3136 3735 3145 λ

379 3218 517 3284 xvii;
545 3217 645 3287 τὴν
666 3216 887 3288 ἀρετὴν,
913 3215 1078 3289 φησιν
1102 3233 1116 3249 ο
1148 3217 1410 3273 Ἔσεσθέ
1435 3236 1536 3288 μοι
1565 3218 1801 3274 δίκαιοι.

971 3484 1219 3540 ΚΕΦΑΛ.
1261 3476 1386 3539 NE’.

449 3583 621 3647 σι’-ιγ’.
668 3577 735 3630 οι
770 3573 1086 3644 διψῶντες,
1127 3575 1456 3643 πορεύεσθε
1507 3574 1600 3644 ἐφ’
1628 3575 1808 3643 ὕδωρ.
1869 3578 1965 3631 καὶ

372 3670 524 3725 ὅσοι
560 3668 645 3738 μὴ
667 3670 839 3736 ἔχετε
868 3667 1173 3736 ἀργύριον.
1204 3667 1576 3733 βαδίσαντες
1610 3667 1966 3737 ἀγοράσατε,

384 3760 491 3816 καὶ
526 3762 689 3814 alata
733 3759 881 3822 ἀνευ
911 3758 1197 3827 ἀργυρίου
1230 3760 1329 3813 καὶ
1390 3758 1586 3828 τιμῆς,
1645 3756 1816 3813 οἶνον
1870 3761 1970 3814 καὶ

384 3853 596 3922 στέαρ.
640 3852 764 3907 Ἵνα
794 3853 850 3905 τί
873 3850 1120 3921 τιμᾶσθε
1144 3851 1429 3921 ἀργυρίου
1454 3853 1553 3905 καὶ
1587 3850 1695 3904 τὸν
1737 3854 1971 3922 μόχθον

388 3941 565 4012 ὑμῶν
592 3943 702 3997 οὐκ
751 3943 837 4006 εις
888 3940 1258 4010 πλησμονήν
1289 3957 1308 4005 ;
1354 3940 1668 3995 Ἀκούσατέ
1699 3959 1841 4011 μου.
1872 3943 1971 3995 καὶ

386 4036 656 4106 φάπνεσθε
706 4031 918 4103 ἀγαθὰ,
966 4031 1066 4086 καὶ
1108 4028 1472 4099 ἐντρυφήσει
1523 4030 1600 4084 ἐν·
1635 4031 1880 4100 ἀγαθοῖς
1930 4035 1968 4101 ἡ

388 4127 566 4198 ⁴ψυχὴ
598 4124 800 4196 ὑμῶν,
838 4144 889 4179 κ.
923 4142 977 4178 τ.
1005 4123 1057 4179 λ.

477 4220 537 4271 '0
569 4216 799 4288 Χριστὸς
833 4217 995 4269 πᾶσιν
1048 4217 1377 4285 ἐκήρυττεν·
1417 4232 1433 4265 ι
1471 4213 1536 4267 Εἴ
1561 4231 1643 4278 τις
1692 4215 1843 4287 διψᾷ,
1878 4219 1973 4287 ἐρ-

288 4376 297 4381 ,
395 4312 577 4383 χέσθω
605 4311 740 4381 πρός
767 4328 887 4381 με.)
923 4309 1200 4379 ποταμοὺς
1226 4309 1289 4361 ἐκ
1308 4307 1405 4377 τῆς
1427 4308 1634 4370 κοιλίας
1649 4310 1815 4364 αὐτοῦ
1846 4311 1973 4382 ῥεύ-

397 4420 518 4457 σειν
578 4402 768 4468 εἰπὼν,
828 4400 896 4454 δι’
950 4393 1025 4454 ὧν
1075 4399 1267 4469 ἐδήλου
1313 4400 1374 4451 τὺ
1424 4398 1652 4470 Πνεῦμα
1684 4404 1745 4453 τὸ
1797 4390 1972 4472 ἅγιον.

2067 3222 2219 3284 utile,
2248 3221 2338 3276 sed
2378 3234 2529 3290 spem
2564 3218 2757 3273 divime
2786 3216 3116 3271 hazreditatis
3141 3216 3643 3274 adeuudzehalntu-

2066 3324 2185 3361 rum
2215 3309 2447 3363 asserit:
2492 3321 2616 3360 cum
2654 3304 2893 3371 denique
2934 3303 3118 3356 libera:
3170 3306 3462 3372 potestatis
3521 3321 3644 3359 «sse

2064 3400 2321 3452 virtutem
2345 3397 2753 3458 demonstrans,
2786 3394 2960 3465 justas
2987 3392 3087 3447 sibi
3115 3393 3227 3463 [ore
3250 3391 3498 3446 aﬂirmat.

2743 3486 2893 3541 CAP.
2929 3484 3038 3540 LV.

2135 3582 2299 3653 623
2332 3580 2495 3636 Vens.
2536 3579 2689 3633 i315.
2720 3577 2821 3642 Qui
2864 3579 3047 3643 εἱιὶιὶε,
3102 3579 3174 3632 ite
3228 3579 3297 3636 ad
3350 3593 3561 3646 aquam,
3596 3585 3646 3631 et

2067 3682 2319 3744 quotquot
2350 3689 2453 3726 non
2486 3670 2691 3725 habetis
2720 3679 3022 3739 argentum,
3057 3679 3238 3723 euntes
3276 3669 3452 3728 emite.
3494 3680 3542 3722 et
3567 3666 3647 3719 bi-

2071 3766 2173 3818 bite
2209 3766 2403 3834 absque
2427 3772 2643 3833 argento
2663 3772 2709 3815 et
2734 3760 2902 3830 pretio
2926 3759 3107 3813 viuum
3144 3771 3189 3813 et
3216 3759 3448 3828 adipem.
3472 3758 3650 3823 Quare

2070 3856 2365 3925 expenditis
2406 3865 2679 3926 argentum
2712 3854 2892 3906 nonin
2932 3852 3180 3917 panibus,
3204 3863 3253 3907 et
3292 3847 3525 3904 laborem
3566 3867 3653 3904 ve-

2074 3959 2242 4004 strum
2271 3964 2372 4002 non
2397 3949 2450 4000 in
2472 3945 2798 4000 saturitate?
2830 3944 3022 3997 Audite
3048 3961 3126 3996 me
3142 3953 3189 3996 et
3218 3942 3473 3998 comedite
3492 3941 3650 4007 bona,
3676 3951 3686 3960 '

2036 4054 2043 4059 '
2075 4057 2119 4097 et
2147 4039 2552 4094 deliciabituriu
2577 4037 2729 4091 bonis
2754 4039 2933 4090 anima
2966 4047 3159 4101 vestra,
3192 4045 3296 4090 etc.

2149 4215 2314 4289 624
2341 4216 2545 4271 Omnes
2601 4214 2867 4269 invitabat
2897 4213 3173 4278 Chrisms,
3218 4228 3342 4268 cum
3388 4213 3602 4267 diceret
3640 4231 3654 4266 :

2088 4325 2104 4357 ι
2150 4307 2205 4361 Si
2246 4306 2370 4375 quis
2413 4304 2548 4368 sitit,
2589 4303 2771 4357 veniat
2822 4302 2889 4357 ad
2936 4318 3067 4369 me;
3103 4300 3325 4355 ﬂuiuina
3354 4301 3420 4355 de
3464 4310 3659 4354 ventre

2082 4400 2202 4469 ejus
2231 4398 2403 4453 ﬂuent
2434 4397 2487 4429 ⁸⁷
2518 4413 2532 4463 ;
2580 4415 2598 4447 ι
2641 4394 2842 4464 quibus
2874 4394 3058 4449 verbis
3095 4392 3360 4463 Spiritum
3399 4400 3656 4447 sanctum

396 4496 516 4549 Καὶ
545 4494 681 4565 πρὸς
722 4494 823 4565 τὴν
854 4493 1183 4562 Σαμαρεῖτιν
1212 4491 1266 4544 δέ
1283 4507 1446 4561 φησιν
1470 4507 1485 4522 ο
1521 4509 1541 4543 ι
1587 4493 1683 4556 Ὃς
1714 4494 1758 4547 δ’
1787 4494 1854 4548 ἂν
1878 4499 1953 4571 πει

2085 4487 2432 4559 signiﬁcavit.
2484 4485 2581 4541 Est
2612 4484 2810 4539 deinde
2848 4492 2902 4539 et
2945 4482 3332 4538 Samaritidem
3384 4483 3661 4535 allocutus

396 4590 469 4642 ὲκ
499 4586 592 4640 τοῦ
621 4585 833 4650 ὓδατος,
873 4578 933 4638 οῦ
961 4584 1071 4652 ἐγὼ
1092 4582 1248 4636 δώσω
1306 4582 1478 4654 αὐτῷ,
1506 4585 1744 4655 ποταμοὶ
1787 4587 1850 4641 ἐκ
1883 4590 1947 4660 τῆ

2087 4583 2174 4637 his
2201 4579 2381 4634 verbis
2416 4597 2428 4633 :
2469 4596 2484 4628 ι
2527 4576 2630 4642 Qui
2659 4572 2861 4631 biberit
2893 4590 3115 4644 aquam,
3148 4590 3311 4644 quam
3359 4587 3459 4643 ego
3496 4568 3660 4660 dabo,

398 4678 611 4742 κοιλίας
640 4677 809 4751 αύτοῦ
840 4676 1126 4747 ῥεύσουσιν
1170 4674 1364 4737 ὓδατος
1396 4674 1620 4740 ζῶντος.
1659 4696 1678 4729 ι
1723 4678 1859 4750 Περὶ⁵
1878 4682 1946 4735 αὐ

2084 4671 2309 4727 ﬂumina
2355 4668 2422 4722 de
2467 4674 2662 4720 ventre
2684 4665 2804 4735 ejus
2836 4663 3005 4717 ﬂuent
3068 4678 3224 4732 aquae
3254 4661 3490 4716 viventis
3521 4659 3592 4714 ⁸⁸.
3639 4677 3658 4710 ι

397 4769 500 4823 τοῦ
520 4769 576 4822 δὲ
608 4768 704 4822 τοῦ
727 4767 961 4840 Χριστοῦ
1009 4767 1173 4821 Δαὸὶδ
1205 4766 1358 4835 ἔλεγε
1384 4782 1397 4795 ·
1442 4787 1460 4818 ι
1500 4768 1605 4820 Καὶ
1634 4768 1725 4822 τὸν
1751 4773 1953 4845 χειμάῤ

2084 4764 2160 4819 De
2193 4762 2421 4816 Christo
2451 4765 2634 4812 autem
2682 4758 2803 4826 ipso
2832 4757 2901 4810 -in
2955 4756 3071 4810 luec
3117 4757 3281 4808 verba
3323 4754 3544 4807 locutus
3579 4760 3662 4807 est

403 4863 537 4933 ῥουν
562 4862 662 4932 τῆς
690 4861 901 4941 τρυφῇς
958 4875 1053 4912 σου
1087 4860 1294 4919 ποτιεῖς
1350 4857 1569 4924 αὐτοὺς,
1607 4859 1688 4912 ὅτι
1716 4864 1867 4933 παρὰ
1900 4882 1953 4917 σο

2087 4853 2293 4910 David:
2332 4871 2351 4903 ι
2389 4850 2455 4904 Et
2511 4858 2755 4904 torrente
2801 4848 3123 4905 deliciarum
3185 4854 3400 4899 tuarum
3449 4843 3667 4918 potabis

404 4951 562 5023 πηγὴ
581 4951 744 5017 ζωῆς.
782 4969 803 5002 ι
831 4937 947 5005 Καὶ
985 4949 1177 5003 πάλιν·
1210 4968 1229 4999 ι
1266 4949 1371 5000 Τοῦ
1418 4950 1666 5019 ποταμοῦ
1711 4954 1780 5006 τὰ
1809 4956 1953 5025 ὁρμή

2082 4962 2200 5014 eos,
2226 4946 2484 5018 quoniam
2519 4942 2662 5012 apud
2717 4949 2769 4997 te
2797 4940 2921 4997 fons
2944 4950 3029 4996 est
3059 4937 3267 4993 vine”.
3306 4956 3323 4988 ι
3367 4938 3611 5004 itemque
3648 4956 3661 4991 :

409 5060 560 5114 ματα
592 5041 944 5111 εὐφραίνουσι
987 5041 1086 5111 τὴν
1137 5039 1290 5092 πόλιν
1334 5038 1430 5092 τοῦ
1475 5040 1634 5095 Θεοῦ.
1675 5062 1692 5095 ι
1723 5043 1895 5108 Αὐτὸς
1927 5047 1953 5098 ὁ

2089 5062 2106 5094 ι
2133 5038 2399 5096 Fluminis
2441 5038 2681 5105 impetus
2726 5035 3007 5089 laatilicant
3058 5031 3338 5086 civilatem
3399 5028 3494 5083 Dei
3526 5028 3591 5082 ”.
3640 5044 3662 5079 ι

404 5133 600 5202 ἑλεγεν
628 5137 685 5185 ὲν
714 5135 1023 5204 προφήταις
1050 5130 1285 5202 Χριστός
1305 5146 1319 5159 ο
1362 5149 1380 5181 ι
1429 5132 1560 5187 Ἰδοὺ
1597 5132 1709 5201 ἐγὼ
1751 5138 1953 5191 ἐκκλίνι

2085 5135 2151 5188 Et
2178 5134 2245 5189 de
2271 5149 2331 5187 se
2360 5132 2412 5184 in
2439 5128 2726 5199 prophetis
2756 5127 3017 5181 Christus
3053 5144 3066 5180 :
3103 5144 3120 5175 ι
3159 5122 3299 5177 Ecce
3326 5137 3427 5191 ego
3457 5120 3667 5175 inclino

406 5227 498 5282 ἐπ’
529 5227 725 5291 αὐτοὺς
748 5226 829 5289 ὡς
854 5224 1094 5294 ποταμὸς
1124 5224 1346 5294 εἰρήνης
1368 5240 1379 5252 ·
1422 5242 1439 5274 ι
1482 5226 1617 5296 φησι
1649 5226 1707 5279 δὲ
1738 5230 1831 5282 καὶ
1879 5232 1953 5283 Z:

2083 5226 2138 5279 in
2170 5238 2289 5288 eos,
2312 5234 2571 5289 tanquam
2602 5218 2799 5270 ﬂuvius
2825 5216 2978 5287 pacis
3022 5215 3090 5266 ³³.
3145 5233 3163 5264 ι
3194 5211 3260 5265 Et
3293 5210 3411 5266 Joel
3446 5212 3613 5296 etiam
3649 5227 3663 5263 :

407 5317 608 5391 χαρίας
642 5289 805 5384 ⁸,-ὅτι
842 5334 860 5368 ι
900 5289 1057 5387 [Inv-i1
1087 5316 1151 5368 ἐκ
1178 5289 1309 5365 ’τόδ
1339 5289 1505 5368 οἴκου-
1542 5289 1747 5390 Κυρίου
1776 5321 1953 5386 ὲξελεύ

2087 5314 2233 5371 Fons
2266 5317 2333 5369 de
2361 5313 2523 5366 domo
2563 5308 2780 5361 Domini
2832 5303 3168 5376 egredietur,
3192 5311 3248 5356 et
3297 5289 3670 5373 potabit'lor-

410 5430 593 5477 σεται,
618 5414 713 5467 καὶ
747 5415 925 5467 ποτιεῖ
970 5411 1061 5465 τὸν
1096 5408 1434 5479 χειμάρρουν
1488 5406 1595 5461 τῶν
1647 5409 1918 5480 σχοινίων.

2088 5408 2610 5477 rentemjuncorum
2651 5400 2720 5453 ⁹¹.
2757 5418 2777 5451 ι
2821 5397 2907 5453 Ad
2933 5396 3049 5450 haec
3076 5394 3245 5465 igitur
3290 5401 3346 5449 et
3400 5396 3504 5448 hoc
3552 5393 3672 5448 lem

487 5529 535 5561 ⁸⁸
554 5526 721 5583 .losue
750 5544 823 5590 vt,
856 5527 879 5579 l
917 5542 1071 5594 seqq.
1165 5523 1210 5554 ⁸⁷
1254 5519 1412 5575 Joan.
1443 5538 1538 5587 vn,
1572 5525 1658 5579 '58.
1737 5527 1783 5559 ⁸⁸
1812 5526 1948 5581 Joan

2061 5543 2087 5594 ν,
2122 5527 2206 5592 15,
2242 5526 2326 5579 Η.
2356 5522 2401 5555 ⁸³
2427 5512 2909 5577 Ps:I|.X.\X\',9,|0.
2960 5517 3005 5549 ’°
3027 5516 3172 5573 Psal.
3195 5531 3318 5580 XLV,
3356 5514 3410 5569 5.
3485 5511 3531 5544 ’³
3563 5513 3669 5568 lsat.

406 5599 684 5661 1.xvt,12.
761 5600 806 5630 ’⁸
836 5597 951 5653 .loel
987 5595 1168 5661 ut,18.

3484 5614 3487 5621 ν

1719 5692 1951 5749 νΑΙίΙᾸΞ
1992 5686 2404 5748 LECTIONES.

487 5796 532 5828 ιι
567 5788 653 5843 ἴσ.
690 5787 825 5842 ἀλλᾶ
865 5788 957 5843 καὶ
983 5788 1069 5857 τῇ.
1161 5792 1186 5820 η
1225 5803 1311 5855 γρ.
1356 5784 1550 5872 Ἰώηλ..
