3980 6306
223 350 380 416 25ὖῖ

1325 361 1855 425 COMMENTARII
1895 364 1978 424 IN
2017 364 2305 445 [δΑΙΑΜ.

3266 385 3270 390 ·
3343 364 3482 430 2553

224 458 468 514 θάνατον
498 459 594 514 τοῦ
621 459 975 533 ἀμαρτωλοῦ.
1002 463 1076 529 ὡς
1103 464 1200 537 τὴν
1232 468 1541 537 μετάνοιαν.
1574 470 1809 541 Ἀφήσει

1915 473 2030 542 (Est
2045 475 2187 528 enim
2202 474 2630 543 appropinquans
2656 473 2820 545 Deus)
2848 472 3479 545 inveneritis.’l‘anquam

219 550 343 649 γάρ
375 551 472 649 ἐπί
679 554 784 620 τὰς
814 553 1102 649 ἁμαρτίας
1127 557 1317 626 ἡμῶν,
1340 561 1462 614 ἀντὶ
1475 563 1590 626 τοῦ,
1618 579 1817 617 παντε-
1850 568 1861 579 “

222 635 363 702 λεῖις,
390 640 482 692 καὶ
501 641 582 704 είς
603 639 785 696 ἅπαν..
808 659 828 694 ι
863 635 938 696 Οῦ
989 645 1096 716 γὰρ
1138 645 1462 705 ἐπλεόνασεν
1504 652 1537 721 ή
1570 652 1814 723 ἁμαρτία

224 726 779 800 ὑπερεπερίσσευσεν
821 731 855 800 ή
886 732 1063 803 χάρις.
1101 752 1120 785 ι
1156 735 1473 808 Γέγραπται
1522 740 1631 810 γὰρ
1684 742 1814 809 περὶ

223 816 495 886 Χριστοῦ,
532 838 552 872 ι
587 821 710 874 Ὅτι
766 821 874 876 ἰδοὺ
919 824 1081 888 αὐτὸς
1125 827 1507 900 εἰσπορεύεται
1555 831 1632 893 ὡς
1699 832 1812 903 πῦρ

222 911 627 981 χωνευτηρίου,
657 913 751 966 καὶ
793 913 870 979 ὡς
908 917 1014 970 πόα
1047 917 1375 984 πλυνόντων,
1400 942 1418 974 ι
1454 924 1548 977 καὶ
1573 924 1642 977 τά
1661 924 1809 993 ἑξῆς.

224 1000 496 1066 Βαπτίξει
524 1002 633 1074 γὰρ
660 1006 806 1075 ἡμᾶς
829 1007 1106 1076 Πνεῦματι
1128 1012 1268 1083 ἁγίῳ
1315 1015 1412 1067 καὶ
1446 1015 1598 1085 πυρί,

1920 564 2086 637 igitur
2105 565 2159 619 in
2185 566 2304 635 ejus
2330 573 2630 637 conspectu
2656 565 2842 631 stetis,
2861 573 3100 621 veterem
3117 580 3358 620 errorem
3383 567 3480 621 dc-

1919 656 2123 723 ponite.
2168 656 2236 712 Ut
2271 658 2416 711 enim
2447 672 2513 712 eo
2546 672 2721 727 usque
2749 664 2880 712 sunt
2904 657 3167 720 tenebrae,
3191 655 3367 711 donec
3392 658 3479 711 sol

1918 746 2213 799 accesserit
2244 787 2260 811 ,
2291 746 2377 800 sic
2401 754 2458 800 et
2493 746 2560 800 ad
2592 745 2802 812 Christi
2846 759 3020 814 usque
3060 744 3354 798 adventum
3400 745 3481 797 vi-

1914 835 2032 904 guit
2066 836 2339 906 impietas.
2382 835 2500 891 Non
2527 837 2671 893 enim
2698 837 2773 891 ita
2800 846 3030 891 mortem
3065 836 3398 906 peccatoris,
3421 844 3481 888 ut

1916 927 2091 996 ipsius
2140 930 2576 999 resipiscentiam
2617 928 3017 999 exposcit,‘qui
3043 938 3258 995 peccata
3291 935 3474 981 nostra

1916 1018 2170 1083 multum,
2200 1020 2252 1073 id
2284 1028 2368 1075 est
2398 1035 2646 1090 prorsus,
2677 1021 3013 1089 omninoque
3032 1018 3348 1073 dimissurus
3376 1025 3474 1071 est.

232 1105 260 1139 ι
309 1086 413 1143 Ubi
445 1091 588 1149 enim
615 1091 910 1169 abundavit
934 1107 1242 1165 peccatum,
1284 1100 1452 1171 629
1482 1102 1552 1156 ibi
1582 1105 2050 1173 superabundavit
2077 1114 2133 1162 et
2162 1109 2339 1177 gratia
2362 1086 2427 1161 "2
2456 1128 2473 1160 ι
2517 1109 2588 1163 De
2618 1110 2839 1164 Christo
2901 1086 3167 1179 siquidem
3227 1108 3281 1161 in
3353 1108 3469 1160 haec

225 1179 403 1234 verba
442 1181 715 1250 legimus:
762 1202 782 1235 ι
814 1183 955 1239 Ecce
1006 1190 1122 1256 ipse
1166 1190 1499 1259 egredietur,
1535 1202 1791 1264 tanquam
1830 1196 1972 1265 ignis
1998 1196 2327 1264 conﬂatorii,
2359 1190 2421 1254 'et
2451 1200 2595 1255 sicut
2617 1200 2786 1256 herba
2828 1199 3095 1255 fullonum
3136 1200 3203 1268 ’³,
3236 1218 3255 1251 ι
3312 1207 3473 1254 caete-

232 1284 410 1338 raque
431 1272 711 1342 deinceps.
756 1274 939 1345 Tingit
969 1279 1113 1331 enim
1147 1294 1249 1336 nos
1280 1280 1487 1351 Spiritu
1526 1293 1723 1339 sancto
1746 1292 1803 1340 et
1840 1287 1966 1356 igne
1998 1287 2065 1341 ".

311 1364 432 1435 Πῦρ
458 1365 513 1418 δὲ
545 1367 578 1436 ή
606 1369 882 1443 σμηκτικὴ
911 1369 1001 1423 τοῦ
1023 1373 1338 1441 Πνεύματος
1365 1376 1592 1446 δύναμις
1630 1379 1809 1433 πάντα

228 1453 415 1522 ῥύπον
444 1456 770 1525 ἐκτήκουσα.
798 1458 860 1512 El
886 1460 996 1531 γάρ
1025 1461 1373 1533 ἀθεράπευτα
1431 1466 1681 1537 νομίζετε
1740 1468 1810 1522 τὰ

227 1543 363 1596 καθ’
392 1544 620 1608 ἑαυτοὺς
637 1545 713 1609 ὡς
745 1546 876 1617 παρ’
895 1546 1203 1619 ἀνθρώποις
1242 1552 1667 1623 ἀπεγνωσμένα,
1692 1550 1809 1607 ἀλλ’

227 1634 296 1686 οὺ
329 1634 459 1707 παρ’
479 1636 603 1704 ἐμοὶ
621 1636 815 1690 ἀνίατα
859 1637 1054 1694 ταῦτα.
1075 1640 1218 1693 Πολὺ
1237 1640 1293 1694 δὲ
1322 1642 1455 1695 Θεοῦ
1482 1644 1576 1696 καὶ
1607 1643 1815 1714 ἀνθρώ·

230 1743 360 1778 πων
408 1726 467 1779 τὸ
489 1728 675 1797 μέσον.
693 1729 779 1791 Ὠς
797 1724 891 1782 οὖν
916 1729 1049 1792 Θεὸς
1071 1730 1387 1798 ἀνεξίκακος
1415 1736 1495 1798 είς
1524 1737 1811 1806 μετάνοιαν

229 1817 619 1889 προκαλοῦμαι
642 1820 915 1892 σωτηρίαν
945 1823 1434 1895 ἐπαγγελλόμενος,
1462 1827 1511 1879 εί
1562 1827 1652 1880 τὸν
1686 1828 1804 1881 Σω-
1834 1860 1880 1920 Β

227 1911 380 1980 τῆρα
434 1910 525 1964 τὸν
579 1912 707 1982 παρ’
753 1913 886 1984 ἐμοῦ
945 1916 1261 1985 πεμφθέντα
1298 1919 1805 1991 προσδέχοισθε.9ὺ

225 2002 349 2071 γὰρ
376 2002 515 2054 κατὰ
544 2003 667 2067 τοὺς
707 2004 1027 2075 ἀνθρώπους
1075 2011 1415 2079 μησικακῶ,
1442 2014 1532 2065 καὶ
1562 2014 1809 2083 μετανοῶ

230 2093 399 2147 πάλιν
442 2094 925 2166 ἐπαγγειλάμενος.
972 2100 1048 2152 Οὐ
1071 2100 1153 2153 δεῖ
1190 2101 1371 2155 τοίνυν
1404 2102 1539 2156 Θεοῦ
1587 2105 1812 2159 καλοῦν-

234 2201 357 2247 τος,
390 2185 478 2238 διὰ
516 2185 718 2257 πλῆθος
755 2172 1042 2259 ἁμαρτιῶν
1071 2191 1330 2246 ἀποκνεῖν
1353 2195 1453 2264 τὴν
1497 2196 1803 2265 μετάνοιαν,

224 2276 257 2329 ὅ
302 2276 636 2331 πεπόνθασιν
676 2279 922 2336 Ἰουδαῖοι
951 2281 1198 2351 λέγοντες
1230 2302 1244 2315 ·
1283 2302 1302 2335 t
1331 2286 1397 2339 Αἱ
1429 2286 1625 2340 πλάναι
1649 2286 1806 2357 ἡμῶν

230 2368 336 2420 καὶ
376 2370 431 2422 αί
468 2368 687 2439 ἀνομίαι
754 2371 913 2440 ἡμῶν
968 2375 1025 2425 ὲν
1085 2375 1215 2444 ήμῖν
1266 2376 1424 2441 εἰσιν,
1464 2378 1558 2431 καὶ
1619 2378 1677 2430 ἐν
1709 2378 1809 2431 αὖ·

224 2459 356 2520 ταῖς
421 2458 582 2528 ἡμεῖς
646 2459 923 2530 τηκόμεθα
955 2501 969 2525 ,
1031 2463 1127 2516 ml.
1207 2463 1324 2527 πῶς
1389 2464 1701 2536 ζησόμεθα;
1781 2456 1836 2518 ι’

229 2546 383 2612 Πρὸς
412 2545 508 2609 οὒς
538 2549 566 2601 6
593 2546 724 2611 Θεός
746 2565 912 2619 φησιν
938 2563 952 2579 °
984 2569 1003 2602 ι
1055 2551 1416 2623 Ἐπιστροφήν
1446 2552 1806 2624 ἐπιστρέψατε

226 2636 346 2690 ἀπὸ
366 2638 463 2707 τῆς
492 2637 612 2691 ὀδοῦ
659 2638 834 2709 ὑμῶν,
870 2635 1016 2704 οἶκος
1058 2641 1292 2712 Ἰσραὴλ,
1335 2644 1429 2696 καὶ
1452 2645 1551 2696 οὐκ
1592 2643 1806 2698 ἔσονται

228 2731 368 2799 θιμῖν
392 2732 472 2794 εἰς
506 2730 727 2784 κόλασιν
758 2730 994 2795 ἀδικίας.
1035 2751 1054 2783 ι
1091 2732 1232 2803 Πρὸς
1268 2733 1325 2786 δὲ
1386 2735 1650 2789 πίστωσιν
1709 2736 1804 2805 τῆς

226 2819 570 2887 ἐπαγγελίας
596 2815 665 2891 ἦς
694 2821 723 2850 ’³
750 2822 1042 2893 πεποίηται
1096 2822 1231 2894 πρὸς
1276 2823 1366 2876 τὸν
1413 2825 1584 2895 ἀσεϐῆ
1611 2826 1703 2879 τὸν
1748 2827 1808 2891 ἐξ

225 2909 408 2961 ἐθνῶν
437 2910 855 2980 ἐπιστρέφοντα,
889 2912 1089 2981 χρῆται
1119 2913 1187 2983 τῇ
1223 2912 1330 2967 τοῦ
1358 2912 1536 2969 ὑετοῦ
1575 2914 1808 2985 καὶτῆς

226 3003 444 3071 χιόνος
472 3001 774 3072 παραϐολῇ,
815 3001 1029 3066 δεικνὺς
1048 3004 1139 3057 τὸν
1183 3004 1240 3059 ἐν
1264 3007 1404 3078 ἀρχῇ
1459 3007 1592 3061 Θεὸν
1635 3008 1807 3077 Λόγον

228 3096 446 3150 ἄνωθεν
482 3097 546 3148 ὲκ
581 3095 672 3149 τοῦ
707 3096 947 3167 Πατέρος
975 3099 1234 3153 κατιόντα
1281 3099 1437 3171 δίκην
1472 3101 1650 3157 ὑετοῦ
1707 3102 1807 3155 καί

1979 1379 2333 1451 Signiﬁcatur
2361 1397 2492 1438 vero
2526 1382 2668 1452 ignis
2702 1383 3086 1453 appellatione,
3116 1382 3201 1439 vis
3236 1383 3323 1437 illa
3352 1382 3473 1452 δρί-

1908 1472 2044 1528 ritus
2096 1472 2449 1544 abstergendi
2500 1487 2607 1544 qua
2659 1473 2851 1529 sordes
2902 1488 3094 1529 omnes
3137 1475 3468 1529 adimuntur.

1908 1559 2022 1616 Etsi
2054 1562 2200 1616 enim
2231 1562 2419 1619 sanari
2447 1578 2552 1617 non
2584 1578 2742 1634 posse
2773 1564 3000 1634 putatis,
3033 1579 3153 1635 qua:
3183 1565 3324 1633 apud
3354 1578 3469 1629 vos,

1908 1662 2161 1723 tanquam
2214 1654 2495 1719 mortales,
2539 1654 2817 1725 deplorata
2865 1661 3036 1719 sunt,
3085 1671 3192 1709 non
3224 1663 3398 1709 tamen
3440 1670 3470 1709 a

1910 1755 1997 1796 me
2040 1742 2133 1796 illa
2168 1742 2454 1811 persanari
2502 1756 2610 1797 non
2659 1742 2862 1797 valent.
2901 1740 3088 1811 Neque
3118 1757 3245 1797 vero
3282 1758 3468 1812 parum

1910 1831 2054 1887 inter
2081 1832 2329 1888 homines
2376 1840 2429 1887 et
2460 1832 2631 1889 Deum
2666 1832 2917 1890 interest.
2952 1834 3189 1902 indeque
3218 1849 3315 1888 vos
3345 1833 3466 1903 ipsi.

1910 1919 2004 1991 qui
2036 1919 2181 1976 Deus
2213 1936 2334 1976 sum
2356 1921 2523 1977 .mitis
2555 1929 2609 1976 et
2638 1923 2880 1979 clemens
2928 1922 2995 1977 ad
3040 1924 3467 1994 resipiscentiam

1910 2028 2066 2078 voco,
2099 2013 2437 2085 salutemque
2468 2015 2749 2095 polliceor,
2772 2017 2818 2071 si
2850 2015 3075 2072 missum
3106 2031 3135 2070 a
3165 2031 3251 2071 me
3286 2014 3470 2070 Salva-

1910 2112 2087 2191 torem.
2130 2105 2453 2164 admittatis.
2486 2105 2607 2163 Non
2635 2108 2781 2162 enim
2820 2122 2972 2164 more
3012 2109 3293 2164 hominum
3332 2108 3470 2175 inju-

1911 2186 2116 2249 riarum
2170 2194 2448 2260 recordor,
2492 2210 2672 2267 neque
2712 2210 2800 2252 me
2848 2211 3089 2265 rursum,
3121 2186 3465 2267 posteaquam
3528 2225 3539 2234 -

1908 2300 2028 2340 sum
2069 2284 2371 2354 pollicitus,
2402 2287 2652 2355 paenitet.
2698 2285 2815 2341 Non
2854 2286 3011 2342 decet
3056 2287 3219 2356 igitur
3247 2293 3470 2340 vocante

1909 2375 2042 2436 Deo,
2082 2384 2305 2446 prepter
2350 2377 2618 2432 scelerum
2659 2377 3086 2442 multitudinem,
3135 2392 3163 2430 a
3205 2363 3472 2447 poeniten-

1908 2466 1983 2520 tia
2011 2466 2283 2531 revocari;
2315 2465 2461 2536 quod
2487 2480 2650 2521 secus
2695 2479 2725 2519 a
2747 2464 2950 2521 Judaais
2985 2466 3183 2521 factum
3214 2473 3316 2529 est,
3343 2480 3465 2517 cum

1911 2556 1997 2612 his
2034 2557 2214 2611 verbis
2264 2558 2347 2612 usi
2392 2565 2522 2612 sunt
2555 2574 2569 2610 :
2607 2574 2628 2607 ι
2664 2556 2890 2611 Errores
2930 2556 3127 2618 nostri,
3167 2562 3221 2609 et
3268 2555 3468 2623 iniqui-

1912 2655 2048 2702 tates
2075 2656 2275 2702 nostrze
2307 2648 2363 2702 in
2400 2647 2558 2702 nobis
2601 2653 2755 2710 sunt,
2792 2647 2845 2700 in
2885 2646 3075 2714 eisque
3110 2645 3212 2715 ipsi
3240 2644 3468 2698 tabesci-

1910 2754 2054 2803 mus,
2098 2746 2154 2793 et
2197 2738 2471 2806 quomodo
2519 2738 2762 2792 vivemus
2794 2737 2882 2790 ⁸³7
2925 2755 2942 2787 ι
2988 2736 3198 2801 Quibus
3240 2735 3354 2803 ipse
3391 2735 3468 2786 ait

1912 2828 2054 2883 Deus
2093 2846 2106 2883 :
2147 2847 2165 2880 ι
2214 2827 2579 2893 Conversione
2631 2826 3012 2885 convertimini
3058 2839 3089 2882 a
3146 2822 3224 2876 vi!
3256 2830 3463 2884 vestra.

1908 2925 2106 2981 domus
2139 2925 2324 2989 Israel,
2360 2932 2414 2979 et
2444 2941 2552 2983 non
2575 2934 2737 2979 erunt
2765 2920 2917 2979 vobis
2953 2925 3008 2978 in
3037 2924 3291 2978 ultionem
3326 2923 3466 2992 inju-

1909 3017 2005 3071 τίω
2022 3018 2088 3070 ³⁸.
2111 3035 2129 3067 ι
2150 3016 2229 3070 Ad
2251 3015 2370 3086 eius
2387 3015 2582 3070 deinde
2601 3015 3093 3078 conﬁrmationem,
3111 3011 3250 3081 quod
3275 3011 3346 3076 ei,
3370 3012 3465 3081 qui

1910 3109 1977 3161 de
1999 3106 2252 3177 gentibus
2272 3106 2639 3175 resipisceret,
2666 3104 2940 3175 pollicitus
2957 3101 3465 3170 erat,pluvimniris-

229 3188 469 3257 χιόνος,
498 3188 585 3257 ἐφ’
615 3180 661 3255 ᾧ
688 3188 787 3253 τάς
818 3189 997 3261 ψυχὰς
1020 3190 1200 3245 αὐτῶν
1246 3191 1524 3262 ἀρδεῦσαι,
1552 3194 1647 3246 καὶ
1667 3211 1806 3265 καρ-

1915 3215 2008 3269 que
2034 3197 2395 3251 similitudine
2413 3197 2611 3262 utitur;
2646 3194 2789 3249 unde
2815 3194 2957 3264 quod
2980 3202 3094 3249 erat
3116 3193 3168 3246 in
3195 3190 3464 3261 principio

230 3278 517 3351 ποφόρους
547 3279 909 3350 ἐργάσασθαι,
937 3281 1031 3335 καὶ
1104 3282 1179 3353 μὴ
1240 3283 1504 3353 πρότερον
1550 3283 1807 3352 ἀναδρα-

225 3369 479 3439 μεῖσθαι
526 3371 677 3439 πρὸς
729 3371 836 3425 τὸν
881 3372 1134 3440 Πατέρα,
1186 3372 1315 3443 πρὶν
1370 3374 1544 3427 ταῦτα
1610 3378 1801 3430 ποιεῖν.

230 3461 573 3530 Θεοπρεπῶς
594 3461 649 3515 δὲ
671 3462 889 3532 νοητέον
908 3463 1015 3518 τοῦ
1052 3464 1316 3533 Πατέρος
1349 3463 1449 3518 καὶ
1491 3464 1559 3519 τὸ
1587 3468 1804 3536 στόμα,

231 3550 338 3603 καὶ
361 3549 467 3603 τὸν
491 3550 695 3619 λόγον.
724 3550 860 3605 Οΰτε
878 3552 986 3622 γὰρ
1012 3554 1187 3607 ἐκεῖνο
1218 3553 1685 3624 σωματικόν.οῦτε
1711 3548 1805 3608 οὖ-

231 3661 331 3704 τος
366 3643 762 3707 ἀνυπόστατος.
812 3644 964 3697 Ἐπεὶ
1024 3643 1145 3709 πῶς
1178 3643 1245 3699 ἂν
1304 3645 1653 3716 κατορθώσας
1697 3646 1803 3700 ἑπ-

230 3735 606 3806 (ιναστρέφοι
625 3738 776 3806 πρὸς
805 3737 912 3791 τόν
932 3739 1163 3807 Πατέρα
1196 3740 1269 3810 μή
1290 3739 1581 3810 διαχυθεὶς,
1605 3741 1681 3804 ὡς
1699 3741 1806 3793 τῶν

230 3826 542 3897 ἀνθρώπων
569 3829 597 3881 6
623 3827 777 3895 λόγος
803 3828 962 3899 μόνον
985 3828 1244 3899 ὑπάρχων
1275 3846 1340 3899 ση
1350 3831 1808 3900 μαντικόςςΤινὲς

230 3919 296 3972 δὲ
330 3918 435 3971 τὸν
453 3918 629 3972 ὑετὸν
646 3919 802 3988 δῆλον
840 3927 866 3957 ν
891 3918 1099 3988 ἔφασαν
1136 3920 1235 3991 τὴν
1263 3919 1370 3974 τῶν
1430 3922 1804 3989 εὐαγγελικῶν

233 4008 612 4079 κηρυγμάτων
637 4009 922 4080 χορηγίαν,
950 4009 1017 4063 δι’
1061 4006 1130 4083 ἦς
1154 4009 1429 4082 εῦκαρπος
1473 4014 1504 4082 ή
1533 4014 1680 4065 πᾶσα
1712 4012 1807 4080 γέ-

232 4116 422 4168 γονεν,
444 4100 831 4170 ἐπιψάλλοντος
861 4101 955 4155 τοῦ
993 4102 1154 4155 Δαϐίδ
1179 4119 1192 4133 ·
1254 4120 1274 4154 ι
1347 4103 1666 4171 Ἐπεσκέψω
1711 4105 1809 4173 τὴν

232 4189 369 4259 γῆν,
404 4190 496 4243 καὶ
518 4190 788 4260 ἐμέθυσας
811 4191 1001 4261 αὐτήν·
1033 4193 1340 4260 ὲπλήθυνας
1367 4192 1461 4247 τοῦ
1492 4216 1497 4221 ·
1525 4193 1809 4248 πλουτῖσαι

233 4283 430 4352 αὐτήν.
472 4282 608 4345 Τοὺς
637 4281 880 4346 αὔλακας
901 4283 1071 4351 αὐτῆς
1103 4283 1362 4353 μέθυσον.
1412 4283 1696 4356 Πλήθυνον
1739 4287 1811 4338 τὰ

234 4372 553 4443 γεννήματα
582 4373 773 4442 αὐτῆς.
812 4373 899 4425 Ἐν
922 4376 1041 4436 ταῖς
1069 4375 1324 4443 σταγόσιν
1373 4375 1543 4445 αὐτῆς
1568 4376 1810 4446 εὐφραν-

236 4466 470 4534 θήσεται
519 4464 902 4519 ἀνατέλλουσα.
958 4485 978 4516 ι
1034 4467 1144 4519 Καὶ
1195 4462 1297 4520 διᾶι⁸
1336 4468 1579 4532 Μωσέως
1622 4468 1805 4540 φησί·

1913 3287 2149 3341 Verbum
2167 3287 2320 3342 cmlis
2338 3286 2642 3355 "pluviwet
2664 3284 2797 3337 nivis
2819 3283 3036 3337 instara
3061 3280 3217 3335 Patre
3241 3279 3466 3334 desceua

1912 3377 2063 3431 disse
2097 3374 2387 3447 signiﬁcat,
2426 3382 2485 3429 ut
2515 3374 2770 3444 irrigatus
2800 3386 2985 3427 eorum
3019 3370 3222 3424 animas
3253 3369 3464 3423 fructus

1911 3465 2074 3521 edere
2102 3472 2349 3534 cogeret;
2392 3478 2568 3535 neque
2599 3448 2761 3532 prius.
2788 3460 2858 3515 ad
2896 3458 3126 3523 Patrem,
3162 3473 3323 3528 quam
3358 3457 3463 3513 ista

1915 3556 2279 3628 praestitisset,
2302 3570 2414 3609 esse
2440 3568 2791 3607 reversurum.
2820 3550 2914 3604 Est
2945 3563 3068 3605 vero
3104 3549 3295 3603 idonea
3328 3546 3465 3602 Deo-

1913 3660 2020 3716 que
2039 3645 2382 3705 convenient,
2405 3644 2613 3696 ratione
2631 3638 2959 3709 intelligendi
2978 3654 3027 3692 ιη
3051 3637 3190 3709 quod
3210 3654 3266 3691 os
3290 3636 3461 3703 Patri,

1914 3738 2221 3803 uerbumque
2264 3732 2529 3785 attribuit.
2576 3728 2760 3798 Neque
2804 3729 2942 3783 enim
2985 3740 3302 3795 corporeum
3333 3726 3461 3779 illud

1913 3840 2013 3892 est,
2047 3842 2221 3896 neque
2263 3825 2367 3878 hoc
2410 3839 2518 3877 non
2570 3821 2900 3881 subsistens.
2931 3816 3029 3883 Qui
3072 3818 3267 3872 deinde
3302 3819 3464 3870 rebus

1915 3918 2051 3972 bene
2094 3915 2261 3985 gestis
2301 3911 2369 3965 ad
2408 3911 2619 3965 Patrem
2666 3917 2968 3969 revertatur,
3006 3906 3050 3961 si
3093 3920 3201 3960 non
3231 3904 3460 3960 ell'usum

1913 4018 2017 4072 est,
2049 4008 2117 4061 ad
2162 4003 2386 4060 humani
2429 4003 2574 4057 verbi
2618 3997 3047 4059 similitudinem,
3075 3997 3219 4065 quod
3255 4004 3461 4050 tantum

1916 4095 2257 4169 signiﬁcandi
2313 4095 2471 4147 habet
2530 4086 2879 4161 potestatem!
2930 4084 3033 4141 sed
3079 4086 3222 4139 enim
3273 4094 3464 4155 putant

1917 4188 2165 4243 nonnulli
2216 4186 2406 4256 pluvia:
2449 4184 2686 4245 nomine,
2717 4177 3026 4247 evangelicae
3069 4176 3461 4245 promulgatio-

1916 4282 2001 4336 nis
2032 4295 2252 4343 munus,
2278 4293 2371 4348 per
2397 4292 2557 4346 quam
2592 4274 2785 4329 fertilis
2814 4269 2976 4325 evasit
3007 4268 3261 4323 universa
3294 4277 3460 4332 terra,

1918 4372 2249 4443 signiﬁcari,
2301 4371 2586 4425 occinente
2640 4369 2694 4421 in
2756 4368 2887 4421 htnc
2934 4361 3154 4417 modum
3200 4359 3402 4415 Davide
3444 4378 3459 4413 :

1927 4483 1946 4516 ι
1992 4463 2229 4517 Visilasti
2278 4473 2476 4516 terram
2515 4470 2571 4516 et
2606 4455 2875 4514 inebriasti
2913 4468 3056 4519 eam,
3087 4452 3460 4522 multiplicasti

242 4577 262 4607 ι
316 4556 701 4626 Καταϐήσεται
726 4557 801 4619 ὡς
843 4556 995 4619 ὑετὸς
1026 4557 1088 4609 τὸ
1119 4556 1452 4628 ἀπόφθεγμά
1481 4575 1604 4627 μου.
1639 4577 1657 4610 ι
1700 4559 1811 4611 Καὶ

1923 4553 2255 4622 locupletare
2304 4565 2442 4605 eam.
2505 4549 2671 4604 Rivos
2721 4547 2829 4617 ejus
2870 4543 3113 4602 inebria.
3164 4541 3464 4614 multiplica

239 4647 455 4710 Παῦλος
486 4646 542 4700 δέ
566 4663 730 4716 φησιν
755 4662 769 4676 ο
803 4665 822 4697 ι
865 4646 922 4700 '0
962 4646 1017 4699 δὲ
1049 4645 1182 4710 Θεὸς
1201 4648 1301 4716 τῆς
1352 4647 1813 4718 εὶρήνηςαύξήσει

232 4736 336 4788 τὸν
364 4736 562 4806 σπόρον
593 4735 745 4805 ὑμῶν
778 4736 872 4789 καὶ
902 4735 1169 4806 πληθύναι
1214 4737 1283 4790 τὰ
1341 4739 1661 4808 γεννήματα
1714 4739 1814 4807 τῆς

234 4828 592 4899 δικαιοσύνης
618 4826 792 4897 ὑμῶν.
840 4846 858 4879 ι
894 4828 1004 4880 Καὶ
1028 4827 1146 4891 πῶς
1174 4828 1284 4899 γὰρ
1322 4830 1382 4881 οὐ
1437 4827 1815 4900 δράσειταῦτα

234 4918 314 4971 τά
345 4918 465 4970 θεῖα
514 4918 718 4985 Λόγια;
777 4916 918 4970 κατὰ
946 4915 1056 4987 γὰρ
1100 4918 1190 4971 τὸν
1224 4918 1462 4995 παρόντα
1491 4920 1776 4989 προφήτην
1798 4933 1812 4947 ⁶

244 5027 267 5061 ι
311 5008 380 5061 Ἀ
418 5011 447 5060 6
495 5007 625 5071 Θεὸς
675 5009 704 5058 6
746 5005 899 5075 ἅγιος
924 5007 1291 5081 βεϐούλευται,
1346 5009 1427 5070 τίς
1448 5009 1811 5075 διασκεδάσει;

236 5099 339 5152 καὶ
368 5099 467 5168 τὴν
502 5100 657 5166 χεῖρα
685 5097 782 5166 τὴν
808 5095 1019 5167 ὑψηλὴν
1045 5097 1128 5160 τίς
1148 5095 1477 5165 ἀποστρέψει
1501 5115 1514 5160 ;
1545 5117 1560 5147 ι

1916 4643 2158 4713 germina
2191 4641 2331 4711 ejus,
2367 4641 2422 4696 in
2470 4638 2757 4695 stillicidiis
2796 4634 2911 4703 ejus
2957 4634 3229 4687 laetabitur
3264 4632 3463 4703 germi-

1917 4750 2057 4788 nans
2084 4733 2148 4787 ³³.
2181 4752 2199 4783 ι
2239 4731 2301 4784 Et
2331 4732 2504 4795 Mose,
2537 4731 2618 4784 Itis
2648 4726 2850 4783 verbis:
3083 4743 3102 4776 ι
3139 4724 3461 4788 Descendet,

1920 4839 1974 4881 ut
2004 4824 2205 4897 pluvia,
2236 4824 2513 4893 eloquium
2560 4836 2726 4875 meum
2755 4820 2815 4870 ".
2853 4836 2873 4868 ι
2915 4817 2977 4869 Et
3016 4817 3185 4870 Paulo
3222 4816 3340 4885 ipso
3371 4816 3461 4869 ubi

1919 4919 1988 4972 ait
2028 4936 2040 4971 :
2074 4937 2091 4968 ι
2132 4915 2275 4971 Deus
2323 4925 2501 4969 autem
2545 4914 2693 4983 paris
2726 4909 2937 4980 augebit
2973 4922 3159 4961 semen
3202 4917 3460 4969 vestrum,

1919 5015 1971 5061 et
2014 5005 2395 5074 multiplicabit
2432 5004 2636 5059 semina
2668 4999 2883 5070 iustitia:
2921 5004 3115 5050 vestra}
3146 4996 3212 5048 ³⁰.
3251 5012 3269 5045 ι
3319 4993 3462 5058 Quid

1923 5112 2028 5149 uou
2065 5103 2241 5148 autem
2285 5093 2468 5147 divina
2515 5090 2726 5144 orartsla
2775 5088 2877 5142 ista
2923 5082 3186 5139 elliciaul?
3225 5082 3280 5137 Si
3317 5085 3461 5136 enim

238 5198 439 5245 nostro
467 5189 594 5242 huic
624 5187 898 5256 prophetae
936 5188 1211 5242 credimus
1249 5205 1263 5241 ;
1301 5206 1319 5237 ι
1348 5186 1479 5252 Qua:
1512 5187 1649 5241 Deus
1686 5194 1909 5241 sanctus
1936 5186 2203 5247 consulat,
2242 5183 2364 5254 quis
2405 5180 2715 5251 dissipabit?
2782 5187 2835 5233 et
2905 5191 3123 5231 manum
3191 5174 3463 5229 excelsam

236 5283 374 5354 quis
407 5292 613 5334 avertet
637 5280 722 5333 "‘2
757 5299 776 5332 ι

332 5373 419 5440 Ἐξ
455 5368 516 5428 οὗ
536 5372 631 5444 τήν
660 5372 964 5444 εὐκαρπίαν
1032 5371 1345 5442 ἐσχήκαμεν
1403 5373 1502 5441 τὴν
1553 5388 1800 5440 πνευμα⁹

312 5489 365 5522 ³⁸
394 5488 548 5541 Rom.
595 5505 647 5551 v,
694 5488 784 5542 20.
862 5489 907 5522 ⁸³
963 5478 1195 5544 Malach.
1241 5502 1317 5548 Ill,
1361 5486 1416 5540 ‘2.

1532 5488 1577 5520 ³⁸⁸
1611 5487 1795 5540 Matth.
1833 5502 1915 5546 ill,
1945 5486 2030 5538 ll.

244 5578 290 5628 ς,
334 5560 385 5615 ί.
461 5559 507 5590 ³⁸
545 5550 688 5614 Psal.
716 5574 860 5623 utv,
897 5557 983 5621 -ιο,
1022 5557 1102 5610 ιι.
1171 5559 1214 5589 ²²
1254 5555 1403 5611 Deut.
1440 5574 1613 5615 xxx".
1646 5558 1698 5610 2.
1778 5557 1811 5587 ³⁸

1926 5556 2051 5607 Cor.
2093 5570 2166 5608 ιτ.
2209 5550 2289 5603 10.

1981 5367 2116 5420 llinc
2147 5365 2234 5418 illa
2303 5360 2457 5415 nobis
2507 5358 2764 5412 fluctuum
2811 5353 3173 5423 spiritualium
3220 5351 3468 5410 ubertas,

2142 5484 2185 5516 ³⁵
2225 5476 2415 5533 Ῐ“ῘΖΟΟΙὶ.
2449 5475 2718 5535 “unum.
2814 5472 2859 5503 ’⁸
2896 5470 3024 5523 ibid.
3071 5472 3151 5525 ll.
3229 5471 3273 5502 ’⁷
3302 5467 3461 5522 Joan.
3522 5530 3523 5533 η

2394 5546 2435 5577 ³⁸
2526 5545 2616 5598 lsa.
2699 5540 2966 5604 stttt,l5.

1529 5645 1757 5701 vanus
1801 5642 2191 5717 tumtum-gs.

316 5750 346 5777 ιι
377 5756 463 5811 γρ.
499 5738 588 5810 ἦν.
663 5748 691 5778 ν
731 5756 816 5808 rp.
849 5736 1061 5810 δηλοῦν.
