3980 6306
113 133 232 202 an

1261 135 1804 197 COMMENTARII
1842 126 1926 196 IN
1949 132 2236 196 ISAIAM.

3228 131 3374 196 2562

114 262 234 316 γεν·
304 243 450 298 Ἀντὶ
494 243 689 307 κακίας
735 243 1103 315 δικαιοσύνην,
1177 245 1531 318 σωφροσύνην
1572 247 1688 301 ἀντ’

1813 262 1900 299 um
1915 246 2028 316 jam
2055 242 2569 315 fragrantissimum,
2587 250 2639 298 et
2666 242 3140 314 procerissimam,
3160 259 3377 313 cupreso

115 336 406 408 ἀσελγείας,
448 336 543 390 καὶ
578 337 701 390 ἀντὶ
731 336 973 405 θράσους
994 337 1272 408 ἀνδρείαν,
1306 339 1569 409 φρόνησιν
1621 356 1682 393 τε

115 432 216 485 ἀντ’
239 416 571 501 ἀφρ.σύνης.
606 428 806 499 Εὗροις
838 418 883 480 δ’
918 427 987 482 ἂν
1048 428 1206 482 τοῦτο
1255 430 1347 482 καὶ
1377 430 1434 483 ὲν
1471 433 1584 494 τοῖς
1629 429 1688 498 ἐξ

117 523 332 593 αἵματος
395 521 638 593 Ἰσραήλ.
696 522 908 589 Στοίϐη
948 522 1058 590 γὰρ
1122 521 1275 585 ὄντες
1320 523 1415 575 καὶ
1470 519 1690 581 κόνυζά

120 629 236 665 ποτε
303 610 585 674 Ματθαῖος
641 612 738 665 καὶ
794 611 1028 677 Παῦλος,
1061 611 1089 663 6
1156 611 1254 681 μὲν
1273 610 1532 681 τελώνης,
1556 613 1584 664 6
1630 609 1690 664 δὲ

117 700 356 770 διώκτης,
417 700 656 772 Χριστὸν
713 699 1107 764 εύωδιὰζουσιν
1131 702 1189 753 ὲν
1223 701 1388 755 παντὶ
1410 702 1582 771 τόπῳ,
1631 698 1690 753 ἐν

117 809 168 846 τε
189 795 295 855 τοῖς
324 793 653 863 σωζομένοις
682 792 913 854 καὶτοῖς
960 792 1166 848 ἀπολλυ
1179 794 1379 864 μένοις.
1407 793 1518 846 Καὶ
1538 792 1690 847 ,ἄλλο

117 885 168 938 δέ
193 901 244 937 τι
283 883 590 956 θαυμάσιον
623 884 1020 953 ἐπαγγέλλεται
1069 887 1182 947 τοῖς
1231 885 1323 937 ἐπὶ
1359 883 1451 937 τὶν
1484 883 1690 955 Κύριον

120 974 782 1047 ὲπιστρέψασινέθνεσιν.
840 976 1052 1030 Ἔσται
1108 977 1238 1047 γὰρ,
1293 975 1446 1047 φησὶ,
1476 976 1690 1044 Κύριος

116 1065 311 1133 αὐτοῖς
335 1069 424 1131 εὶς
461 1064 651 1135 ὄνομα
682 1066 779 1119 καὶ
807 1068 895 1132 εἰς
928 1066 1187 1137 σημεῖον
1250 1066 1510 1121 αῐώνιον.
1548 1069 1691 1120 Hav-

116 1155 273 1225 ταχοῦ
329 1156 439 1226 γὰρ
489 1154 634 1209 ἐστιν
695 1148 823 1209 [δεῖν
867 1154 977 1208 ἀπὸ
1029 1154 1267 1226 Χριστοῦ
1313 1154 1685 1225 καλουμένους

118 1244 491 1315 Χριστιανούς.
540 1246 653 1299 Καὶ
681 1244 938 1314 σημεῖον
984 1244 1256 1315 σωτηρίας
1296 1245 1693 1313 ἐπιγράφονται.

123 1328 400 1408 τοῦνομα,
436 1338 576 1406 ὅπερ
612 1339 726 1391 οὐκ
751 1329 1023 1406 ἐκλείψει
1079 1338 1232 1390 ποτέ.
1278 1334 1693 1408 ’Ᾱμεταμέλητα

1789 353 1907 391 sum
1939 347 2201 407 praeterea
2232 334 2421 390 odoris
2451 336 2670 404 Optimi,
2710 334 3025 391 ediderunt.
3061 334 3154 389 Sic
3187 342 3373 390 autem

1791 419 2187 500 interpretatur
2219 425 2586 499 Symmachus
2623 445 2636 481 :
2673 414 2784 480 Pro
2817 427 2983 481 s'tmba
3020 428 3265 483 ascendet
3288 445 3379 482 sa-

1790 518 1934 586 bina,
1966 535 2060 588 pro
2100 521 2276 574 urtica
2306 526 2479 574 autem
2510 521 2756 575 ascendet
2794 522 3022 591 myrtus.
3059 520 3137 575 Ae
3180 525 3225 576 si
3261 521 3380 577 fore

1792 611 2027 667 dixisset
2063 627 2161 682 pro
2187 612 2418 675 malitia,
2441 611 2759 682 justitiam;
2799 620 2899 683 pro
2946 612 3209 683 lascivia,
3241 610 3379 666 telit-

1791 706 2130 774 perantiam;
2169 720 2268 776 pro
2297 702 2959 771 audacia,fortitudinem;
2995 718 3096 775 pro
3123 704 3378 767 stultitia,

1793 797 2171 866 prudentiam.
2233 792 2488 852 Invenias
2549 798 2686 850 vero
2737 803 2792 849 et
2828 792 2972 850 istud
3036 795 3090 849 in
3124 793 3219 860 its,
3284 794 3377 863 qui

1792 894 1924 941 Sunt
1958 903 2022 941 ex
2055 886 2436 942 israeli’tarunt
2471 886 2664 955 stirpe.
2701 882 2883 940 Stozba
2913 884 3061 939 enim
3098 883 3379 954 quondam

1792 983 1847 1031 et
1876 992 2083 1047 conyza
2141 991 2264 1031 cum
2331 983 2518 1032 essent
2560 972 2849 1030 M'atthazus
2898 984 2954 1029 et
2984 973 3227 1038 Paulus,
3285 972 3380 1028 ille

1791 1067 2011 1138 quidem
2044 1068 2393 1139 publicanus,
2418 1067 2506 1122 hic
2545 1075 2725 1121 autem
2779 1073 3141 1138 perscrutor;
3188 1063 3381 1119 Chris-

1794 1170 1906 1213 tum
1928 1164 2111 1213 tamen
2145 1158 2365 1228 ubique,
2390 1159 2532 1227 apud
2559 1172 2655 1213 eos
2683 1160 2796 1214 sive
2819 1158 2912 1228 qtti
2938 1158 3237 1221 salvantur,
3265 1158 3382 1211 sive

1792 1246 1949 1319 apud
2012 1264 2111 1303 eos
2210 1251 2304 1320 qui
2358 1256 2607 1318 pereunt,
2670 1247 2810 1303 bene
2888 1249 3037 1302 olere
3091 1253 3379 1301 curarunt.

1797 1338 2050 1394 Mirabile
2079 1355 2208 1401 vero
2227 1339 2485 1409 quiddam
2513 1350 2568 1393 et
2590 1338 2740 1393 aliud
2773 1339 2840 1393 iis
2863 1337 3172 1408 pollicetur,
3200 1338 3293 1407 qui
3318 1339 3382 1391 de

119 1429 219 1500 γὰρ
250 1430 318 1481 τὰ
346 1427 665 1505 χαρίσματα
685 1427 778 1481 τοῦ
804 1427 961 1482 Θεοῦ.
1007 1428 1164 1490 Τινὲς
1191 1427 1251 1481 δὲ
1305 1416 1580 1497 σῆμεῑογ,
1604 1429 1694 1483 τὸν

1807 1422 2056 1503 gentibus
2084 1431 2152 1485 ad
2185 1430 2481 1485 Dominum
2507 1445 2630 1485 sese
2662 1430 3038 1494 contulerunt,
3064 1444 3189 1482 cum
3218 1427 3291 1481 eis
3325 1428 3380 1480 in

118 1521 179 1573 δι’
207 1512 267 1572 οῦ
300 1518 625 1589 σεσώσμεθα
650 1518 885 1590 σταυρὸν
904 1519 1160 1589 εἰρήκασι
1188 1533 1203 1548 ·
1261 1518 1361 1589 τὴν
1410 1517 1469 1571 δὲ
1514 1519 1696 1572 πᾶσαν

1807 1540 1988 1578 nomen
2009 1531 2059 1576 et
2083 1522 2292 1593 signum
2314 1523 2690 1590 sempiternum
2718 1520 2832 1583 fore
2872 1518 3151 1573 Dominum
3183 1516 3382 1588 adjun-

120 1612 268 1681 ρἠιν
293 1609 469 1674 οὕτως
498 1610 843 1682 έρμήνευσαν
866 1612 1068 1681 ἕτεροι·
1106 1608 1242 1662 Θεοῦ
1272 1608 1466 1662 σώσειν
1489 1610 1685 1675 αὐτοὺς

1807 1616 1887 1685 git.
1929 1612 2143 1685 Ubique
2168 1614 2313 1668 enim
2342 1613 2687 1668 Christianos
2724 1628 2751 1665 a
2785 1611 3007 1666 Clit-isto
3032 1617 3383 1678 nuncupatos

119 1700 581 1769 ἐπαγγειλαμένου
602 1697 1015 1769 μετανοοῦντας,
1039 1697 1282 1760 καὶτοὺς
1310 1696 1540 1768 ἐχθροὺς
1561 1699 1696 1752 ὑπο-

1807 1705 1999 1769 lideas,
2031 1713 2083 1760 et
2109 1705 2319 1774 signum
2372 1704 2570 1760 salu‘tis
2630 1703 2734 1756 ltoe
2798 1701 3103 1756 inscribere
3148 1700 3381 1763 nomine,

117 1791 291 1857 τᾶξειν
325 1792 535 1870 αὐτοῖς,
585 1794 679 1844 καὶ
710 1790 805 1843 τοῦ
835 1793 1115 1861 προφήτου
1170 1788 1307 1860 πρὸς
1362 1790 1546 1842 πίστιν
1590 1791 1691 1844 αύ-

1807 1799 1932 1870 [uod
1954 1797 2118 1871 632
2150 1814 2251 1852 non
2280 1808 2358 1852 est
2388 1812 2627 1867 unquam
2656 1798 3144 1864 de]ecturum;cum
3171 1793 3382 1847 nullum

117 1882 233 1948 τοὺς
262 1884 632 1954 διεγείραντος
654 1883 1108 1954 (κληρονομήσειν
1145 1881 1256 1949 γὰρ
1292 1882 1492 1945 αὐτοὺς
1516 1899 1692 1954 σωτη-

1807 1885 2148 1952 lietteﬁcium,
2179 1886 2498 1954 nullamque
2526 1883 2761 1956 gratiam
2797 1881 2941 1938 Deus
2991 1880 3241 1937 conferre
3287 1896 3380 1936 so-

122 1976 254 2046 ρίαν)
287 1976 397 2029 τῶν
424 1975 736 2030 ἀκουόντων
759 1975 1091 2047 κινηθέντων
1111 1959 1246 2046 πρὸς
1281 1974 1466 2039 πόθον,
1486 1974 1691 2029 ἐθέλειν

1807 1982 1920 2043 eat,
1948 1975 2106 2046 cujus
2131 1991 2257 2031 eum
2285 1985 2473 2046 postea
2510 1975 2793 2045 paeniteat.
2824 1971 2939 2027 Non
2954 1972 3152 2027 desunt
3177 1979 3383 2033 tamen,

118 2085 172 2120 τε
200 2068 443 2137 σωθῆναι
468 2067 756 2136 λεγόντων,
779 2066 917 2139 πρὸς
941 2067 1041 2130 τὰς
1083 2063 1288 2128 ἑννοίας
1308 2064 1490 2120 αὐτῶν
1511 2067 1539 2120 6
1557 2083 1691 2138 προ-

121 2162 290 2231 φήτης
312 2160 389 2225 ὡς
416 2158 721 2229 διψῶντας
760 2159 1151 2231 προτρέπεται.

1799 2067 1893 2138 qui
1913 2069 2053 2139 signi
2099 2067 2481 2138 appellatione,
2508 2081 2729 2121 crucem
2760 2080 2905 2128 eam,
2940 2079 3043 2135 per
3075 2078 3239 2133 quam
3291 2076 3380 2117 sa-

1802 2162 1972 2218 lutem
2021 2176 2214 2217 sumus
2263 2154 2465 2232 adepti,
2510 2167 2705 2230 putent
2762 2155 3082 2227 signiﬁcari.
3118 2154 3226 2210 Alii
3257 2169 3388 2209 vero

120 2255 217 2309 hoc
254 2234 434 2309 totu‘nt
467 2262 532 2309 eo
568 2238 837 2320 referunt,
874 2261 936 2307 ut
969 2255 1157 2323 velint,
1188 2254 1358 2311 Deum
1412 2254 1589 2326 ipsum
1635 2255 1729 2311 ubi
1767 2271 1887 2323 eos,
1956 2257 2049 2328 qui
2100 2254 2487 2326 resipuissent,
2515 2261 2862 2308 servaturum
2896 2265 2978 2315 se,
3008 2258 3062 2304 et
3097 2248 3233 2318 ipsis
3283 2246 3390 2300 ini-

120 2350 286 2406 micas
306 2348 682 2420 subjecturum
710 2348 1104 2417 denuntiasset,
1126 2366 1267 2422 quos
1295 2351 1361 2406 ad
1388 2351 1547 2430 ﬁdem
1619 2353 1882 2421 propheta
1946 2351 2209 2407 excitavit
2255 2349 2509 2421 (salutem
2576 2347 2723 2403 enim
2771 2359 3128 2417 possessuros
3203 2340 3390 2412 dixit),

119 2440 463 2497 auditoribus
516 2440 596 2497 rei
646 2439 922 2497 desiderio
968 2444 1238 2508 accensis,
1291 2452 1346 2499 et
1387 2442 1586 2498 salrari
1625 2456 1686 2497 se
1758 2457 1960 2514 cupere
2008 2442 2415 2512 profitentibus,
2464 2440 2530 2493 ad
2581 2454 2646 2496 ea
2684 2439 2797 2509 jatn
2828 2436 3012 2492 animo
3073 2434 3364 2506 cogitanda

122 2537 562 2608 meditanduqu‘e,
621 2537 788 2592 veluti
839 2540 1075 2593 sitientes
1109 2579 1126 2606 ,
1189 2539 1340 2609 ipsos
1397 2537 1701 2592 adhortari.

188 2629 346 2692 Τινὲς
378 2628 456 2693 δὲ,
483 2630 666 2698 φασὶν,
690 2629 778 2683 διὰ
796 2630 956 2685 τοῦτο
980 2633 1056 2694 εἰς
1074 2628 1284 2684 ἔνδειαν
1311 2629 1557 2701 ἤχθησαν
1583 2628 1701 2682 τῶν

120 2718 393 2787 ἀγαθῶν,
448 2719 535 2773 ἵνα
602 2718 755 2791 πόθῳ
796 2721 931 2790 πρὸς
1002 2719 1143 2774 αὑτά
1207 2732 1339 2773 ποτε
1401 2711 1700 2774 σπεύσωσι.

135 2811 215 2874 Ὡς
261 2810 357 2866 οῦν
412 2814 468 2865 οἱ
520 2800 815 2881 διψῶντες
870 2813 1127 2885 προσίασι
1174 2798 1296 2879 ταῖς
1326 2814 1551 2883 πηγαῖς,
1613 2811 1695 2864 οὖο

121 2920 193 2956 τω
248 2904 346 2957 καὶ
400 2905 556 2976 ὑμεῖς
572 2903 652 2975 τῷ
680 2902 821 2976 Θεῷ,
852 2905 971 2959 ἀντὶ
1002 2903 1203 2968 παντὸς
1239 2903 1527 2973 ἀργυρίου
1580 2918 1706 2955 συν-

122 2998 377 3070 αίσθησιν
430 2999 540 3052 τῶν
587 3000 994 3072 ἡμαρτημένων
1047 2998 1327 3064 λαϐόντες.
1378 2998 1493 3052 Οὐκ
1512 2997 1699 3067 ὠνητὰ

122 3090 227 3162 γὰρ
266 3091 338 3145 τὰ
394 3089 547 3161 παρὰ
584 3090 748 3156 Θεοῦ,
782 3088 902 3144 οὐδὲ
951 3088 1110 3161 χρεία
1150 3089 1288 3161 πρὸς
1342 3089 1439 3159 μὲν
1465 3087 1702 3159 σπονδὴν

121 3183 313 3246 οινου,
369 3183 505 3254 πρὸς
530 3183 587 3235 δὲ
628 3184 651 3219 ²
682 3182 871 3237 θυσίαν
895 3180 1166 3249 στέατος,
1221 3182 1365 3251 ἅπερ
1406 3179 1704 3250 ὠνούμενοι

121 3274 272 3328 οὐδὲν
327 3274 677 3347 ἀποφέρεσθε
732 3273 895 3328 πλέον
955 3275 1035 3338 εἰς
1058 3272 1266 3345 ὄνησιν,
1313 3272 1361 3344 ἢ·
1388 3272 1557 3326 κόπον
1608 3268 1705 3324 καὶ

123 3366 349 3438 μόχθον,
384 3367 459 3438 μὴ
488 3362 660 3422 ὄντων
686 3364 887 3421 ἱκανῶν
913 3366 1138 3437 δυσωπη
1148 3367 1354 3437 μάτων.
1400 3362 1455 3419 Ἀ
1467 3365 1573 3435 ργὰ
1594 3364 1705 3436 γὰρ

121 3458 293 3513 ταῦτα
311 3452 449 3530 πρὸς
461 3457 737 3530 ἁμαρτίας
760 3456 1057 3527 ἐξάλειψιν,
1075 3456 1142 3529 ἢν
1164 3456 1425 3528 μετάνοια
1447 3458 1592 3511 ποιεῖ
1608 3456 1704 3510 καὶ¹

124 3551 304 3613 πίστις
321 3546 356 3620 ή
375 3552 454 3614 εἰς
464 3543 620 3604 θεόν.
642 3546 782 3621 Πρὸς
811 3549 1050 3620 ἀγαθῶν
1071 3549 1128 3603 δὲ
1147 3551 1376 3621 δωρεὰν,
1399 3548 1708 3619 ἀκροατὴν

122 3642 221 3695 οὐκ
236 3640 564 3711 εὐγνώμονα
584 3640 743 3711 μόνον
765 3640 938 3711 ζητεῖ,
958 3639 1094 3694 ἀλλὰ
1108 3642 1203 3695 καὶ
1225 3640 1503 3706 συνιέντα,
1520 3639 1614 3695 καὶ
1629 3639 1707 3712 τῷ

123 3732 384 3786 καλοῦντι
433 3730 860 3803 προστρέχοντα.
921 3728 1224 3803 Προσέχετε
1256 3732 1339 3797 δὲ,
1381 3732 1538 3804 φησὶ,
1592 3734 1708 3795 τοῖς

120 3823 277 3878 ὠσίνσ
310 3822 410 3877 καὶ
435 3823 484 3876 εί
518 3822 618 3895 μὲν
651 3824 964 3895 σωματικὸν
989 3824 1382 3895 ἀκατάλληλον.
1454 3826 1708 3894 Ὀφθαλ-

116 3915 249 3985 μῶν
268 3915 385 3987 γὰρ
444 3915 512 3968 τὸ
540 3914 885 3986 προσέχειν.
917 3914 981 3968 Εἰ
1005 3917 1064 3970 δὲ
1120 3918 1261 3970 κατὰ
1306 3916 1516 3993 ¹ψυχὴν,
1568 3916 1702 3970 ακό-

118 4003 338 4059 λουθον.
371 4004 549 4075 Ἀπλῆ
583 4005 692 4077 γὰρ
714 4004 850 4059 οῦσα
879 4007 973 4059 καὶ
1000 4004 1298 4078 μονοειδὴς,
1332 4007 1391 4060 ὲν
1420 4009 1521 4077 μιᾷ
1544 4006 1707 4061 δυνά-

123 4113 215 4165 μει
245 4095 353 4158 τὰς
385 4092 533 4148 ἔνδον
555 4094 842 4167 αἰσθήσεις
872 4096 1477 4167 ὲκτήσατο.Τοιγαροῦν
1506 4096 1710 4167 ὀφθαλ-

123 4190 247 4258 μοῖς
286 4186 502 4242 ἀκούει
533 4189 562 4241 6
590 4187 915 4259 γράμμασιν
959 4190 1324 4260 ἐντυγχάνων,
1376 4190 1473 4243 καὶ
1510 4188 1712 4244 δακτύ-

119 4274 235 4342 λοις
291 4276 609 4346 διαλέγεται
648 4278 924 4342 ὁτούτοις
986 4281 1236 4352 γράφων.
1272 4272 1405 4335 Εἶτα
1433 4283 1711 4355 μέμνηται

1879 2623 2019 2684 Sunt
2055 2637 2180 2677 vero
2223 2620 2416 2690 aliqui,
2464 2619 2642 2683 aiunt,
2702 2619 2756 2672 in
2798 2615 3050 2669 bonorum
3098 2613 3389 2685 penuriam

1807 2717 1933 2773 ideo
1964 2712 2211 2780 adducti,
2257 2720 2319 2766 ut
2375 2726 2438 2765 ea
2479 2709 2710 2781 posthac
2766 2706 3157 2763 vehementiori
3209 2704 3396 2760 studio

1809 2808 2172 2879 requirerent.
2207 2803 2327 2871 Quo
2351 2801 2514 2857 modo
2542 2802 2712 2872 igitur
2736 2800 2826 2870 qui
2865 2800 3078 2866 sitiunt,
3116 2800 3183 2851 ad
3216 2795 3397 2851 fontes

1807 2896 2117 2965 accedunt,
2151 2897 2231 2953 sic
2292 2902 2347 2951 et
2376 2911 2476 2950 vos
2519 2895 2586 2949 ad
2638 2894 2807 2948 Deum
2861 2891 3018 2947 decet
3071 2904 3390 2961 properare,

1806 3007 1998 3049 eorum
2045 3005 2169 3061 quae
2223 2987 2497 3059 peccastis
2555 2985 2978 3048 recordatione,
3042 2998 3141 3053 pro
3196 2982 3393 3050 quovis

1805 3092 2044 3154 argento,
2075 3080 2339 3135 munitos.
2372 3076 2493 3132 Non
2525 3078 2672 3131 enim
2703 3085 2835 3131 sunt
2866 3074 3102 3137 venalia,
3142 3089 3264 3142 qua:
3295 3072 3391 3126 Dei

1804 3184 1969 3231 sunt:
2001 3170 2325 3243 nequerino
2355 3167 2426 3224 ad
2484 3167 2805 3222 libationem
2863 3180 3005 3236 opus
3042 3173 3147 3226 est,
3193 3170 3283 3215 aut
3321 3160 3392 3214 ad

1807 3264 2140 3321 sacriﬁcium
2169 3261 2359 3329 adipe:
2385 3276 2454 3315 ex
2484 3258 2721 3331 Quorum
2764 3256 3047 3326 emptione
3081 3255 3205 3325 plus
3243 3253 3395 3307 labo-

1808 3358 1885 3411 ris
1910 3365 1964 3409 et
1991 3352 2279 3419 molestiae,
2304 3364 2469 3422 quam
2509 3347 2768 3405 utilitatis
2808 3339 3096 3418 percipitis
3126 3383 3143 3410 ,
3173 3358 3298 3398 eum
3326 3343 3396 3398 ad

1807 3442 2170 3514 placationetn
2232 3454 2340 3494 non
2405 3436 2699 3493 sufﬁciant.
2773 3433 2915 3490 Sunt
2961 3434 3105 3488 enim
3159 3433 3263 3487 ista
3325 3432 3394 3486 ad

1806 3534 2068 3590 eluendas
2104 3530 2455 3601 peccatorum
2511 3528 2706 3583 sordes
2740 3524 2965 3594 inepta;
3025 3525 3170 3594 quod
3218 3526 3395 3592 paeni-

1810 3626 1977 3681 tentia
1999 3633 2054 3679 et
2090 3623 2190 3677 ﬁde
2244 3622 2301 3675 in
2337 3619 2508 3674 Deum
2540 3617 2795 3671 elﬁcittir.
2844 3614 3097 3671 Postulat
3160 3630 3292 3668 vero
3325 3613 3394 3668 ad

1809 3718 2064 3773 bonorum
2124 3713 2498 3784 largitionem,
2562 3708 2863 3764 auditorem
2899 3723 3005 3761 non
3062 3706 3396 3761 benevolum

1810 3820 2047 3875 tantum,
2085 3808 2179 3865 sed
2205 3805 2602 3875 intelligentetn
2623 3802 3164 3869 etiannum-antique
3199 3814 3398 3855 accur-

1810 3910 2042 3957 rentent.
2072 3895 2226 3965 Quod
2259 3894 2457 3950 deinde
2491 3893 2760 3946 attendere
2790 3888 3014 3943 auribus
3041 3887 3214 3958 jussit
3250 3888 3295 3943 si
3329 3885 3397 3941 ad

1811 3994 2014 4063 Corpus
2042 3987 2272 4052 referas,
2303 3986 2431 4056 apte
2460 3984 2638 4037 minus
2668 3990 2989 4050 usurpatum
3032 3979 3263 4033 videtur.
3299 3976 3399 4033 Est

1811 4084 1956 4141 enim
2029 4079 2296 4135 attendere
2351 4075 2562 4151 (G'rtece
2595 4072 2909 4147 προσέχειν)
2953 4069 3251 4124 oculorum.
3296 4068 3394 4123 Sin

1812 4183 1995 4231 autem
2013 4175 2083 4231 ad
2114 4176 2387 4236 animum,
2423 4158 2817 4228 convenienter
2851 4175 2906 4224 et
2933 4166 3243 4222 commode.
3296 4161 3397 4218 ilic

1814 4282 1986 4349 enim,
2021 4297 2148 4338 cum
2177 4282 2407 4353 simplex
2445 4281 2540 4345 sit,
2571 4287 2625 4334 et
2655 4277 2875 4349 generis
2909 4275 3093 4340 unius,
3147 4275 3200 4328 in
3231 4274 3394 4328 unica

118 4368 216 4423 τοῦ
278 4365 474 4435 Δαόὶδ,
510 4369 607 4423 καὶ
655 4371 755 4442 τῆς
810 4370 948 4443 πρὸς
999 4374 1205 4426 ἐκεῖνον
1250 4375 1509 4444 σχέσεως,
1548 4374 1615 4428 δι’
1648 4374 1701 4447 ῆι

1823 4383 2082 4439 facultate
2112 4397 2310 4438 sensus
2366 4381 2662 4436 interiores
2691 4379 2920 4435 sortitus
2969 4383 3075 4431 cst.
3108 4374 3297 4436 Itaque
3340 4381 3398 4428 et

120 4461 276 4533 αὐτῷ
306 4462 494 4517 πᾶσαν
524 4463 759 4534 παρεῖχε
793 4462 985 4544 ῥοπὴν,
1008 4458 1076 4536 ἧς
1120 4458 1407 4529 τεύξεσθαι
1454 4464 1551 4519 καὶ
1581 4465 1710 4519 τού-

117 4569 249 4618 τους
272 4555 474 4623 φησὶν,
522 4555 681 4626 εἴπερ
713 4555 933 4610 ἀκούειν
978 4556 1235 4612 ἐθέλοιεν.
1272 4555 1430 4611 Οὕτω
1482 4557 1592 4629 γὰρ
1619 4557 1716 4629 ζή-

119 4663 344 4713 σονται,
385 4646 445 4699 οὐ
478 4646 582 4721 τὴν
603 4647 888 4718 παροῦσαν
924 4648 1083 4719 μόνον
1112 4648 1276 4722 ζωὴν,
1310 4649 1448 4704 ἀλλὰ
1491 4651 1589 4704 καὶ
1617 4650 1717 4722 τὴν

119 4739 410 4809 μένουσαν
440 4750 493 4780 δ’
520 4738 583 4793 οὐ
618 4738 776 4809 μόνον
801 4738 860 4793 δὲ
881 4740 1038 4811 ὑμεῖς
1085 4739 1373 4811 ζηλοῦντες
1416 4744 1509 4797 τὸν
1549 4742 1716 4798 αὐτοῦ

114 4830 336 4901 τρόπον
399 4830 496 4886 καὶ
553 4830 653 4901 τὴν
709 4831 1023 4901 μετάνοιαν,
1059 4833 1168 4887 τῶν
1232 4835 1415 4888 αὐτῶν
1435 4833 1714 4904 τεύξεσθε,

115 4922 262 4979 ἀλλὰ
284 4923 394 4976 καὶ
422 4921 480 4976 ιν
513 4923 674 4976 παντὶ
696 4918 840 4976 ἔθνει
868 4923 1054 4988 δεκτὸς
1076 4927 1105 4979 6
1155 4923 1264 4991 ζῶν
1300 4928 1502 4997 ὁμοίως
1542 4928 1713 4999 αὐτῷ.

115 5014 344 5070 οίκειοῖ
372 5013 483 5083 γὰρ
510 5013 569 5065 οὐ
592 5012 771 5082 γένος,
798 5012 935 5068 ἀλλὰ
958 5015 1154 5088 καρδία
1179 5018 1273 5070 καὶ
1308 5017 1439 5086 βίος.

1820 4475 1997 4530 oculis
2018 4473 2192 4540 audit,
2231 4473 2335 4543 .qtti
2373 4472 2579 4542 scripta
2627 4470 2780 4539 legit,
2812 4478 2867 4523 et
2919 4466 3164 4538 loquitur
3207 4466 3398 4534 digitis

1821 4566 1912 4634 qui
1943 4566 2053 4620 illis
2085 4565 2222 4634 ipsis
2271 4564 2485 4619 scribit.
2521 4561 2726 4630 Adjicit
2781 4570 3046 4631 praeterea
3093 4556 3163 4611 de
3195 4555 3402 4609 Davide

1822 4657 2180 4718 mentionem,
2217 4668 2383 4724 quam
2409 4666 2537 4722 erga
2569 4651 2722 4704 illum
2742 4650 2879 4703 bene
2905 4648 3180 4703 animatus
3214 4644 3400 4708 furit,

1824 4749 2019 4804 undea
2044 4763 2104 4803 se
2142 4744 2276 4801 nihil
2312 4760 2419 4800 non
2453 4743 2645 4798 auxilii
2676 4739 3152 4809 settserit;qualia
3192 4748 3244 4791 et
3283 4737 3405 4792 isus

1821 4838 2012 4902 etiam,
2040 4836 2085 4890 si
2114 4818 2308 4890 audire
2340 4834 2637 4889 voluerint.
2674 4846 2781 4884 non
2815 4828 3071 4885 defutura
3103 4826 3400 4896 signiﬁcat.

1824 4923 1904 4981 Ita
1928 4927 2073 4981 enim
2100 4926 2209 4978 vita
2233 4940 2339 4977 non
2368 4924 2623 4993 praesenti
2660 4922 2860 4982 Solum,
2898 4921 2992 4975 St‘tl
3033 4919 3213 4971 futura
3237 4917 3402 4969 etiam

1826 5035 1948 5074 esse
1974 5018 2269 5089 petituros.
2333 5008 2667 5084 Neqnevero
2725 5029 2787 5066 ea
2837 5014 2951 5080 ipsa
3009 5026 3103 5063 vos
3168 5016 3405 5071 tantum,

115 5111 337 5184 inquit,
366 5112 460 5182 qui
493 5125 674 5167 mores
706 5111 854 5166 illius
883 5121 938 5168 et
960 5113 1341 5184 paenitentiam
1367 5114 1729 5178 mutulamini,
1769 5115 2010 5169 Itabitnri
2042 5112 2211 5167 estis:
2244 5112 2338 5166 sed
2386 5110 2442 5164 in
2519 5120 2676 5178 gente
2724 5107 2964 5176 qualibet
2994 5106 3155 5158 etiam
3239 5099 3406 5173 fuerit

114 5205 214 5262 ille
245 5202 396 5259 mihi
420 5213 610 5274 gratus
636 5212 692 5258 et
725 5210 1004 5273 acceptus,
1051 5202 1216 5275 633
1248 5205 1340 5273 qui
1416 5205 1586 5260 vitam
1672 5207 1793 5277 ejus
1833 5206 2161 5261 imitabitur.
2217 5201 2487 5259 Conciliat
2537 5201 2681 5256 enim
2725 5197 3020 5252 amicitiam
3071 5210 3182 5249 non
3231 5206 3407 5263 genus

116 5305 339 5373 ipsum,
375 5298 474 5356 sed
510 5292 726 5355 animus
758 5307 812 5354 et
846 5299 975 5353 vita.

1345 5478 1577 5535 νᾹῆιῶ
1628 5476 2036 5536 LECTIONES.

192 5588 216 5616 ²
254 5593 360 5649 γρ.
404 5575 529 5631 οὐδὲ
572 5576 725 5645 πρός.
805 5587 828 5614 θ
859 5572 946 5626 ἵσ.
978 5570 1305 5643 μέλλουσαν.
