3980 6306
173 141 313 207 2563

1346 147 1885 211 COMMENTARII
1922 149 1998 209 IN
2041 150 2327 212 ISAIAM.

3269 152 3324 213 Ξὶί
3340 148 3414 212 66

178 249 455 319 τείαν,οὲπὶ
487 251 546 303 τὸ
578 250 687 304 τῶν
721 253 989 309 Ἰουδαίων
1023 255 1207 325 τάγμα
1253 257 1452 327 μετέϐη
1483 256 1592 308 τῶν
1626 256 1746 308 τότε

1861 255 1916 308 ad
1948 253 2164 311 Jndazns
2192 258 2302 326 jam
2350 258 2545 315 transit
2572 259 2780 324 oratio;
2835 261 2928 330 qui
2960 261 3237 331 prophetat
3269 271 3404 317 tem-

177 341 253 412 τῷ
297 341 552 412 προφήτῃ
603 343 893 410 συνόντων,
935 345 1132 409 οῖτινες
1175 346 1434 416 ἐφρόνουν
1458 345 1544 399 ἐπ’
1583 345 1741 413 εὐγεσ

178 432 316 501 νείᾳ,
337 432 430 484 καὶ
451 431 531 505 τῷ
555 432 847 501 φυλάττειν
869 436 936 489 τὰ
960 435 1236 498 Σάϐϐατα,
1260 435 1434 489 καὶτὸ
1455 435 1745 504 πολύγονον

178 522 455 586 εὐσεϐείας
498 522 976 597 ὲνόμιζονγέρας,
1010 526 1085 590 ὡς
1132 527 1459 581 ἀναπίπτειν
1499 526 1746 580 ἐντεῦθεν

180 614 302 679 τούς
329 616 753 682 προσηλύτους
790 617 888 670 καὶ
915 617 1058 684 τοὺς
1091 619 1425 687 εὐνούχους
1448 634 1460 648 ·
1493 619 1620 680 τούς
1651 618 1767 686 μὲνι

179 702 251 766 ὡς
285 702 586 770 εὐγενείας,
615 705 743 767 τοὺς
773 704 828 757 δὲ
861 705 936 768 ὡς
964 705 1168 759 παίδων
1210 706 1625 776 ἐστερημένους.
1658 705 1749 757 Διὸ

179 792 417 844 δείκνυσι
454 777 602 856 Θεὸς·
632 794 690 844 ὲν
713 794 935 864 τρόποις
966 789 1106 847 εἷναι
1137 794 1233 848 καὶ
1275 797 1397 856 ταῖς
1434 794 1655 864 ἀρεταῖς
1688 792 1749 844 τὸ

184 882 470 951 μακάριον.
526 882 586 934 ὐ
636 882 748 951 γὰρ
800 882 1162 954 ἐστερημένος
1219 882 1610 949 δικαιοσύνης
1651 874 1749 935 καὶ

181 972 454 1040 κρίσεως,
483 973 582 1027 κᾶν
612 989 665 1026 τι
690 972 799 1026 τῶν
829 973 1136 1044 εἰρημένων
1159 964 1277 1044 ἐχίῃ,
1302 972 1422 1026 λίαν
1450 973 1597 1025 ἐστὶν
1623 971 1749 1024 ἀνό-

181 1080 356 1133 νητος.
398 1062 561 1116 Ὅθεν
591 1063 765 1133 φησί’
796 1064 982 1134 Πάσης
1021 1062 1246 1133 ἀκρίτου
1274 1062 1557 1116 παύσασθε
1608 1060 1751 1130 γνὼ-

184 1170 311 1223 μης,
357 1153 682 1223 κεκριμένῳ
733 1153 979 1225 λογισμῷ
1043 1154 1318 1224 μετιόντες
1364 1154 1430 1206 τό
1478 1153 1747 1205 δίκαιον*

182 1245 368 1314 ἧγουν,
402 1245 482 1297 Τά
506 1244 644 1315 ὀρθά
678 1244 977 1313 φυλάττετε
1006 1245 1281 1314 κρίματα,
1314 1243 1348 1315 ἢ
1378 1243 1448 1296 τά
1486 1242 1605 1296 θεῖα
1633 1243 1755 1314 κρί-

185 1352 349 1402 ματα,
376 1335 657 1405 δηλονότι
687 1336 788 1399 τὰς
844 1335 1084 1399 ἐντολάς.
1119 1338 1212 1389 Δεῖ
1262 1335 1319 1389 δὲ
1362 1336 1457 1390 καὶ
1509 1335 1754 1407 λογισμῷ

183 1421 489 1489 φυλάττειν,
519 1422 613 1475 καὶ
645 1421 794 1495 ἔργῳ
823 1426 1027 1496 ποιεῖν.
1047 1423 1138 1476 Διό
1191 1440 1324 1494 φησι
1348 1440 1362 1455 ⁸
1396 1423 1501 1477 καὶ
1530 1423 1755 1477 ποιεῖτε

180 1514 594 1580 δικαιοσόνην,
645 1512 837 1584 μισθὸν
863 1513 1336 1585 ἐπαγγειλάμενος
1353 1514 1421 1567 τὸ
1459 1514 1773 1582 σωτήριον-

181 1604 372 1657 καὶτὸ
419 1603 612 1668 ἔλεος,
643 1581 701 1675 ἦ,
745 1604 889 1658 κατὰ
936 1581 1066 1668 τούς
1109 1581 1355 1669 λοιποὺς,
1385 1606 1483 1675 τὴν
1533 1581 1753 1660 δίκαιο-
1784 1581 1831 1639 Β

181 1696 401 1761 σύνην.
437 1693 591 1757 Τινὲς
621 1694 677 1747 δέ
724 1712 912 1764 φασιν·
947 1696 1066 1749 ’Ίνα
1102 1696 1176 1767 μὴ
1205 1698 1501 1765 νομίσωσιν
1528 1698 1619 1749 ἐπὶ
1654 1697 1754 1768 τὴν

184 1786 275 1839 τοῦ
311 1789 479 1855 νόμου
507 1789 737 1857 τήρησιν
775 1787 874 1855 τὴν
911 1788 969 1840 ἐν
1004 1790 1184 1848 σκιαῖς
1214 1788 1309 1841 κα)⁵
1339 1788 1531 1850 τύποις
1571 1804 1753 1857 παρα-

184 1877 486 1938 καλεῖσθαι,
523 1878 707 1947 ἐγγὺς
732 1874 904 1942 εἶναι,
938 1879 1094 1947 φησι,
1122 1878 1190 1932 τὸ
1213 1878 1530 1947 σωτήριον,
1556 1879 1653 1932 καί
1687 1878 1755 1931 τὸ

182 1966 375 2032 ἕλεος,
406 1966 553 2020 τοῦτ’
584 1951 699 2020 ἐστὶ
739 1969 994 2039 Χριστόν.
1042 1970 1302 2039 Ἐλεήσας
1331 1972 1439 2041 γὰρ
1463 1971 1631 2040 ἡμᾶς,
1665 1969 1756 2023 διὰ

121 2100 124 2103 .
181 2055 279 2125 τῆς
324 2058 574 2126 ἀφέσεως
600 2058 823 2113 ἔσωσεν.
857 2059 1013 2113 Οὕτω
1049 2063 1140 2113 καὶ
1183 2060 1504 2131 Ἀμϐακούμ
1528 2076 1544 2091 ·
1579 2079 1598 2112 ι
1631 2062 1755 2114 Ἔτι

185 2148 403 2218 μικρὸν,
423 2149 514 2201 καὶ
540 2152 567 2203 ὁ
590 2152 881 2221 ἐρχόμενος
908 2151 1048 2222 ἥξει,
1080 2153 1173 2206 καὶ
1195 2153 1253 2205 οὐ
1286 2144 1506 2222 χρονιεῖ.
1535 2172 1554 2205 ι
1597 2153 1759 2206 Ἀπο-

183 2239 563 2309 καλυεοθῆναι
622 2242 678 2295 δέ
718 2260 920 2312 φησιν,
955 2243 1147 2313 ἐπειδὴ
1196 2243 1499 2315 προύλεγον
1548 2243 1649 2315 μὲν
1706 2245 1756 2297 oi

186 2329 463 2399 προφῆται
516 2331 640 2398 περὶ
689 2330 879 2394 αὐτοῦ,
914 2331 972 2383 ὲν
1016 2331 1165 2394 ἰδίοις
1220 2331 1276 2385 δὲ
1311 2328 1525 2403 καιροῖς
1566 2333 1761 2399 ἐφανε-

185 2420 355 2489 ρώθη.
390 2420 558 2473 Τοῦτο
587 2422 680 2473 καὶ
699 2421 863 2474 Δαϐὶδ
903 2422 1087 2490 ἔλεγεν
1113 2438 1129 2454 ο
1167 2441 1184 2473 ι
1222 2422 1516 2492 Ἐγνώρισε
1554 2423 1757 2494 Κύριος

184 2514 244 2563 τὸ
276 2512 545 2583 σωτήριον
574 2511 738 2564 αὐτοῦ
775 2512 1018 2565 ἐναντίον
1054 2515 1164 2566 τῶν
1195 2512 1388 2568 ἐθνῶν.
1417 2513 1756 2583 ’Δπεκάλυψε

186 2600 280 2672 τὴν
302 2602 647 2673 δικαιοσύνην
676 2603 862 2657 αὐτοῦ.
889 2622 908 2655 ι
951 2603 1073 2658 Ἐπὶ
1098 2604 1379 2669 τοιαύταις
1407 2601 1499 2659 οὖν
1538 2605 1757 2660 ἐλπίσιν

185 2695 453 2762 ἐπιλέγει,
472 2695 775 2766 Μακάριος
796 2696 951 2765 ἀνὴρ
981 2699 1014 2751 ὁ
1041 2697 1230 2751 ποιῶν
1256 2698 1462 2752 ταῦτα.
1488 2696 1607 2766 Τὴν
1632 2676 1757 2768 κρίῖ

185 2799 286 2838 σιν
310 2784 461 2851 λέγει
492 2785 589 2838 καὶ
622 2786 735 2853 τὴν
760 2785 1177 2856 δικαιοσύνην,
1222 2786 1339 2841 ἀλλ’
1367 2789 1466 2857 οὐχ
1495 2789 1525 2840 ό
1566 2803 1760 2857 προτε-

189 2881 401 2948 ρήμασι
423 2877 721 2949 κομπάζων
747 2884 1100 2951 σωματικοῖς,
1123 2882 1374 2954 εὐγενείᾳ
1396 2901 1455 2937 τε
1478 2883 1572 2937 καὶ
1591 2883 1756 2937 πολυ-

187 2970 400 3040 παιδίᾳ.
427 2970 645 3040 Συνῳὸἀ
691 2970 900 3038 τούτοις
946 2972 1134 3043 ἔλεγεν
1190 2974 1440 3048 Ἰωάννης
1489 2977 1517 3033 ό
1556 2977 1760 3032 Βαπτι-

189 3064 355 3134 στής·
395 3078 419 3116 t
453 3064 727 3136 Ποιήσατε
774 3066 869 3121 οὖν
922 3072 1169 3139 καρποὺς
1218 3069 1402 3135 ἀξίους
1448 3072 1545 3141 τῆς
1596 3089 1763 3142 μετα-

187 3158 358 3222 νοίας,
395 3159 487 3210 καὶ
540 3158 617 3228 μὴ
659 3155 850 3230 δόξητε
900 3159 1107 3228 λέγειν,
1152 3161 1374 3232 Πατέρα
1424 3161 1622 3232 ἔχομεν
1673 3161 1764 3216 τὸν

201 3247 476 3317 Ἀϐραάμ.
512 3266 535 3299 ι
595 3247 828 3318 Ὁμοίως
870 3250 962 3303 καὶ
999 3251 1029 3303 ὁ
1078 3251 1289 3320 Σωτήρ’
1329 3270 1348 3304 ι
1376 3254 1438 3306 Et
1466 3253 1631 3307 τέκνα
1667 3251 1763 3307 τοῦ

201 3338 455 3410 Ἀϐραὰμ
476 3334 598 3411 ἦτε,
620 3340 688 3393 τὰ
719 3339 855 3410 ἔργα
883 3340 977 3395 τοῦ
1009 3341 1262 3414 Ἀϐραὰμ
1284 3345 1515 3399 ἐποιεῖτε
1542 3347 1626 3400 ἀν.
1657 3363 1678 3397 ›

255 3514 350 3564 Δεῖ
379 3511 435 3564 δὲ
467 3514 603 3583 πρὸς
634 3509 714 3578 τῷ
751 3514 1082 3584 φυλάττειν
1112 3515 1436 3592 [Σάϐϐατα],
1467 3519 1568 3575 καὶ
1627 3520 1766 3575 ἀντ·

190 3600 441 3672 ἔχεσθαι
466 3602 575 3672 τῆς
617 3603 1026 3675 δικαιοσύνης,
1071 3609 1171 3662 καὶ
1220 3611 1491 3678 κρίσεως,
1543 3615 1640 3666 καὶ
1691 3614 1765 3686 μὴ

195 3695 499 3766 παρέργως
530 3695 618 3748 ἐπ’
644 3697 784 3750 αὐτά
812 3700 1029 3769 χωρεῖν.
1062 3700 1217 3754 Μετὰ
1260 3701 1461 3756 τούτων
1512 3704 1624 3775 γὰρ
1672 3708 1766 3759 καὶ

192 3787 231 3852 ἠ
253 3785 507 3855 φυλακὴ
540 3785 658 3840 τῶν
681 3788 996 3844 Σαϐϐάτων
1027 3791 1311 3859 ἐπαινετὴ,
1342 3793 1463 3863 ἥτις
1491 3795 1640 3849 ἐστὶν
1668 3797 1766 3869 οὐχ

192 3877 385 3941 ἁπλῶς
411 3878 471 3931 ὲν
498 3879 687 3950 ἀργίᾳ,
719 3878 835 3932 ἀλλ’
862 3882 919 3935 ὲν
955 3881 1033 3951 τῷ
1058 3882 1167 3948 τὰς
1201 3883 1423 3952 χεῖρας,
1464 3886 1610 3940 τοῦτ’
1651 3888 1765 3943 ἐστι

186 3969 286 4031 τὰς
317 3968 551 4040 πράξεις
579 3970 822 4039 καθαρὰς
851 3972 1066 4027 ἀτόπων
1120 3973 1300 4044 ἔργων
1347 3980 1558 4048 τηρεῖν.
1609 3979 1767 4035 Οὕτω

186 4061 298 4132 γάρ
327 4060 413 4113 δεῖ
446 4061 912 4128 Σαϐϐατίζοντας
940 4062 1130 4129 θυσίας
1177 4068 1472 4136 προσάγειν
1525 4086 1769 4141 πνευμα-

186 4151 371 4215 τικάς.
404 4145 543 4203 Εἶτα
578 4153 994 4223 παραμυθεῖται
1022 4156 1164 4222 τοὺς
1204 4161 1634 4230 προσηλύτους
1667 4164 1767 4219 καὶ

1801 1492 1809 1501 1
1855 1422 2036 1475 animo
2065 1422 2362 1486 custodire,
2392 1433 2445 1477 et
2484 1439 2673 1494 reapse
2724 1435 2986 1493 prmstare

1849 344 2073 409 poribus
2106 344 2373 407 viventes,
2418 346 2633 415 generis
2695 347 2980 403 nobilitate
3003 349 3409 418 superbiebant,

1850 430 2127 500 prolisque
2152 430 2538 485 fecunditatem
2585 434 2802 500 pietatis
2832 449 2953 489 esse
2979 436 3261 505 praemium
3294 438 3406 490 cxi-

1848 520 2182 575 sﬁmabant:
2215 522 2358 576 unde
2385 522 2478 591 qui
2519 522 2822 592 alienigena:
2866 519 3190 596 eunuchique
3235 537 3410 591 erant,

1847 608 2048 663 animis
2075 608 2437 671 concidebant
2471 626 2485 662 :
2518 608 2573 662 hi
2605 610 2860 678 quidem,
2899 622 3156 679 tanquam
3201 611 3413 680 ignobi-

1848 699 1961 767 les;
1998 700 2075 754 illi
2111 709 2316 765 autem,
2356 709 2416 755 ut
2462 700 2761 762 infecundi.
2810 702 3108 773 liberisque
3138 715 3407 760 carentes.

1849 787 1967 851 Quo
1998 786 2056 840 ﬁt
2112 796 2174 842 ut
2224 789 2276 842 in
2326 790 2572 844 moribus
2623 789 2778 859 ipsis.
2825 799 2880 844 et
2915 790 3235 856 virtutibus,
3289 806 3412 846 esse

1851 879 2167 932 beatitatem
2201 880 2534 935 demonstret
2552 881 2714 937 Deus.
2734 881 2919 952 Neque
2944 883 3087 938 enim
3114 884 3412 953 quidquam

1852 971 2165 1038 profecerit,
2208 972 2300 1041 qui
2351 973 2609 1039 praedicta
2653 974 2870 1039 haheat,
2918 974 2963 1028 si
3000 973 3219 1043 justitia
3248 983 3297 1029 et
3320 974 3407 1040 ju-

1851 1060 1992 1115 dicio
2030 1072 2238 1119 careat.
2298 1062 2499 1119 Omnes
2551 1081 2649 1120 vos
2708 1067 2893 1135 igitur,
2952 1067 3151 1138 inquit,
3207 1068 3415 1137 abiecta

1852 1149 2053 1204 mentis
2077 1152 2470 1216 inconstantia,
2501 1152 2904 1222 cerlojudicio,
2936 1155 3079 1223 quod
3096 1155 3302 1222 justum
3332 1163 3417 1209 est

1853 1241 2098 1310 quaerite.
2122 1240 2416 1305 Nimirum,
2445 1253 2590 1297 recta
2616 1245 2827 1314 judicia
2850 1262 2868 1299 :
2896 1255 2989 1300 aut
3017 1246 3179 1301 etiam
3207 1246 3414 1313 divina;
3458 1259 3461 1262 '

1853 1332 1908 1387 id
1949 1329 2054 1394 est.
2082 1332 2176 1387 Dei
2224 1344 2490 1403 praecepta
2539 1335 2814 1390 custodite.
2865 1335 3031 1392 Decet
3067 1351 3194 1391 vero
3226 1337 3314 1390 illa
3364 1346 3419 1391 et

3035 1446 3048 1481 :
3105 1442 3213 1496 quo
3247 1426 3302 1482 Ιῑι
3358 1436 3418 1481 ιιι

1852 1513 2125 1582 justitiam
2169 1514 2341 1583 facere
2377 1514 2597 1583 jnheus,
2634 1516 2859 1568 salutem
2887 1524 2939 1569 et
2968 1516 3415 1581 misericordiam,

1859 1611 1953 1657 aut
2004 1602 2304 1677 secundum
2355 1604 2618 1672 reliquos.
2656 1605 2927 1674 justitiam
2957 1646 2971 1670 ,
3028 1605 3082 1658 in
3135 1607 3414 1676 praemittit]

1859 1696 2199 1763 polliceatur.
2242 1694 2442 1750 Putant
2477 1697 2745 1761 nonnunli,
2780 1712 2846 1750 ne
2895 1697 3142 1751 videatur
3171 1697 3238 1751 ad
3286 1697 3418 1764 legis

1861 1788 2151 1851 umbram,
2212 1795 2577 1860 typorumqne
2632 1788 3064 1844 observationem
3115 1790 3417 1854 adhortari,

1858 1879 2084 1935 salutem
2133 1888 2181 1935 et
2213 1882 2655 1947 misericordiam,
2709 1881 2761 1936 id
2797 1889 2880 1937 est
2920 1881 3221 1946 Christum,
3262 1896 3421 1951 prope

1860 1986 1971 2024 esse
2013 1970 2360 2040 signiﬁcare;
2398 1972 2557 2041 cujus
2601 1973 2952 2027 miseratione
2979 1988 3076 2042 per
3134 1973 3415 2028 remissio.

1864 2076 1986 2115 nem
2028 2063 2230 2117 servati
2262 2076 2473 2117 Stnnns.
2504 2063 2659 2129 Quod
2706 2063 2993 2118 conllrmat
3033 2074 3085 2119 et
3141 2064 3419 2120 Habacum

1864 2152 1949 2206 his
1985 2152 2166 2224 verbis
2199 2169 2214 2206 :
2252 2170 2272 2204 ι
2304 2153 2498 2207 Adhuc
2528 2154 2826 2220 modicum,
2863 2165 2918 2209 et
2958 2155 3050 2225 qui
3094 2157 3260 2222 venit,
3298 2155 3424 2210 ade-

1864 2240 1961 2303 rit,
1990 2254 2166 2308 neque
2194 2239 2431 2295 tardabit
2465 2241 2531 2295 ‘1'.
2574 2259 2592 2292 ι
2627 2241 2756 2296 Ideo
2788 2249 2968 2297 autem
3011 2243 3290 2298 revelatum
3313 2259 3425 2298 esse

1863 2329 2025 2395 dixit,
2061 2330 2207 2399 quod
2232 2347 2351 2401 qua:
2377 2331 2445 2385 de
2477 2346 2543 2386 eo
2577 2330 2852 2409 pt:0phettn
2883 2333 3268 2403 praedixerant,
3307 2337 3424 2389 SlllS

1862 2421 2204 2490 temporibus
2233 2421 2286 2476 in
2317 2421 2492 2475 lucem
2525 2422 2871 2491 prodierint,
2897 2424 3057 2493 juxta
3099 2424 3230 2479 illud
3268 2423 3427 2477 Davi-

1863 2507 1995 2563 dis:
2040 2526 2059 2560 ι
2103 2507 2301 2561 Notum
2358 2507 2487 2562 fecit
2540 2507 2804 2565 Dominus
2854 2510 3097 2565 salutare
3153 2526 3334 2567 suum.
3370 2511 3423 2564 In

1864 2610 2161 2670 conspectu
2191 2599 2431 2670 gentium
2460 2600 3004 2670 revelavitjustitiam
3028 2602 3150 2671 ejus
3186 2601 3253 2657 “.
3293 2621 3312 2654 ι
3351 2601 3427 2656 Ea

1865 2706 1961 2762 spe
1988 2691 2156 2762 igitur
2179 2689 2457 2747 concludit
2485 2690 2706 2745 Beatum
2736 2708 2849 2746 esse
2877 2695 3043 2746 virum
3086 2694 3177 2764 qui
3201 2694 3307 2748 ista
3339 2696 3427 2764 fa-

1863 2782 2012 2846 ciat,
2035 2779 2303 2851 judicium
2334 2781 2594 2835 nimirum
2628 2790 2677 2834 et
2699 2780 3008 2846 iustitiam:
3040 2799 3146 2836 non
3179 2783 3271 2853 qui
3303 2798 3428 2838 cor-

1865 2871 2018 2943 poris
2048 2869 2446 2941 praarogativis,
2481 2870 2766 2926 nobilitate
2792 2872 3023 2939 scilicet,
3053 2884 3105 2926 et
3148 2873 3296 2944 prole
3329 2890 3424 2929 su.

1865 2964 2093 3038 perbiat.
2119 2963 2329 3033 Quibus
2365 2972 2419 3021 et
2460 2962 2550 3020 illa
2580 2952 2954 3031 consentiunt,
2995 2979 3117 3036 quae
3159 2979 3188 3018 a
3219 2963 3428 3019 Joanne

1863 3055 2031 3128 638
2066 3054 2309 3123 Baptista
2357 3053 2410 3107 in
2441 3054 2586 3108 hunc
2621 3056 2839 3109 modum
2874 3065 3131 3126 usurpata
3159 3057 3426 3128 legimus:

1870 3169 1888 3202 ι
1927 3150 2113 3204 Facite
2160 3165 2291 3219 ergo
2342 3149 2554 3206 fructus
2588 3149 2784 3222 dignos
2833 3152 3203 3221 poenitentiae,
3251 3168 3429 3221 neque

1865 3242 2157 3297 videamini
2189 3242 2373 3298 dicere
2402 3262 2415 3297 :
2452 3241 2668 3299 Patrem
2701 3243 2966 3299 habemus
2995 3245 3272 3298 Abraham
3296 3244 3363 3299 ".
3404 3264 3422 3298 ι

1864 3331 1932 3385 Ει
1965 3332 2055 3386 illa
2085 3333 2270 3396 etiam,
2303 3347 2422 3402 quae
2453 3348 2482 3386 a
2505 3332 2787 3388 Salvatore
2820 3352 2835 3389 :
2878 3352 2897 3385 ι
2939 3333 2998 3388 Si
3026 3333 3123 3389 ﬁlii
3152 3333 3427 3390 Abraham

1866 3425 2078 3486 essetis,
2114 3438 2280 3492 opera
2305 3423 2536 3478 Abralne
2565 3423 2821 3480 faceretis
2845 3425 2916 3480 ⁸⁸.
2946 3445 2966 3478 ι

1935 3511 2086 3580 Opus
2126 3519 2212 3566 est
2266 3527 2393 3566 vero
2440 3513 2509 3564 ad
2576 3512 2935 3568 Sabbato-rum
2991 3515 3426 3580 observationem,

1858 3601 2133 3670 justitiam
2159 3601 2294 3654 tueri
2331 3611 2380 3655 et
2411 3602 2718 3671 judicium;
2750 3620 2857 3658 non
2892 3604 3108 3675 frigide,
3150 3623 3254 3661 non
3288 3609 3432 3663 osci-

1868 3701 2044 3746 tanter
2072 3691 2137 3744 ad
2166 3706 2354 3745 eorum
2377 3693 2815 3747 observationem
2849 3682 3129 3750 accedere.
3158 3694 3253 3750 Est
3282 3698 3428 3751 enim

1867 3798 1990 3839 cum
2044 3783 2166 3839 istis
2218 3782 2488 3836 laudanda
2545 3781 2903 3838 Sabbatorum
2948 3784 3274 3850 observatio;
3320 3801 3428 3841 non

1869 3879 1959 3932 illa
1988 3876 2137 3931 iners
2183 3876 2379 3946 plane;
2426 3875 2521 3930 sed
2555 3891 2675 3946 qua:
2705 3892 2917 3944 manus,
2962 3878 3013 3932 id
3044 3886 3128 3933 est
3160 3880 3430 3943 actiones,

1869 3973 1937 4026 ab
1967 3971 2279 4040 impuritate
2317 3969 2522 4023 alienas
2553 3978 2858 4023 conservet.
2894 3970 2968 4023 lla
3000 3958 3145 4025 enim
3186 3987 3305 4035 eos,
3337 3973 3430 4042 qui

1868 4061 2107 4117 Sabbata
2128 4061 2427 4126 observant,
2457 4060 2770 4131 spirituales
2801 4061 3008 4117 hostias
3029 4062 3186 4116 decet
3209 4062 3428 4117 offerre.

1869 4143 2201 4225 Alienigeuas
2233 4153 2429 4209 deinde
2448 4162 2495 4207 et
2514 4152 2771 4207 eunuchos
2801 4154 3138 4219 consolatur,
3172 4164 3428 4222 tanquam
3492 4176 3497 4180 ·

189 4242 334 4308 τοὺς
354 4243 715 4312 εὐνούχους,
756 4244 831 4309 ὡς
861 4246 1074 4313 οὐδενὸς
1101 4250 1209 4305 τῶν
1253 4251 1510 4320 μεγάλων
1539 4257 1761 4328 ἐστερη-

1872 4246 2005 4302 levis
2032 4247 2248 4316 jactura
2286 4246 2378 4310 sit,
2420 4247 2465 4299 si
2485 4246 2765 4316 sanguinis
2804 4246 3123 4313 nobilitate,
3153 4247 3433 4316 proliSque

190 4334 393 4403 μένους
426 4335 746 4405 σωματικῆς
783 4337 1063 4405 εὐγενείας
1098 4340 1204 4409 καὶ,
1232 4342 1438 4396 παίδων
1463 4345 1645 4415 γονῆς.
1690 4347 1765 4398 Οὐ

184 4426 299 4497 γὰρ
332 4425 619 4496 ὲμποδίσει
663 4426 839 4482 ταῦτα
887 4428 994 4482 τῶν
1043 4429 1204 4484 θείων
1232 4436 1416 4503 τυχεῖν
1447 4435 1688 4501 ἀγαθῶν,
1718 4438 1766 4490 εί
1803 4447 1809 4450 ’

187 4514 331 4584 ζῷεν
355 4513 647 4578 θεοσεϐῶς,
678 4514 755 4585 τῷ
784 4515 1231 4588 δικαιοπραγεῖν
1259 4522 1333 4585 ὡς
1369 4523 1452 4575 δεῖ
1483 4527 1768 4579 Σαϐϐατι-

185 4605 415 4671 ζοντες.
443 4606 518 4659 Οὐ
542 4605 649 4677 γάρ
673 4605 805 4676 ψιλά
834 4607 976 4663 θέλει
1002 4612 1074 4666 τὰ
1095 4610 1369 4667 Σάϐϐατα
1398 4617 1426 4668 ὁ
1455 4617 1575 4669 κατ’
1596 4617 1771 4687 ἀρχὰς

184 4691 363 4747 είπὼν
414 4693 510 4746 τοῦ
546 4693 781 4765 βιϐλίου·
818 4714 839 4748 ι
869 4698 980 4760 Τάς
1003 4701 1298 4770 νουμηνίας
1337 4703 1511 4774 ὑμῶν,
1562 4707 1653 4759 καὶ
1701 4709 1768 4760 τὰ

184 4783 472 4846 Σάϐϐατα,
505 4787 599 4836 καὶ
628 4785 842 4856 ἡμέραν
874 4788 1117 4859 μεγάλην
1139 4792 1239 4845 οὐκ
1266 4794 1547 4864 ἀνέχομαι·
1593 4816 1613 4848 ι
1648 4797 1765 4851 ἀλλ’

179 4878 231 4928 εί
262 4875 365 4929 καὶ
395 4875 503 4927 ἔδει
528 4875 649 4928 τότε
688 4880 1016 4947 σωματικῶς
1045 4882 1346 4952 τηρεῖσθαι,
1375 4885 1463 4956 διὰ
1495 4887 1592 4958 τὴν
1620 4907 1762 4961 παρ-

180 4967 456 5036 αγγελίαν
486 4967 581 5019 τοῦ
622 4967 788 5037 νόμου
841 4970 904 5023 τὸ
941 4970 1281 5037 Σαϐϐαῖον,
1323 4978 1475 5045 μετὰ
1512 4995 1569 5045 κδ(
1586 4979 1764 5046 ίσεως

179 5058 283 5111 καὶ
309 5056 704 5124 δικαιοσύνης
724 5053 804 5127 ἦν
822 5063 1131 5128 τηρητέον.
1153 5065 1266 5117 Οὐκ
1290 5067 1395 5137 ἄρα
1417 5069 1762 5140 παραϐλάψει

178 5149 293 5204 τόν
323 5146 633 5217 ἀλλογενῆ
675 5149 754 5213 τὸ,
779 5151 931 5206 νόθον
961 5154 1055 5208 τοῦ
1104 5156 1314 5223 γένους.
1360 5162 1632 5231 Ἀρέσκων
1653 5164 1761 5234 γὰρ

177 5241 380 5312 Κυρίῳ
409 5237 672 5303 είςέθνος
720 5239 876 5309 ἀγιον
910 5244 1007 5297 καὶ
1049 5247 1108 5299 ἐν
1152 5247 1363 5313 τέκνοις
1413 5252 1617 5307 τελέσει
1665 5255 1757 5307 τοῦ

251 5440 304 5514 ξ’
339 5438 547 5514 llabac.
571 5458 635 5511 tt,
660 5444 727 5513 5;
761 5446 926 5504 Hebr.
963 5466 1018 5514 ιι,
1048 5449 1136 5504 37.

1247 5448 1293 5481 “
1325 5449 1471 5505 Psal.
1499 5467 1664 5519 xcvu,
1704 5455 1760 5510 2.

180 5510 227 5542 δ’
252 5509 371 5566 lsa.
401 5527 442 5579 ι,
476 5511 564 5569 12.

1868 4338 2204 4393 fecunditate
2233 4336 2604 4392 destituantur
2632 4352 2645 4391 :
2673 4353 2794 4391 cum
2825 4339 3132 4394 divinorum
3161 4341 3430 4394 honorum

1870 4433 2271 4503 perceptionem
2300 4432 2430 4486 talia
2449 4447 2557 4486 non
2589 4432 2886 4502 impediant
2912 4447 3054 4503 ;qua
3091 4440 3300 4488 tantum
3338 4450 3432 4503 po-

1871 4523 2487 4593 lientur,quijustitiam
2507 4523 2757 4591 coluntet
2772 4525 3023 4594 pietatem
3053 4541 3068 4590 ;
3093 4526 3144 4577 in
3173 4540 3280 4592 quo
3306 4540 3432 4579 vera

1873 4613 2225 4670 Sabbatorum
2265 4622 2444 4685 posita
2487 4618 2558 4671 sit
2604 4617 2919 4672 observatio.
2950 4616 3069 4672 Non
3114 4620 3256 4673 enim
3290 4609 3433 4673 nuda

1871 4708 2120 4777 expoSrit
2168 4707 2425 4769 Sabbata,
2454 4711 2547 4778 qui
2583 4725 2641 4764 se
2690 4710 2813 4765 libri
2849 4711 3014 4778 hujuS
3057 4711 3213 4764 initio
3235 4711 3303 4773 “,
3340 4729 3433 4765 eo-
3485 4756 3503 4768 ..

1871 4814 1988 4851 rum
2019 4799 2316 4862 Kalendas,
2350 4810 2403 4852 et
2442 4797 2699 4864 Sabbata,
2726 4802 2977 4871 diemque
3012 4818 3263 4871 maguum
3294 4802 3437 4857 ferre

1869 4906 1978 4943 non
2032 4907 2191 4960 posse
2243 4892 2522 4959 professus
2543 4898 2643 4945 cst.
2698 4891 2807 4947 Ιιιιο
2842 4909 2987 4957 vero,
3027 4894 3189 4946 etiam
3226 4892 3280 4946 'si
3318 4902 3431 4945 tum

1866 4981 2221 5050 corporaliter
2255 4981 2532 5035 observari
2566 4980 2857 5036 Sabbatum
2891 5000 2956 5038 ex
2998 4984 3130 5054 legis
3168 4993 3435 5053 praecepto

1872 5080 2172 5142 oporteret,
2212 5088 2331 5124 cum
2378 5071 2585 5140 judicio
2647 5081 2828 5127 tamen
2890 5083 2941 5128 et
2991 5075 3210 5143 justitia
3267 5075 3431 5129 etiam

1870 5163 2047 5232 fuerat
2091 5162 2517 5217 custodiendum.
2560 5161 2676 5216 Non
2726 5164 2892 5232 igitur
2924 5166 3276 5235 alienigenam
3317 5166 3432 5235 ipsa

1860 5253 2083 5331 generis
2104 5252 2339 5308 offendet
2369 5254 2624 5308 varietas.
2661 5252 2800 5318 Quin
2837 5255 3179 5323 potiusinter
3201 5253 3432 5310 Abrahae

1936 5457 2222 5512 “Matth.
2262 5472 2343 5523 nt,
2385 5453 2452 5521 8;
2489 5453 2625 5509 Luc.
2664 5469 2743 5519 In,
2779 5453 2845 5519 8;
2918 5452 2962 5483 δ”
2998 5451 3157 5508 Joan.
3188 5473 3302 5521 \‘lll,
3340 5458 3428 5513 59.
