3954 6308
1479 242 1508 260 1

197 309 359 371 ΞῖιθἸ

1341 315 1872 376 COMMENTARII
1909 314 1988 374 ΙΝ
2021 315 2305 377 lSAIAM.
2322 329 2340 346 ’

3309 316 3457 382 2598

189 422 350 488 ζιεν,
388 423 646 495 ἁγιασμῷ
672 422 728 478 δὲ
776 422 871 479 καὶ
921 425 1278 495 καθαρότητι,
1308 427 1402 479 καὶ
1445 425 1531 477 διὰ
1574 425 1777 477 τούτων

1891 425 1973 478 sed
2003 432 2060 477 ut
2093 423 2512 486 sanctiﬁcationi
2545 425 3017 497 puriﬂcationiqne
3061 437 3316 491 racetnr;
3353 445 3448 500 per

191 515 539 585 ἀγιὰζεσθαι
565 513 678 583 τὴν
721 517 950 585 ἡμέραν
978 516 1065 570 διὰ
1094 516 1195 581 τῆς
1241 514 1382 569 κατὰ
1417 515 1550 569 Θεὸν
1579 516 1779 587 σχολῆς

193 608 500 676 τρυφερὰν
524 602 818 677 γινομένην
857 607 949 660 καὶ
990 607 1215 662 ἄλυπον.
1250 608 1357 661 Καὶ
1389 607 1472 661 δεῖ
1506 607 1581 678 μὴ
1615 610 1778 678 μέχρι

192 699 296 752 τοῦ
323 702 539 772 κινῆσαι
569 698 745 763 πόδα,
773 699 806 768 ἦ
834 698 1057 769 μολῦναι
1091 698 1158 751 τὰ
1189 698 1365 769 χείλη,
1396 699 1532 770 πρὸς
1571 700 1777 768 ἑτέροις

194 791 450 860 γίνεσθαι
483 791 773 863 πράγμασι
824 794 890 862 τῇ
921 791 1041 862 θείᾳ
1085 789 1277 863 Γραφῇ
1323 792 1774 863 προσανέχοντας.

209 883 272 936 '0
300 883 352 936 δὲ
395 882 538 945 θεῖος
575 881 896 944 Ἀπᾶστολος
940 882 1038 935 τοῦ
1080 882 1246 951 νόμου
1301 883 1400 953 τὴν
1441 883 1600 936 σκιὰν
1635 899 1778 953 παρ-

198 971 348 1024 ωθού
357 989 537 1041 μενος,
559 972 864 1043 περιτομὴν
885 973 1262 1044 πνευματικὴν
1279 973 1375 1026 καὶ
1401 971 1780 1043 Σαϐϐατισμὸν

200 1061 521 1115 ὑποτίθεται
567 1061 740 1127 λέγων
765 1075 782 1090 ο
833 1078 852 1112 ι
903 1060 1062 1114 Ἀλλᾶ
1112 1063 1384 1132 περιτομὴ
1439 1063 1666 1132 καρδίας
1717 1063 1779 1116 οὐ

198 1151 513 1222 γράμματι,
572 1151 708 1204 ἀλλὰ
763 1151 1058 1221 πνεύματι.
1107 1170 1126 1202 ι
1177 1152 1287 1205 Kal
1345 1152 1541 1206 πάλινο
1580 1172 1598 1205 ι
1637 1153 1781 1225 Ἀριι

197 1243 562 1298 ἀπολείπεται
592 1243 978 1314 Σαϐϐατισμδς
1004 1243 1082 1314 τῷ
1119 1242 1234 1312 λαῷ
1261 1243 1356 1296 τοῦ
1395 1243 1619 1314 Κυρίου.
1657 1262 1676 1296 ι
1721 1245 1780 1298 Ὀ

201 1331 317 1402 γὰρ
346 1331 602 1384 εἰσελθὼν
631 1333 710 1394 είς
732 1331 833 1402 τὴν
861 1333 1207 1386 κατάπαυσιν
1251 1333 1439 1400 αὐτοῦ,
1477 1329 1572 1388 καὶ
1616 1335 1780 1399 αὐτὸς

202 1421 552 1475 κατέπαυσεν
583 1421 689 1474 ἀπὸ
732 1421 841 1473 τῶν
875 1419 1051 1490 ἔργων
1085 1420 1270 1483 αὑτοῦ,
1307 1421 1497 1492 ὥσπερ
1532 1421 1641 1474 ἀπὸ
1671 1422 1778 1474 τῶν

208 1514 410 1596 ἰδίων-ὁ
434 1512 588 1576 Θεός.
633 1511 1041 1582 Σαϐϐατισμὸς
1076 1512 1186 1583 ἄρα
1218 1513 1358 1567 κατὰ
1393 1513 1526 1566 Θεὸν
1554 1515 1615 1566 τὸ
1643 1513 1780 1567 παύ-

206 1604 406 1658 σασθαι
438 1604 546 1657 τῶν
595 1603 738 1656 ἰδίων
772 1602 951 1673 ἔργων
986 1602 1081 1663 κα)
1121 1603 1488 1672 Heln/(dtur.
1531 1607 1596 1657 Ὂ
1626 1606 1778 1676 καὶὴ

203 1695 456 1766 παροῦσα
506 1695 814 1766 προφητεία
867 1695 1022 1763 φησί.
1079 1695 1243 1763 Λέγει
1289 1695 1346 1748 δὲ
1394 1695 1488 1749 καὶ
1530 1695 1774 1758 Παῦλος·

1880 514 2108 584 haecque
2131 514 2243 569 dies
2271 525 2486 570 sanctus
2515 525 2569 570 et
2606 516 2823 580 festum.
2851 534 2937 581 eo,
2970 521 3116 588 quod
3149 523 3448 576 secundum

1881 603 2050 658 Deum
2081 615 2185 662 est.
2219 605 2354 668 otio,
2391 605 2635 666 delicate,
2683 608 2946 676 nullaque
2991 609 3238 676 molestia
3284 611 3449 665 inte!-

1883 704 2103 766 tuptum
2152 695 2482 751 celebretur.
2536 697 2700 752 Decet
2747 699 2908 752 etiam
2955 713 3050 754 eos
3094 715 3162 754 ne
3208 701 3274 755 ad
3306 702 3452 770 pedis

1881 789 2102 858 quidem
2138 805 2309 859 usque
2347 791 2762 858 promotionem,
2802 799 2896 844 aut
2945 791 3213 846 lablorum
3264 801 3453 846 conta-

1882 881 2236 934 minatiouetn
2271 881 2321 934 in
2354 882 2572 936 ceteris
2600 882 2831 950 negotiis
2855 883 3135 951 occupari,
3160 882 3251 952 qui
3284 896 3458 938 sacra

1885 972 2187 1041 Scriptura:
2229 971 2578 1026 incumbunt.
2619 973 2689 1025 At
2736 975 2926 1026 beatus
2958 973 3273 1040 Apostolus,
3319 972 3457 1042 legis

1886 1063 2077 1117 umbra
2141 1061 2377 1132 rejecta,
2435 1063 2916 1118 circumcisionem
2981 1064 3322 1132 spiritualem
3403 1070 3458 1116 et

1884 1151 2291 1208 Sabbatismum
2327 1153 2482 1222 potiit
2533 1154 2619 1209 bis
2659 1155 2839 1209 verbis
2875 1170 2888 1205 :
2920 1173 2936 1205 ι
2985 1153 3184 1208 Verum
3220 1155 3458 1208 circum-

1880 1245 2021 1299 cisio
2044 1245 2251 1307 cordis,
2296 1260 2403 1298 non
2454 1246 2655 1311 littera,
2692 1245 2787 1301 sed
2833 1246 3030 1316 Spiritu
3067 1245 3132 1300 ³⁷.
3183 1266 3200 1297 i
3237 1244 3303 1299 Et
3337 1260 3459 1300 rur-

1881 1348 2052 1390 sum:
2101 1355 2124 1386 r
2176 1336 2362 1405 Itaque
2439 1336 2766 1406 relinquitur
2834 1337 3202 1392 sabbatismus
3258 1335 3459 1406 populo

1885 1421 2182 1479 Domini“.
2234 1445 2251 1476 ι
2307 1424 2410 1492 Qui
2453 1426 2599 1480 enim
2647 1423 2930 1498 ingressus
2979 1436 3064 1482 est
3112 1429 3165 1482 in
3212 1429 3455 1498 requiem

1882 1515 2022 1585 ejus,
2047 1527 2098 1571 et
2135 1518 2252 1587 ipse
2285 1519 2557 1588 requievit
2590 1520 2658 1574 ah
2700 1521 2958 1588 operibus
2992 1522 3144 1576 suis:
3173 1522 3392 1577 sicutet
3427 1537 3458 1574 a

1883 1605 2001 1659 suis
2035 1603 2195 1660 Dens.
2250 1606 2342 1661 Est
2383 1608 2552 1675 igitur
2587 1606 2880 1662 Subbalum
2934 1611 3235 1666 secundum
3287 1609 3456 1664 Deum

1885 1698 2171 1760 celebrare,
2204 1715 2230 1750 a
2263 1701 2501 1769 propriis
2531 1703 2789 1770 operibus
2823 1704 3277 1773 voluntatibusque
3331 1703 3459 1757 abs-

211 1805 231 1839 ε
260 1787 452 1840 Βλέπω
479 1785 537 1839 δὲ
555 1786 742 1857 ἕτερον
769 1785 932 1854 νόμον
958 1785 1514 1854 ἀντιστρατευόμενον
1534 1784 1610 1854 τῷ
1632 1786 1780 1854 νόμῳ

1891 1792 2059 1844 linere
2094 1807 2108 1844 :
2146 1791 2287 1859 quod
2328 1792 2443 1860 ipsa
2480 1793 2693 1856 innuit,
2738 1809 2858 1862 quat
2893 1795 3049 1848 nobis
3080 1804 3164 1850 cst
3203 1795 3256 1849 in
3293 1795 3461 1849 mani-

203 1877 302 1933 τοῦ
330 1878 448 1941 νοός
479 1893 605 1947 μου.
638 1895 658 1928 ι
683 1877 842 1930 Κατὰ
869 1876 1056 1928 τοῦτον
1084 1875 1176 1928 οῦν
1206 1879 1322 1928 ἐστι
1355 1877 1426 1929 τὰ
1454 1876 1779 1944 θελήματα,

206 1969 348 2039 πρὸς
375 1969 411 2023 ἃ
437 1967 752 2040 ὲπιρῥεπῶς
781 1959 995 2037 ἔχοντες
1015 2009 1030 2033 ,
1086 1967 1440 2038 περικόπτειν
1471 1967 1778 2034 ὀφείλομεν.

206 2059 368 2116 Οὕτω
409 2061 517 2132 γὰρ
551 2060 940 2130 ἐπιτελέσομεν
985 2059 1255 2114 Σάϐϐατα
1302 2059 1561 2129 τρυφερὰ
1613 2060 1782 2129 μηδὲν

206 2152 401 2222 ἔχοντα
421 2152 531 2205 τῶν
557 2151 665 2205 ἀπὸ
695 2151 918 2221 γνώμης
961 2152 1205 2220 σκληρᾶς
1241 2152 1335 2204 καὶ
1380 2151 1784 2222 ἁντιτεινούοης

206 2243 349 2314 Θεῷ,
375 2243 516 2298 κατὰ
546 2243 626 2308 τὸ,
669 2245 807 2296 «Καὶ
833 2243 1177 2314 ὲσκληρύνθη
1223 2246 1255 2314 ή
1284 2245 1479 2314 καρδία
1513 2244 1732 2315 Φαραώ.
1758 2265 1775 2296 ι

207 2333 396 2397 οὕτως
417 2332 570 2402 ἔλεγε
590 2332 670 2404 τῷ
705 2333 917 2404 Ἰσραὴλ
946 2337 974 2386 ὁ
996 2334 1126 2397 Θεός
1147 2349 1160 2364 ·
1191 2353 1210 2385 ι
1234 2333 1491 2387 Γινώσκω
1515 2337 1596 2388 ὅτι
1621 2336 1785 2405 σκλη-

209 2424 306 2496 ρὸς
321 2420 390 2492 εἶ,
409 2426 503 2480 καὶ
521 2424 715 2496 νεῦρον
732 2424 981 2496 σιδηροῦν
996 2428 1023 2478 ὁ
1039 2424 1306 2498 τράχηλός
1323 2443 1436 2492 σου,
1459 2429 1550 2480 καὶ
1571 2427 1630 2477 τὸ
1653 2427 1783 2496 μέτ-

207 2517 363 2570 ωπόν
417 2533 513 2570 σου
538 2515 794 2587 χαλκοῦν.
834 2535 853 2568 ι
889 2516 1146 2570 Βούλεται
1168 2516 1224 2570 δὲ
1249 2517 1342 2570 νῦν
1363 2519 1512 2588 ἡμᾶς
1538 2518 1785 2588 γλώττης

208 2610 309 2663 καί¹
339 2608 510 2680 θυμοῦ
564 2607 978 2678 περιγίνεσθαι·
1019 2627 1037 2659 ι
1077 2608 1225 2669 Εῖτις
1263 2609 1371 2678 γὰρ
1426 2611 1484 2661 ἐν
1527 2609 1682 2678 λόγῳ-
1722 2611 1784 2663 οὐ

211 2699 416 2759 πταίει,
445 2694 601 2762 οὗτος
627 2699 832 2762 τέλειος
863 2698 1022 2770 ἀνὴρ,
1065 2699 1291 2762 δυνατὸς
1337 2699 1786 2770 χαλιναγωγῆσαι

211 2791 312 2844 καὶ
335 2792 453 2844 ὅλον
483 2791 545 2842 τὸ
585 2789 767 2859 σῶμα.
816 2808 834 2841 ι
877 2791 986 2843 Kal
1033 2790 1212 2844 πάλιν·
1245 2806 1264 2838 ι
1329 2790 1493 2861 Ἀνὴρ
1534 2789 1788 2860 (θυμώδης

209 2883 314 2934 οὐκ
343 2882 654 2951 εὐσχήμων.
693 2899 712 2932 ι
740 2881 868 2943 Kal,
906 2898 924 2932 ι
974 2879 1140 2952 Ὀργὴ
1171 2883 1279 2949 γὰρ
1306 2881 1494 2950 ἀνδρὸς
1517 2880 1789 2934 δικαιοσύ-

213 2989 314 3039 νην
335 2971 467 3024 Θεοῦ
494 2971 594 3024 οὐκ
621 2969 936 3040 ἐργάζεται.
974 2989 994 3022 ›
1022 2971 1307 3035 Τοιούτους
1335 2969 1473 3026 εἶναι
1497 2974 1620 3034 τοὺς
1647 2975 1790 3026 σασ-

211 3063 553 3128 σατίζοντας
585 3061 856 3133 βούλεται,
885 3062 980 3116 καὶ
1007 3064 1134 3128 τοὺς
1159 3065 1452 3132 νηστείαν
1490 3064 1787 3127 καλοῦντας

1896 3074 2088 3134 potens
2128 3067 2283 3120 freno
2319 3071 2490 3118 totum
2537 3079 2738 3135 corpus
2767 3065 3180 3122 circumducere
3207 3065 3295 3121 δι’.
3345 3086 3364 3118 ι
3402 3064 3467 3121 Et
3557 3049 3566 3058 ”

1887 1881 1989 1934 bus
2022 1885 2328 1951 prophetia.
2377 1883 2514 1936 Dicit
2559 1901 2687 1940 vero
2734 1888 2898 1940 etiam
2941 1887 3086 1942 hunc
3138 1888 3192 1942 in
3235 1887 3457 1941 modum

1885 1973 2181 2040 Apostolus
2218 1991 2231 2025 :
2269 1991 2287 2022 ι
2330 1972 2502 2029 Video
2542 1984 2722 2028 autem
2753 1977 2915 2030 aliam
2960 1978 3132 2047 legem
3159 1993 3464 2047 repugnan-

1887 2073 1992 2117 tem
2038 2064 2136 2132 legi
2190 2067 2384 2117 tuentis
2425 2081 2559 2120 rnem
2597 2066 2662 2118 "'.
2695 2086 2713 2116 ι
2752 2064 2893 2122 Sunt
2942 2067 3122 2137 itaque
3179 2085 3244 2124 ex
3295 2069 3460 2137 hujus

1888 2154 2181 2212 sententia,
2215 2151 2535 2217 voluntates,
2570 2168 2708 2222 quas
2735 2153 3134 2209 circumcidere
3173 2167 3228 2210 et
3267 2170 3460 2225 ampu-

1887 2249 2026 2302 tare,
2069 2257 2190 2294 cum
2228 2243 2293 2295 ad
2325 2258 2418 2297 eas
2449 2245 2804 2312 procliviores
2829 2260 3041 2310 sumus,
3079 2247 3359 2302 debemus.
3385 2246 3463 2302 Ita

1887 2333 2032 2387 enim
2067 2332 2302 2388 Sabbata
2327 2334 2585 2398 delicata,
2621 2351 2740 2404 quae
2776 2337 3013 2400 molesti,
3057 2336 3276 2408 Deoque
3311 2339 3462 2394 relu-

1889 2425 2089 2476 ﬂantis
2145 2426 2313 2477 animi
2355 2425 2491 2476 nihil
2545 2425 2797 2491 habeant,
2855 2433 2912 2479 ut
2964 2427 3094 2480 olim
3141 2426 3463 2483 induratum

1887 2528 2009 2568 esse
2045 2530 2138 2567 cur
2183 2513 2484 2569 Pharaonis
2535 2517 2766 2584 legimus
2809 2515 2878 2581 ⁸⁸,
2924 2520 3196 2587 peracturi
3248 2534 3462 2575 sumus.

1892 2604 1983 2659 Sic
2015 2616 2067 2660 et
2105 2605 2360 2661 lsraelem
2396 2607 2540 2662 Deus
2568 2609 2869 2677 alloquitur
2910 2623 2923 2659 :
2955 2627 2974 2659 ε
3007 2607 3299 2678 Cognosco
3325 2624 3465 2679 quo-

1891 2698 2038 2750 niam
2086 2699 2256 2751 durus
2303 2712 2398 2760 es,
2432 2707 2483 2752 et
2531 2713 2734 2753 nervus
2773 2697 2987 2771 ferreus
3035 2701 3234 2754 collum
3283 2709 3463 2766 tuum,

1890 2788 2073 2841 cervix
2104 2797 2193 2839 tua
2227 2801 2366 2841 aerea
2399 2787 2466 2841 ιι.
2511 2807 2529 2840 i
2560 2785 2688 2841 Vult
2720 2798 2901 2844 autem
2935 2790 3037 2843 hoc
3068 2789 3187 2845 loco
3221 2791 3462 2861 linguam
3569 2813 3572 2816 λ

1891 2895 1992 2934 ιιοε
2036 2886 2090 2932 et
2144 2879 2482 2933 iracundiam
2527 2879 2802 2934 cohibere.
2840 2896 2859 2929 ι
2902 2879 2960 2934 Si
3018 2883 3143 2951 quis
3199 2883 3342 2938 enim
3406 2883 3463 2937 in

1891 2988 2144 3028 sermone
2185 2987 2291 3026 non
2322 2971 2523 3025 labitur
2549 3015 2563 3034 ,
2597 2972 2685 3025 hic
2721 2972 2996 3041 perfectus
3031 2974 3194 3046 663
3233 2982 3321 3030 est
3359 2975 3462 3039 vir,

211 3154 454 3221 δεκτήν.
492 3131 648 3209 Οὕτω
682 3155 792 3225 γὰρ
818 3156 959 3224 ἔσῃ,
991 3156 1144 3227 φησὶ,
1195 3131 1515 3222 πεποιθὼς,
1551 3157 1650 3209 οὐκ
1694 3157 1786 3208 ἐπὶ

1892 3170 2109 3209 rursum
2141 3175 2153 3210 :
2184 3175 2200 3205 ι
2232 3153 2325 3208 Vir
2356 3155 2675 3222 iracundus,
2709 3156 2933 3211 minime
2959 3157 3186 3225 pulcher
3214 3155 3282 3209 δ’.
3315 3155 3421 3210 »Ει
3449 3173 3464 3211 :
3560 3190 3574 3201 -

214 3241 406 3313 σαθρῷ
437 3261 542 3295 τινι
571 3244 665 3297 καὶ
691 3245 1011 3314 προσκαίρῳ
1058 3245 1365 3315 πράγματι,
1399 3245 1513 3298 ἀλλ’
1560 3246 1658 3299 ἐπὶ
1710 3247 1790 3310 τῷ

211 3335 436 3388 πάντων
487 3335 608 3399 Θεῷ
640 3335 868 3407 παῤῥῶν
899 3349 925 3376 ιι
958 3339 1038 3400 εἰς
1083 3339 1174 3390 τὸν
1219 3337 1498 3390 ἐπίλοιπον
1546 3337 1677 3407 βίον,
1715 3337 1790 3401 ὼς

1896 3264 1914 3296 ι
1951 3246 2032 3298 Ira
2074 3245 2218 3298 enim
2270 3245 2372 3298 viri
2419 3243 2690 3314 justitiam
2737 3245 2827 3300 Dei
2879 3262 2986 3301 non
3033 3255 3291 3316 operatur
3331 3247 3400 3300 ".
3442 3265 3461 3300 ι

1893 3335 2054 3391 Tales
2099 3351 2193 3391 cos
2233 3352 2377 3398 esse,
2430 3337 2522 3406 qui
2577 3334 2871 3391 Sabbatum
2916 3338 3214 3404 observant,
3259 3339 3466 3408 quique

211 3425 357 3493 ἔχων
377 3425 629 3494 ἀψευδεῖς
657 3425 822 3478 αὐτοῦ
853 3426 951 3489 τὰς
974 3425 1328 3494 ἐπαγγελίας,
1363 3429 1419 3478 ἐν
1442 3421 1530 3488 αἷς
1555 3426 1670 3479 ἐστι
1697 3428 1788 3480 καὶ

1891 3427 2148 3497 jejunium
2177 3438 2450 3497 acceptum
2478 3437 2693 3492 vocant,
2745 3431 2863 3499 ipse
2903 3437 3143 3499 exoptat.
3189 3430 3260 3484 Ita
3296 3432 3464 3494 enim,

211 3520 276 3572 τδ
304 3519 404 3573 ἐπί
431 3537 564 3574 τινα
598 3519 715 3590 γῆν
741 3521 849 3574 ἀπὸ
877 3522 976 3590 τῆς
1003 3520 1248 3576 ἐνταῦθα
1275 3521 1556 3592 διατριϐῆς
1585 3521 1790 3576 ἀναϐι.

213 3611 514 3681 σεισθῆναι
565 3614 888 3685 τευξόμενον
938 3617 1181 3670 ἐκείνων·
1221 3639 1238 3670 ι
1282 3619 1348 3671 ’Δ
1373 3619 1648 3689 ὀφθαλμὸς
1694 3621 1793 3674 οὐκ

213 3700 347 3769 εἶδε,
372 3705 465 3757 καὶ
493 3700 586 3768 οῦς
602 3705 702 3757 οὐκ
724 3706 976 3774 ἠκουσεν,
1000 3708 1095 3761 καὶ
1125 3710 1215 3761 ἐπὶ
1242 3709 1466 3779 καρδίαν
1501 3709 1790 3780 ἀνθρώπου

213 3793 320 3845 οὐκ
367 3792 554 3862 ἀνέϐη,
601 3813 620 3845 ιι
666 3795 760 3846 καὶ
810 3795 1184 3850 ἀπολαύσοντα
1216 3798 1313 3866 τῆς
1354 3798 1791 3870 ἐπηγγελμένης,

215 3883 334 3945 τοῖς
360 3883 600 3955 πατράσι
616 3886 822 3953 τροφῆς
847 3888 1222 3957 πνευματικῆς
1243 3891 1298 3940 ἐν
1322 3890 1386 3959 τῇ
1404 3889 1516 3942 ἄνω
1538 3889 1795 3960 κειμένης

216 3973 570 4045 πόλει,·περ“ι
611 3970 679 4046 ἦς
707 3975 735 4026 ὁ
766 3973 976 4039 Παῦλός
1025 3994 1190 4047 φησιν
1212 3993 1226 4006 ·
1264 3997 1282 4030 ι
1317 3981 1380 4032 Ol
1429 3981 1538 4051 γὰρ
1571 3980 1796 4033 τοιαῦτα

215 4068 489 4134 λέγοντες,
523 4069 918 4138 ἐμφανίζουσιν
942 4073 1023 4126 ὅτι
1059 4073 1293 4144 πατρίδα
1323 4075 1595 4145 ζητοῦσιν.
1639 4096 1658 4128 ›
1687 4076 1796 4130 Kal

216 4157 272 4209 ei
307 4157 402 4225 μὲν
427 4157 644 4229 ἐκείνην
673 4155 898 4230 ἐζήτουν
926 4161 1018 4229 ἀφ’
1041 4158 1108 4234 ἧς
1136 4162 1379 4232 ἐξῆλθον,
1408 4159 1554 4234 εἶχον
1580 4165 1647 4220 ἂν
1676 4185 1799 4220 και-

220 4249 319 4321 ρδν
353 4249 695 4320 ἀνακάμψαι.
726 4250 840 4303 Νῦν
879 4251 936 4304 δὲ
970 4253 1278 4324 κρείττονος
1317 4257 1622 4326 ὀρέγονται,
1654 4258 1798 4312 τοῦτ’

218 4342 371 4392 ἐστιν
390 4342 733 4412 ἐπουρανίου.
769 4344 891 4396 Ὀτι
920 4343 978 4397 δὲ
1004 4345 1219 4407 πάντως
1247 4344 1395 4399 ἔσται
1417 4347 1609 4411 ταῦτα,
1642 4347 1794 4414 Θεὸς,

1895 3520 2092 3588 inquit,
2125 3520 2229 3572 eris
2255 3520 2546 3588 conﬁdens,
2577 3535 2684 3574 non
2715 3521 2768 3574 in
2804 3536 2914 3575 rem
2943 3522 3182 3590 aliquam
3219 3521 3470 3576 imbecil-
3502 3514 3504 3516 ’

1894 3611 1998 3665 lem
2021 3617 2075 3664 et
2107 3618 2578 3676 momentaneam;
2611 3611 2705 3665 sed
2741 3613 2796 3664 in
2826 3613 3070 3666 omnium
3099 3613 3380 3668 Dominum
3415 3627 3472 3668 et

1897 3700 2087 3756 Deum.
2119 3698 2220 3764 Ita,
2257 3701 2504 3769 inquam,
2541 3702 2651 3755 eris
2689 3701 2758 3756 de
2803 3702 3016 3772 reliqua
3063 3703 3323 3774 deinceps
3358 3707 3469 3759 vita

1895 3805 2159 3855 securus;
2220 3798 2479 3859 tanquam
2534 3791 2626 3859 qui
2676 3799 2856 3846 certas
2901 3793 3021 3860 ejus
3072 3795 3471 3863 promissioncs

1896 3883 2144 3938 habeas:
2197 3881 2251 3936 in
2307 3883 2509 3951 quibus
2555 3891 2609 3936 et
2641 3882 2742 3937 ista
2798 3892 2922 3949 est;
2974 3885 3118 3955 quod
3171 3886 3239 3940 ab
3294 3888 3473 3944 isthac

1895 3975 2317 4030 conversatione
2345 3975 2395 4028 in
2437 3983 2632 4027 terram
2665 3974 2896 4045 aliquam
2936 3977 3220 4032 elevanda:
3251 3995 3327 4044 es,
3376 3981 3469 4036 ubi

1896 4069 2056 4124 bonis
2085 4067 2194 4122 illis
2229 4066 2459 4136 potiaris
2493 4083 2506 4119 :
2547 4083 2567 4116 ι
2601 4064 2734 4131 Quae
2785 4081 2884 4120 nec
2932 4067 3126 4123 oculus
3170 4071 3324 4136 vidit,
3371 4088 3473 4127 nec

1898 4160 2048 4214 auris
2083 4157 2312 4220 audivit,
2347 4171 2447 4210 nec
2476 4157 2528 4210 in
2559 4171 2655 4210 cor
2687 4157 2926 4212 hominis
2949 4159 3320 4214 ascenderunt
3351 4161 3416 4228 M;
3448 4183 3467 4214 ι

1899 4251 2032 4315 imo,
2057 4249 2146 4302 ubi
2185 4256 2240 4302 et
2283 4248 2375 4301 illo
2407 4247 2596 4311 etiam,
2634 4247 2778 4316 quod
2828 4245 3081 4303 Patribus
3136 4251 3470 4320 promissum

1897 4350 2004 4408 est,
2042 4339 2275 4409 spiritali
2324 4339 2584 4391 alimento
2634 4338 2901 4394 fruiturus
2949 4339 3062 4407 sis;
3107 4342 3252 4411 quod
3297 4343 3350 4397 in
3382 4345 3474 4399 illa

218 4433 410 4501 φησὶν,
455 4435 602 4487 ἐστὶν
632 4437 664 4488 ό
704 4435 1130 4505 φθεγξάμενος.
1179 4437 1339 4490 Ἀλλὰ
1369 4438 1484 4502 πῶς
1515 4440 1590 4503 ὡς
1627 4441 1788 4511 μήπω

1900 4434 2182 4503 superiore
2215 4431 2438 4484 Civitate
2468 4429 2806 4494 reconditur,
2851 4429 3021 4486 Paulo
3067 4442 3206 4489 teste.
3235 4435 3319 4490 his
3353 4451 3476 4492 ver-

217 4523 342 4588 τὴν
368 4524 483 4594 γῆν
517 4527 616 4595 τῆς
663 4528 998 4595 ἐπαγγελίας
1048 4529 1342 4598 λαχόντων,
1375 4533 1454 4595 είς
1493 4532 1559 4604 ἢν
1604 4534 1800 4600 αὐτοὺς

219 4616 516 4687 εἰσήγαγεν
559 4617 766 4688 Ἰησοῦς
817 4620 845 4671 ὁ
877 4619 970 4672 τοῦ
1009 4621 1188 4691 Ναυῆ,
1221 4622 1316 4676 νῦν
1363 4623 1579 4678 δίδωσιν
1625 4627 1802 4695 ἐπαγ-

218 4710 410 4779 γελίαν
440 4711 679 4778 εἰσάξειν
707 4713 930 4780 αὑτούςςΙ
960 4717 1132 4785 Δῆλον
1160 4712 1254 4770 οὖν
1283 4717 1357 4780 ὡς
1403 4720 1528 4790 περὶ
1569 4721 1667 4789 τῆς
1695 4721 1805 4774 τῶν

217 4804 446 4873 πραέων
492 4806 678 4875 φησίν.
711 4806 870 4870 Τινὲς
901 4807 957 4861 δὲ
1000 4808 1094 4879 τὴν
1135 4809 1242 4861 ἀπὸ
1280 4808 1381 4878 τῆς
1425 4811 1804 4880 αἰχμαλωσίας

214 4892 407 4947 dston
444 4911 609 4962 φασιν
644 4895 828 4960 αὐτοῖς
849 4897 1302 4964 ἐπαγγέλλεσθαι.
1331 4897 1393 4952 Οἳ
1441 4901 1535 4952 καὶ
1571 4903 1637 4954 τὰ
1667 4904 1807 4955 ἀνω-

216 4983 370 5051 τέρω
397 4985 727 5054 σωματικῶς
750 4986 1091 5058 ἐξηγήσαντο
1121 4991 1247 5060 περὶ
1271 4989 1362 5042 τοῦ
1387 4991 1709 5058 πιανθῆναι
1734 4993 1806 5046 τὰ

218 5075 400 5138 ὀστᾶ,
447 5077 543 5130 καὶ
597 5076 1040 5150 παραϐάλλεσθαι
1090 5081 1263 5147 κήπῳ
1312 5082 1658 5151 πολυύὸρφ,
1705 5086 1804 5138 καὶ

213 5165 389 5235 πηγῇ
409 5168 494 5236 μὴ
521 5169 932 5244 ὑστερουμένῃ
970 5171 1208 5238 ὕδατος.
1257 5173 1365 5224 Kal
1395 5175 1475 5226 ὃτι
1502 5173 1573 5227 τὰ
1615 5158 1806 5241 ἐρῆμα

213 5257 336 5325 τῆς
357 5262 586 5326 πόλεως
606 5261 1239 5331 ἀνοικοδομηθήσεται,
1262 5265 1352 5318 καὶ⁸
1381 5266 1613 5320 ἐπιπολὺ
1634 5265 1804 5320 ταῦτα

297 5438 338 5469 ³⁷
372 5436 596 5498 Roman.
623 5438 713 5494 29.
790 5437 836 5470 ³⁸
863 5437 1028 5494 llebr.
1054 5455 1130 5502 tv,
1163 5439 1219 5496 9.
1296 5442 1339 5473 ”
1371 5440 1524 5494 Rom.
1555 5456 1655 5502 vn,
1694 5441 1786 5493 25.

1861 5438 1906 5471 “
1941 5437 2111 5491 Exod.
2155 5452 2229 5502 tv,
2259 5435 2350 5490 21.

1903 4525 1988 4580 bis
2017 4541 2031 4578 :
2057 4542 2075 4575 ι
2103 4524 2207 4589 Qui
2241 4523 2387 4577 enim
2418 4521 2532 4576 haec
2564 4521 2777 4586 dicunt,
2811 4524 3124 4594 signiﬁcant
3154 4542 3215 4582 se
3244 4531 3474 4598 patriam

1902 4614 2180 4684 inquirere
2225 4612 2292 4668 “.
2325 4631 2343 4664 ι
2381 4611 2446 4665 Ει
2493 4611 2762 4682 siquidem
2818 4614 2966 4668 illam
3025 4629 3354 4686 qiimrerent,
3411 4620 3479 4677 de

1901 4722 2010 4776 qua
2041 4706 2310 4771 exierunt,
2345 4705 2636 4777 .babcbant
2670 4714 2886 4774 tempus
2941 4713 3273 4768 revertendi.
3321 4713 3477 4770 Nunc

1904 4810 2087 4854 autem
2141 4799 2419 4852 meliorem
2450 4805 2734 4866 appetunt,
2806 4799 2858 4852 id
2915 4811 3020 4864 est,
3062 4805 3362 4860 cmlestcm.
3399 4808 3479 4862 Ne

1903 4892 2030 4963 quis
2054 4906 2184 4945 vero
2212 4889 2438 4943 omnino
2477 4891 2581 4942 ista
2615 4886 2798 4942 futura
2842 4906 2963 4946 esse
2995 4892 3298 4960 dubitaret;
3337 4897 3480 4953 Deus

1903 4991 2010 5047 est,
2043 4979 2364 5057 inquit,_qui
2396 4995 2458 5032 ea
2487 4978 2692 5033 locutus
2713 4989 2808 5034 est.
2840 4981 2941 5047 Qui
2976 4995 3178 5049 autem,
3216 4995 3476 5058 tanquam

1904 5073 2148 5129 nondum
2183 5087 2303 5127 eam
2351 5071 2736 5141 promissionis
2786 5082 2982 5128 terram
3029 5077 3206 5147 adepti
3249 5081 3378 5144 sint,
3424 5081 3478 5134 in

1903 5182 2065 5238 quam
2091 5175 2218 5220 sunt
2261 5179 2358 5234 per
2395 5162 2580 5217 Jesum
2627 5161 2775 5219 Nave
2815 5165 3136 5231 deducti,'in
3163 5185 3223 5224 ea
3251 5187 3309 5227 se
3337 5189 3482 5228 nunc

1905 5261 2028 5315 illos
2064 5258 2419 5312 inducturum
2453 5253 2787 5325 pollicetur?
2817 5257 2912 5311 Est
2943 5260 3107 5330 igitur
3129 5277 3251 5315 eum
3283 5263 3350 5319 de
3376 5266 3482 5319 mi-

2459 5433 2500 5464 “
2531 5433 2634 5490 lsa.
2677 5451 2861 5502 xtvm,
2890 5435 2942 5490 4.
3045 5440 3123 5475 ⁸⁵*
3141 5439 3256 5500 Jac.
3315 5458 3398 5508 in,
3425 5443 3480 5501 9..

215 5508 271 5540 ι’
302 5508 434 5562 ibid.
510 5509 556 5540 “
578 5507 697 5563 Jac.
727 5525 765 5571 l,
795 5509 886 5564 90.
965 5510 1008 5542 ³³
1039 5510 1141 5565 lsa.
1178 5528 1324 5581 utv,
1352 5517 1426 5575 4;
1462 5511 1630 5566 lCor.
1667 5527 1734 5572 ιι,
1760 5511 1814 5566 9.
1840 5509 1885 5542 ⁸⁸
1930 5509 2092 5562 Hebr.
2141 5523 2216 5572 XI,
2257 5506 2338 5562 l4.

1603 5625 1832 5681 VAlllA".
1867 5623 2277 5680 LEC'I'IONES.

337 5726 355 5745 '
385 5729 476 5782 rp.
509 5716 751 5789 θαρρῶν.
