3954 6308
155 283 304 349 2621

1322 285 1850 346 COMMENTARII
1897 286 1978 345 ΙΝ
2021 287 2304 351 ΙΞᾹΙᾹΜ.

3285 284 3424 350 2622

155 401 272 450 τῶν
319 396 547 465 arium,»
578 393 759 447 καὶτὰ
785 393 875 446 ἐπὶ
902 392 1129 456 τούτοις.
1157 391 1247 444 Ἐν
1282 388 1363 454 οἷς
1395 393 1539 446 ἔστιν
1579 393 1750 447 «εἶναι

1862 395 2246 463 exspectabas,
2300 394 2553 450 audiunt.
2601 395 2780 466 Atque
2829 398 2919 455 hic
2962 397 3180 469 quidem
3230 413 3418 454 eorum

154 491 224 542 τᾶι
281 489 418 556 ἔθνη
478 485 918 556 συγκληρονόμα,
954 484 1048 538 καὶ
1079 484 1366 554 σύσσωμα,
1396 487 1491 538 καὶ
1541 485 1750 555 συμμέ-

155 597 301 649 τοχα
332 583 433 651 τῆς
457 578 786 646 ἐπαγγελίας
816 580 874 630 ὲν
906 573 1146 646 Χριστῷ.
1185 593 1204 626 ι

1863 487 2076 554 primus
2105 488 2243 540 ordo
2277 487 2462 542 fuerit.
2499 487 2760 556 Sequitur
2794 506 2923 544 vero
2954 501 3007 545 et
3031 491 3166 544 alter
3205 506 3270 544 ea:
3297 508 3424 562 gen-

1860 581 1988 630 tium
2024 577 2290 634 Ecclesiis
2331 577 2625 643 conflatus,
2657 596 2817 647 quem
2848 583 3016 651 priori
3072 584 3235 636 etiam
3288 599 3423 637 cono

155 674 362 741 junxit
420 671 741 742 Apostolus,
798 669 890 722 ubi
930 669 1042 738 jam
1076 683 1183 721 non
1243 682 1366 722 esse
1411 667 1658 736 hospites
1709 675 1762 719 et
1800 667 2062 734 advenas,
2098 671 2190 723 sed
2226 670 2484 724 concives
2536 681 2854 724 sanctorum
2921 672 2984 734 ¹⁸,
3030 672 3228 741 illaque
3305 687 3426 740 quae

160 774 501 833 sequuntur,
538 764 745 830 colligit
791 779 804 815 :

159 870 262 924 pes
298 855 359 908 in
389 853 608 908 Christo
643 852 685 883 "
717 851 1075 921 signiﬁcatur.
1125 855 1130 860 ’

242 947 490 1006 Εἰκότως
545 940 638 997 οὗν
705 944 1200 1014 εὐαγγελισάμενος
1265 944 1360 996 νῦν
1417 945 1493 1013 τῷ
1551 942 1754 1012 πρώτῳ

161 1037 419 1102 τάγματι
495 1036 792 1104 ὲπήνεγκε’
863 1035 971 1087 Καὶ
1023 1036 1422 1101 πιῖρεύσονται
1478 1035 1620 1101 ἔθνη
1675 1034 1756 1097 τῷ

164 1129 330 1196 φωτί
381 1143 518 1188 σου,
549 1127 763 1188 δεικνὺς
790 1127 970 1179 κοινὸν
1028 1127 1357 1196 ἀμφοτέροις
1386 1126 1450 1179 τὸ
1486 1126 1610 1194 ίέὧς
1640 1129 1755 1188 τοῖς

173 1218 285 1288 τρὸ
310 1219 411 1285 τῆς
443 1219 767 1288 παρουσίας,
805 1218 900 1270 καὶ
931 1217 1179 1288 ὕστερον,
1213 1220 1307 1270 καὶ
1341 1218 1457 1284 τὴν
1486 1220 1754 1286 λαμπρό-

168 1323 347 1370 τητα,
376 1305 503 1375 ἧνή
537 1299 709 1374 ῥύπου
755 1306 956 1368 παντὸς
1004 1304 1314 1376 άπόσμηξις
1360 1307 1752 1375 ἀπεργάζεται.

167 1396 368 1466 Ταύτῃ
397 1397 501 1465 γὰρ
539 1396 633 1448 καὶ
664 1398 718 1449 oi
752 1393 869 1449 τῶν
906 1396 1095 1450 ἐθνῶν
1126 1399 1418 1467 χρήσονται
1446 1397 1753 1463 βασιλεῖς,

169 1485 572 1556 καθαιρόμενοι
612 1487 678 1555 τῇ
722 1486 830 1538 τῶν
876 1485 1033 1538 θείων
1076 1486 1390 1557 μυστηρίων
1446 1487 1694 1557 δυνάμει,
1728 1487 1756 1540 δ

168 1579 238 1648 δὴ
281 1577 407 1631 καθ’
437 1579 584 1648 ἡμᾶς
639 1577 726 1630 διὰ
774 1578 882 1630 τῶν
913 1578 1090 1648 ἔργων
1121 1581 1332 1649 ὁρᾶται.
1384 1575 1516 1632 Εἶτα
1568 1579 1756 1650 ἐπειδὴ

169 1666 377 1720 ἐθνῶν
407 1669 800 1737 ἐμνημόνευσε,
831 1669 930 1721 καὶ
962 1669 1272 1734 ,Βασιλέων
1302 1669 1494 1730 ὲθνῶν,
1536 1670 1759 1723 ἀκολού-

173 1757 288 1818 θως
322 1757 422 1823 τὴν
452 1757 723 1825 προτέραν
756 1757 852 1808 τοῦ
904 1756 1039 1809 Θεοῦ
1091 1757 1244 1812 πόλιν
1278 1757 1517 1810 διδάσκει
1552 1759 1758 1821 πάντας

168 1847 306 1908 τοὺς
339 1819 407 1911 ἐξ
435 1819 638 1900 ἐθνῶν⁷
667 1848 990 1916 προσιόντας
1021 1847 1098 1916 τῷ
1128 1847 1373 1901 θεοσεδεί
1399 1819 1752 1920 πολιτεύματι
1785 1819 1830 1878 Β

173 1939 362 1990 οἰκεῖα
388 1937 568 1991 τέκνα
614 1938 868 2006 ἡγεῖσθαι
898 1938 1070 2005 λέγων
1092 1954 1107 1969 ’
1147 1938 1258 1992 Ἴδε
1301 1940 1652 2008 συνηγμένα
1681 1941 1754 1993 τὰ

173 2026 367 2079 τέκνα
398 2044 537 2090 σου,
569 2026 662 2089 οὓς
693 2027 782 2079 καί
831 2044 994 2097 φησιν
1021 2028 1113 2080 ἐπ’
1147 2026 1320 2096 ὤμων
1363 2029 1750 2097 ἀρθήσεσθαι.

175 2117 272 2168 Διὸ
309 2117 511 2180 πάντες
537 2109 584 2170 oi
629 2117 699 2182 ἐξ
749 2118 939 2171 ἐθνῶν
965 2121 1388 2182 πεπιστευκότες
1424 2122 1754 2189 ἐπαγγελίαν

176 2209 476 2277 εἰλήφασιν
503 2212 583 2271 είς
641 2210 875 2274 κόλπους
901 2211 1154 2282 Ἀϐραὰμ
1183 2211 1620 2267 ἀναπαύσασθαι.
1647 2215 1757 2268 Καὶ

175 2300 453 2369 πολλαχοῦ
493 2301 549 2352 δὲ
601 2302 862 2371 θυγάτηρ
900 2301 1282 2372 Ἰερουσαλὴμ,
1311 2305 1404 2356 καὶ
1437 2303 1595 2368 Σιὼν,
1631 2307 1664 2376 ἡ
1698 2306 1757 2371 ἐξ

175 2389 380 2443 ἐθνῶν
423 2390 722 2461 Ἐκκλησία
780 2392 1134 2462 χρηματίζει,
1172 2392 1246 2456 ῶς
1287 2394 1344 2444 ἐν
1393 2392 1491 2462 τῷ,
1541 2396 1756 2465 «Χαῖρε

177 2479 414 2548 σφόδρα,
441 2473 686 2549 θυγάτηρ
715 2478 872 2533 Σιών.
919 2481 1203 2550 Κήρυσσε,
1251 2482 1496 2552 Θυγάτηρ
1559 2481 1756 2554 Ἰερουο

178 2571 395 2640 σαλήμ.
445 2571 570 2624 Ἰδοὺ
623 2571 878 2642 ἔρχομαι,
908 2573 1002 2626 καὶ
1040 2573 1446 2645 κατασκηνώσω
1497 2576 1555 2627 ἐν
1606 2574 1758 2645 μέσῳ

180 2679 306 2727 σου,
331 2662 477 2730 λέγει
511 2663 736 2734 Κύριος,
785 2665 878 2717 καὶ
917 2665 1272 2734 πορεύσονται
1295 2665 1420 2735 ἔθνη
1468 2665 1637 2719 πολλὰ
1665 2667 1758 2719 ἐπὶ

177 2754 275 2805 τὸν
315 2753 538 2821 Κύριον.
572 2773 590 2806 ι
633 2755 717 2806 Τὸ
761 2755 817 2807 δὲ
851 2757 1155 2823 πόρῤωθεν
1188 2756 1378 2824 ἥκειν,
1428 2758 1757 2829 παρίστησιν

179 2841 259 2905 ὡς
297 2838 330 2917 ᾖ
368 2844 466 2912 μὲν
498 2843 689 2915 πόρρω
717 2862 818 2898 που
845 2846 943 2915 τῆς
972 2847 1248 2916 βασιλείας
1272 2847 1366 2900 τοῦ
1395 2849 1631 2920 Ἰσραὴλ,
1666 2851 1759 2904 καὶ

180 2933 331 2998 ξένοι
367 2934 473 2986 τῶν
505 2935 779 3004 διαθηκῶν
807 2938 905 3004 τῆς
953 2939 1308 3007 ἐπαγγελίας.
1343 2958 1360 2991 ι
1394 2940 1536 2994 Ἀλλ’
1576 2943 1754 3011 ὑμεῖς,

175 3024 375 3093 φησιν,
402 3025 455 3077 οἵ
480 3043 610 3078 ποτε
643 3027 859 3098 μακρὰν
875 3029 1046 3093 ὀντες,
1084 3031 1250 3098 ἐγγὺς
1277 3032 1592 3103 ἐγενήθητε.
1631 3052 1651 3085 ι
1671 3033 1759 3098 Ὠς

874 761 926 814 in
980 761 1178 829 quibus
1247 761 1412 813 etiam
1474 769 1663 829 gentes
1711 772 1833 812 esse
1871 761 2205 826 cohaeredes,
2242 770 2296 816 et
2320 762 2766 830 concorporales,
2799 757 2967 832 684
3004 770 3060 816 et
3081 763 3428 832 compartici-

1936 936 2053 990 Non
2087 937 2363 991 immerito
2388 937 2578 1008 igitur,
2603 948 2954 1008 posteaquam
2983 937 3196 1004 priores
3219 938 3429 992 altocu-

1855 1037 1945 1083 tus
1981 1039 2084 1090 est.
2114 1030 2482 1083 ambulatur-as
2511 1041 2562 1084 et
2605 1042 2781 1100 gentes
2809 1032 2862 1082 in
2891 1028 3099 1082 {nmine
3137 1045 3232 1082 suo
3278 1045 3426 1083 nunc

1853 1121 2124 1189 adiungit,
2158 1128 2214 1173 ut
2245 1137 2534 1175 commune
2561 1126 2739 1174 lumen
2780 1121 3030 1189 utrisque
3053 1131 3178 1173 ante
3225 1120 3427 1174 adven-

1854 1224 1990 1274 tum,
2025 1222 2078 1266 et
2109 1215 2389 1282 deinceps,
2418 1226 2876 1282 communemque
2904 1211 3232 1279 splendorem
3264 1226 3424 1280 quem

1852 1304 2097 1358 sordium
2169 1305 2413 1357 omnium
2497 1303 2691 1356 eﬂiciat
2763 1303 3058 1365 abstersio,
3145 1316 3270 1356 esse
3333 1302 3428 1356 de-

1861 1403 2153 1449 monstret.
2185 1395 2266 1448 Ea
2297 1394 2442 1449 enim
2470 1393 2572 1465 ipsi
2598 1394 2762 1447 etiam
2795 1393 3030 1462 gentium
3071 1409 3214 1460 reges
3264 1401 3427 1446 tuten-

1854 1494 1965 1549 tur,
2014 1501 2136 1538 cum
2197 1485 2350 1556 ipsos
2403 1485 2718 1540 divinorum
2779 1485 3166 1554 mysteriorum
3221 1484 3428 1537 virtute

1855 1576 2107 1641 lustrari,
2135 1577 2284 1646 quod
2334 1577 2540 1631 sa‘culo
2594 1585 2784 1630 nostro
2834 1575 3014 1644 reipsa
3063 1575 3264 1629 factum
3319 1581 3424 1630 est.

1855 1667 2169 1735 contigerit.
2205 1665 2479 1732 Quoniam
2513 1666 2709 1720 deinde
2746 1666 2982 1734 gentium
3024 1665 3296 1724 meminit,
3344 1680 3426 1716 re-

1857 1772 2084 1826 gumque
2133 1771 2361 1823 earum;
2397 1756 2632 1825 priorem
2685 1756 2944 1824 deinceps
3003 1754 3096 1808 Dei
3151 1755 3427 1807 civitatem

1857 1861 2044 1900 omnes
2075 1861 2170 1901 eos
2194 1845 2262 1900 de
2301 1846 2558 1916 gentibus,
2587 1846 2682 1916 qui
2712 1856 2965 1900 sanctum
3017 1855 3069 1899 et
3120 1847 3268 1913 pium
3304 1848 3432 1898 vitae

1858 1935 2169 1990 institutum
2210 1939 2640 2006 amplectentur,
2674 1938 2815 2006 ﬁlios
2845 1937 2964 2006 ejus
2993 1937 3188 1991 haberi
3226 1937 3428 2003 docet;

1857 2041 1979 2080 cum
2024 2038 2362 2098 congregatos
2397 2028 2538 2096 ﬁlios
2583 2027 2695 2096 ejus
2731 2027 2904 2081 videre
2947 2029 3227 2097 praecipit;
3281 2027 3430 2097 quod

1856 2117 2022 2172 etiam
2051 2118 2283 2172 humeris
2308 2118 2580 2172 sublatum
2609 2119 2680 2171 iri
2703 2119 2954 2188 adiungit
2985 2135 2999 2172 :
3037 2119 3182 2172 unde
3207 2133 3429 2182 omnes,

1859 2209 1952 2276 qui
1984 2208 2053 2262 de
2102 2209 2336 2278 gentium
2392 2223 2624 2263 numero
2671 2209 3044 2274 crediderunt,
3091 2209 3145 2262 in
3200 2209 3434 2264 Abrahae

1859 2297 1984 2352 sinu
2027 2301 2264 2367 quietem
2300 2313 2358 2354 se
2391 2299 2700 2364 habituros,
2732 2299 3160 2368 promissionem
3189 2314 3420 2370 accepe-

1861 2397 2007 2443 runt.
2032 2390 2281 2459 Persaepe
2307 2405 2434 2445 vero
2460 2399 2514 2444 et
2541 2392 2708 2458 ﬁliam
2731 2389 3060 2455 Jerusalem,
3096 2401 3148 2445 et
3182 2387 3430 2453 Sionem,

1862 2481 2032 2551 ipsum
2077 2483 2309 2552 gentium
2347 2481 2649 2536 Ecclesium
2684 2484 2993 2551 nuncupari
3033 2467 3325 2551 reperias.“
3373 2491 3432 2536 ut

1860 2570 1962 2624 hoc
1992 2571 2108 2624 loco
2140 2589 2154 2624 :
2191 2589 2210 2622 ι
2237 2571 2424 2625 Gaude
2478 2571 2846 2638 vehementer,
2884 2573 2990 2626 illia
3021 2572 3150 2626 Sion
3180 2591 3194 2638 ;
3223 2573 3423 2641 jubila,

1862 2662 1972 2716 ﬁlia
2006 2661 2332 2718 Jerusalem.
2371 2665 2510 2720 Ecce
2547 2665 2728 2728 venio,
2763 2673 2817 2720 et
2851 2665 3111 2720 habitabo
3159 2665 3214 2719 in
3253 2667 3428 2719 medio

1862 2754 1960 2818 tui,
1995 2753 2128 2808 dicit
2165 2753 2475 2811 Dominus:
2524 2763 2578 2811 et
2632 2756 2854 2810 venient
2907 2765 3096 2825 gentes
3145 2755 3329 2808 multae
3361 2756 3428 2809 ad

1859 2844 2149 2900 Dominqu
2176 2845 2244 2898 ’°.
2295 2863 2314 2897 ι
2351 2846 2506 2912 Quod
2536 2856 2716 2901 autem
2749 2847 2814 2900 de
2849 2847 2999 2916 longe
3031 2847 3225 2908 venire,
3255 2846 3432 2914 dixit,

1863 2935 2022 3004 longe
2053 2946 2154 2991 nos
2185 2937 2483 3006 aliquando
2511 2938 2579 2992 ab
2608 2938 2827 2993 lsraelis
2860 2953 3030 3006 regno
3079 2936 3346 2999 abfuisse,
3375 2947 3432 2991 et

1863 3039 1894 3078 a
1945 3033 2400 3082 testamentorum
2460 3029 2825 3097 promissione
2880 3027 3197 3097 peregrinos
3259 3025 3434 3081 fuisse

179 3117 298 3201 γάρ
345 3118 372 3168 ὁ
423 3115 635 3179 Παῦλός
678 3121 863 3189 φησιν’
903 3119 1023 3173 «Οὐ
1072 3119 1272 3184 πάντες
1305 3124 1354 3175 oi
1405 3123 1464 3189 ἐξ
1513 3123 1750 3196 Ἰσραὴλ,

1863 3115 2153 3186 signiﬁcat.
2199 3137 2216 3168 ι
2261 3115 2366 3172 Sed
2395 3133 2513 3182 vos,
2549 3120 2750 3189 inquit,
2781 3119 2872 3188 qui
2926 3119 3221 3188 aliquando
3261 3120 3433 3174 eratis

180 3199 341 3258 οῦτοι
397 3206 651 3277 Ἰσραήλ·
687 3208 821 3266 ἀλλὰ
861 3210 927 3262 τὰ
956 3211 1120 3264 τέκνα
1158 3211 1258 3280 τῆς
1296 3213 1633 3282 ἐπαγγελίας
1667 3218 1756 3269 λο-

178 3296 397 3363 γίζεται
426 3299 506 3360 είς
534 3299 777 3369 σπέρμα.
802 3319 820 3350 ι
851 3301 962 3353 Καὶ
993 3302 1128 3371 πρὸς
1160 3301 1414 3374 Ἀϐραὰμ
1437 3304 1493 3357 δὲ
1514 3307 1715 3378 ὲρῤέθη
1738 3327 1755 3344 ο

180 3385 410 3455 Πατέρα
444 3387 654 3440 πολλῶν
687 3389 856 3444 ἐθνῶν
896 3389 1118 3444 τέθεικά
1144 3409 1224 3446 σε.
1267 3393 1408 3463 Πρὸς
1437 3395 1472 3448 ἃ
1499 3413 1583 3457 τις
1621 3415 1758 3469 προ-

183 3478 368 3545 φήτης
413 3478 584 3548 φησί⁶
627 3499 644 3531 ι
681 3479 998 3551 Μνήσθητε,
1047 3483 1096 3535 οἱ
1131 3484 1347 3553 μακράν
1396 3486 1490 3556 τοῦ
1526 3488 1754 3558 Κυρίου,

181 3565 285 3618 καὶ
327 3565 679 3638 Ἰερουσαλὴμ
726 3571 986 3641 ἁναόήτω
1026 3573 1118 3625 ἐπὶ
1156 3574 1254 3643 τὴν
1283 3576 1512 3645 καρδίαν
1542 3578 1748 3648 ὑμῶν.»

186 3657 259 3708 Ἀ
283 3655 343 3724 δὴ
368 3657 462 3710 καὶ
485 3658 797 3725 πεισθέντα,
825 3661 962 3714 κατὰ
983 3662 1073 3715 τὸν
1090 3663 1336 3730 Ἡσαΐαν,
1362 3667 1515 3735 φασί·
1541 3668 1754 3734 «Δεῦτε,

181 3744 481 3816 ἀναδῶμεν
507 3749 587 3811 είς
614 3749 676 3801 τὸ
706 3749 832 3820 δρος
864 3749 955 3803 τοῦ
990 3752 1218 3821 Κυρίου,
1257 3754 1352 3807 καὶ
1381 3757 1459 3818 εἰς
1491 3757 1581 3810 τὸν
1610 3755 1758 3812 οἷκον

179 3833 282 3887 τοῦ
309 3833 443 3888 Θεοῦ
476 3835 696 3902 Ἰακὼϐ,
728 3840 820 3890 καὶ
851 3839 1140 3906 ἀναγγελεῖ
1169 3839 1266 3910 τὴν
1291 3842 1409 3896 όδὸν
1450 3845 1638 3912 αὑτοῦ,
1663 3847 1758 3901 καὶ

181 3927 570 3995 πορευσόμεθα
599 3930 658 3980 ὲν
705 3929 863 4000 αὐτῇ.
895 3949 914 3981 ι
949 3931 1116 3995 Ἀλλ’,
1165 3931 1294 3986 ἰδοὺ
1344 3934 1548 4002 ﬁxam,
1600 3939 1756 4008 φησι,

181 4014 334 4068 τοῦτ’
365 4016 532 4082 ἔστιν,
559 4019 660 4073 οὐκ
685 4020 764 4083 είς
810 4021 1027 4092 μακρὰν
1055 4023 1087 4092 ἡ
1137 4023 1332 4094 κλῆσις
1381 4027 1580 4081 αὐτῶν.
1615 4031 1758 4099 Δρα-

185 4107 417 4178 μοῦνται
457 4111 566 4182 γὰρ
619 4111 808 4184 ὥσπερ
856 4115 997 4166 κατὰ
1045 4114 1182 4167 πόδα
1228 4115 1338 4168 τῶν
1387 4117 1760 4185 εὐαγγελικῶν

183 4200 578 4266 κηρυγμάτων,
623 4200 748 4270 δίχα
793 4202 954 4254 πόνου
1005 4203 1226 4267 παντός.
1261 4203 1389 4258 Ἐπ’
1433 4205 1607 4275 ὤμων
1649 4209 1758 4280 γὰρ

180 4289 576 4356 ἀρθήσονται,
611 4285 700 4343 οἷα
736 4291 801 4362 δὴ
857 4291 1031 4362 βρέφη
1076 4295 1198 4356 ταῖς
1239 4293 1350 4347 τῶν
1382 4298 1760 4365 μυσταγωγῶν

181 4379 586 4448 παιδαγωγίαις
631 4384 1150 4454 χειραγωγούμενοι.
1174 4385 1320 4438 Γάλα
1355 4386 1464 4456 γὰρ
1511 4387 1758 4454 ποτίξον-

1860 3203 2037 3272 longe,
2069 3218 2216 3260 nunc
2258 3204 2384 3261 iacti
2415 3207 2550 3263 estis
2591 3222 2761 3278 prepe
2785 3209 2853 3262 “.
2895 3226 2915 3260 ι
2950 3237 3020 3247 -
3053 3226 3072 3258 ι
3109 3207 3228 3261 Non
3261 3209 3430 3270 enim,

1859 3294 2040 3364 inquit
2095 3296 2427 3365 Apostolus,
2463 3312 2654 3354 omnes
2711 3299 2804 3368 qui
2863 3309 2991 3356 sunt
3037 3298 3103 3353 de
3149 3297 3360 3364 lsrael,
3395 3302 3429 3352 ii

1859 3396 1989 3446 sunt
2023 3389 2190 3446 Israel
2219 3408 2234 3445 :
2271 3393 2367 3448 sed
2399 3393 2491 3464 qui
2519 3401 2650 3448 sunt
2677 3394 2771 3448 [Ilii
2803 3393 3215 3464 promissionis,
3253 3393 3307 3447 in
3345 3409 3434 3448 se-

1859 3497 1980 3536 men
2013 3482 2115 3551 ipsi
2150 3492 2477 3553 reputantur
2505 3486 2571 3538 ²¹.
2611 3505 2630 3537 ι
2673 3485 2813 3540 Sunt
2848 3502 2979 3542 vero
3036 3496 3091 3542 et
3145 3485 3212 3540 ad
3263 3487 3436 3538 Abra—

1860 3573 2082 3626 hamum
2113 3575 2397 3639 nonnulla,
2427 3577 2630 3644 quibus
2654 3577 2905 3632 eumdem
2935 3579 3180 3645 gentium
3221 3585 3428 3644 patrem

1864 3664 1980 3718 ﬁeri
2009 3665 2178 3718 voluit
2210 3665 2473 3720 Dominus
2504 3681 2518 3720 :
2546 3667 2610 3721 ad
2651 3682 2773 3736 quae
2802 3682 2926 3721 cum
2958 3669 3260 3737 reSpiceret
3295 3682 3427 3736 pro-

1853 3755 2022 3823 pheta
2063 3756 2312 3824 quidam,
2342 3772 2461 3823 eos,
2525 3761 2618 3828 qui
2676 3760 2837 3830 longe
2887 3759 3166 3825 abessent,
3217 3757 3433 3813 Domini

1861 3845 2202 3908 meminisse,
2261 3855 2318 3900 et
2362 3846 2671 3903 Jerusalem
2729 3849 2785 3902 in
2833 3846 3001 3902 corda
3052 3861 3152 3902 sua
3217 3837 3435 3903 inferre

1859 3937 2120 4006 praecepit
2146 3938 2218 3990 ".
2262 3955 2281 3988 ι
2349 3936 2563 4002 Quibus
2628 3940 2760 4008 quia
2819 3947 3142 4008 paruerunt,
3195 3938 3288 3992 illa
3319 3938 3433 4007 jam

1862 4025 2017 4082 Isaiae
2055 4038 2322 4098 usurpant
2357 4048 2369 4084 :
2409 4049 2426 4082 ι
2459 4031 2671 4097 Venite,
2698 4032 3064 4087 ascendamus
3095 4031 3151 4085 in
3191 4040 3434 4086 montem

1859 4116 2096 4181 Domini,
2131 4121 2264 4174 etin
2293 4121 2517 4175 domum
2571 4121 2664 4178 Dei
2713 4122 2910 4178 Jacob.
2963 4121 3032 4176 Et
3085 4123 3436 4177 annuntiabit

1860 4207 2172 4279 viam—ejus,
2224 4212 2276 4264 in
2327 4227 2502 4282 eaque
2531 4213 2934 4269 ambulabimus
2967 4213 3034 4268 ".
3083 4231 3104 4264 ι
3150 4212 3264 4270 Ιιιιο
3300 4212 3436 4266 Ecc‘e

1860 4312 2152 4368 venerunt,
2215 4304 2435 4372 inquit;
2501 4311 2762 4374 tanquam
2820 4321 2930 4360 non
2987 4304 3180 4375 procul
3241 4305 3437 4360 abesse

1862 4408 2052 4447 eorum
2121 4396 2463 4450 vocationem
2525 4397 2829 4465 signiticet.
2893 4396 3214 4468 Sequentur-
3264 4396 3432 4457 enim.

179 4487 278 4522 ται
317 4472 434 4524 κατ’
480 4473 674 4556 ἀρχάς,
707 4473 850 4526 κατὰ
883 4475 1054 4545 βραχὺ
1106 4475 1242 4544 πρὸς
1294 4476 1492 4547 μέτρον
1541 4478 1756 4548 ἡλικίας

1863 4485 2118 4553 tanquam
2145 4500 2174 4539 e
2202 4486 2438 4556 vestigio
2463 4485 2628 4559 685
2660 4467 3434 4560 evangeliczepraedicationis,

182 4559 567 4624 ἀναϐαίνοντες
601 4550 806 4618 τέλειον
851 4563 967 4616 ὅσοι
1004 4565 1102 4633 τῆς
1147 4563 1236 4618 διὰ
1283 4566 1600 4636 Πνεύματος
1631 4569 1760 4622 ἀνα-

183 4654 493 4722 γεννήσεως
523 4654 736 4725 ἔτυχον.
768 4656 1069 4728 Τοιγαροῦν
1094 4660 1122 4710 ό
1151 4658 1361 4724 Παῦλος
1403 4678 1422 4711 ι
1448 4661 1537 4724 Ὠς
1577 4662 1644 4716 ἄν
1676 4680 1760 4728 τις

179 4745 381 4813 τροφὸς
409 4744 587 4818 θάλπῃ
619 4749 688 4801 τά
719 4748 917 4818 ἑαυτῆς
945 4747 1132 4812 τέκνα,
1163 4767 1182 4800 ι
1223 4750 1408 4819 φησίν.

1859 4575 2009 4630 ιιυΙΙο
2049 4576 2252 4642 labore,
2285 4579 2548 4650 nulloque
2581 4582 2841 4650 negatio:
2875 4583 3003 4651 quia
3043 4581 3275 4635 humeris
3299 4594 3438 4647 ’ρον-

1861 4667 2139 4744 labuntur,
2173 4679 2434 4740 tanquam
2471 4671 2710 4726 infantes
2743 4672 2916 4742 aliqui
2954 4673 3022 4727 ab
3053 4670 3436 4726 initiatoribus

1857 4758 1916 4812 in
1954 4773 2240 4814 sacrorum
2274 4761 2572 4829 penetralia
2617 4777 2782 4816 manu
2827 4763 3072 4817 deducti.
3119 4759 3230 4816 Lac
3279 4759 3426 4815 enim

181 4833 381 4888 bibunt
409 4837 667 4905 primum,
692 4839 839 4894 brevi
868 4841 1124 4911 deinceps
1157 4841 1224 4896 ad
1258 4859 1574 4901 mensuram
1619 4850 1797 4905 aetatis
1830 4853 2130 4920 perfectam
2201 4853 2562 4910 ascendentes
2628 4863 2899 4925 quotquot
2989 4855 3216 4924 spiritus
3282 4865 3439 4920 rege-

181 4929 527 5016 nerationem
565 4931 747 5000 adepti
774 4942 920 4989 sunt.
966 4933 1086 5000 Quo
1157 4935 1362 4991 factum
1409 4947 1515 5006 est,
1590 4949 1652 4996 ut
1717 4949 1978 5016 tanquam
2029 4949 2234 5010 nutrix,
2290 4961 2412 5016 quae
2478 4946 2619 5002 ﬁlios
2649 4961 2780 5002 suos
2837 4943 3072 5011 foveat,‘

181 5019 387 5076 dixerit
418 5015 484 5078 ’⁸.

270 5137 388 5206 Ἐφ’
409 5133 488 5202 οἷς
513 5138 659 5207 λέγει
678 5157 692 5171 ·
723 5140 866 5196 Τότε
896 5144 1056 5213 ὄψει,
1087 5147 1181 5201 καὶ
1210 5149 1474 5219 χαρήσῃ.
1502 5152 1612 5206 Καὶ
1639 5154 1758 5219 πῶς

183 5226 248 5280 ού
282 5228 464 5297 μέλλει
510 5231 692 5301 μήτηρ
739 5234 863 5304 περὶ
896 5235 1127 5304 τέκνοις
1157 5239 1482 5309 σωζομένοις
1512 5245 1757 5312 εὐφραί-

184 5324 426 5383 νεσθαι;
453 5321 525 5374 Τὸ
551 5322 607 5375 δὲ
632 5325 972 5396 φοϐηθήσῃ,
996 5329 1145 5399 παρὰ
1174 5331 1273 5399 μὲν
1297 5335 1410 5396 τοῖς
1432 5333 1635 5400 λοιποῖς
1657 5337 1756 5390 οὐκ

185 5412 510 5483 ἐμφέρεται.
545 5417 805 5488 Σημαίνει
832 5420 887 5473 δὲ
915 5421 976 5474 τὸ
993 5423 1284 5493 ἐκστήσῃ,
1316 5427 1408 5479 καὶ
1434 5426 1751 5498 θαυμάσεις.

264 5592 306 5671 '_‘
326 5592 524 5662 Ephcs.
561 5612 619 5651 ιι.
658 5597 774 5671 ω.-
820 5599 862 5630 ¹⁹
898 5597 1094 5671 Ephes.
1127 5600 1352 5671 tu._6_.’°
1384 5600 1553 5671 Soph.
1593 5617 1674 5668 ιιι,
1709 5605 1800 5671 ll;
1834 5604 2065 5661 Zachar.
2099 5621 2172 5670 tt,
2213 5604 2264 5660 ῦ.

191 5662 236 5694 ’³
269 5660 464 5718 iurem.
504 5667 724 5736 L550.“
759 5666 859 5722 lsa.
917 5660 1057 5730 1i,5.
1135 5671 1180 5702 ’⁸
1219 5660 1543 5736 ίτιιοεε.ἰι,
1589 5671 1638 5726 7.

3139 4941 3433 5014 Apostolus

1940 5155 2200 5223 Sequitur
2223 5154 2458 5210 deinde:
2495 5153 2639 5208 Tunc
2679 5154 2895 5222 videbis,
2928 5161 2980 5208 et
3015 5150 3290 5223 gaudebis.
3328 5151 3431 5218 Qui

1862 5247 2007 5304 enim
2054 5254 2282 5302 matrem
2347 5247 2580 5317 gaudere
2627 5263 2737 5301 non
2782 5247 3084 5316 contingat,
3135 5243 3178 5297 si
3235 5244 3431 5298 salvari

1862 5325 2166 5409 ﬁlios'suos
2215 5339 2442 5394 videat?
2487 5337 2593 5394 Sed
2625 5355 2734 5407 non
2760 5347 2842 5395 est
2887 5336 3252 5407 ignorandum
3288 5336 3432 5404 apud

1862 5430 2000 5486 alios
2035 5431 2236 5484 timebis
2271 5432 2492 5486 verbum
2543 5447 2650 5485 non
2684 5429 2912 5500 reperiri
2951 5445 2966 5484 :
3001 5429 3253 5497 idemque
3289 5427 3433 5502 quod

2344 5607 2385 5637 "
2428 5606 2623 5675 Ephes.
2666 5620 2724 5668 ιι,
2761 5605 2844 5660 15.
2921 5603 2965 5636 "
2998 5599 3151 5656 Rom.
3190 5599 3337 5668 tx,7,
3373 5598 3428 5654 8.
