4000 6314
226 313 377 379 2625

1401 317 1930 377 ΟΟΜῘιὶΕΝΤΑΙὶΙΙ
1976 318 2057 378 ΙΝ
2094 318 2377 378 ISAIAM.

3010 259 3127 293 ire"-

3357 320 3497 384 2626

229 431 414 499 σμός.
449 426 682 495 Λέγεται
707 427 761 480 δε
794 429 935 499 ἀμφὶ
967 428 1063 500 τὴν
1096 429 1298 499 ἔρημον
1324 426 1464 483 εἶναι
1495 432 1601 484 τῶν
1633 434 1813 503 Σαρα-

1937 433 2180 488 )ominus
2231 433 2373 487 Deus
2410 416 2581 487 vester
2630 410 2695 486 δ’.
2744 451 2763 477 ι
2810 431 2989 502 Atque
3026 433 3139 488 haec
3171 432 3393 504 quidem
3427 445 3496 493 uo

230 520 442 590 κηνῶν.
480 519 590 571 Καὶ
639 520 878 574 Ναϐεὼθ
926 522 1086 591 ἑτέρα
1119 512 1270 591 χώρα
1301 521 1391 575 τοῦ
1417 522 1633 593 Ἰσραὴλ
1662 525 1819 578 ἀλλο-

225 610 383 679 τρία.
428 607 723 677 Δηλοῦνται
765 608 820 661 δὲ
867 608 957 675 διὰ
993 609 1101 661 τῶν
1146 609 1329 676 κριῶν
1372 614 1420 663 οἱ
1458 613 1820 681 ἀρχικώτατοι

227 699 344 752 τῶν
367 698 425 763 ἐξ
451 697 621 751 ἐθνῶν
650 698 1115 769 ἐπιστρεφόντων,
1140 698 1189 750 οἳ
1220 699 1313 752 καὶ
1346 699 1437 753 νῦν
1463 701 1610 771 δῶρα
1640 715 1824 767 προσ-

229 786 550 858 φέρουσιν,
585 786 939 858 ἀφιεροῦντες
968 787 1197 850 ἑαυτοὺς
1222 770 1300 857 τῷ
1324 772 1441 857 Θεῷ
1460 829 1476 852 ,
1507 770 1601 842 καὶ
1630 793 1696 859 τῇ
1724 790 1819 843 τοῦ

231 879 638 949 θυσιαστηρίου
659 879 1115 950 προσεδρεύοντες
1141 878 1557 952 ).ειτουργίᾳ,δι⁹
1574 876 1647 934 ὧν
1668 884 1701 952 ἡ
1728 881 1820 935 τοῦ

231 971 375 1024 Θεοῦ
409 970 719 1034 ’δοξάζεται
758 970 1078 1040 Ἐκκλησία.

1924 523 2123 577 lsraele
2154 532 2279 577 sunt
2313 522 2686 593 intelligenda.
2713 522 2830 577 Jam
2864 538 2991 577 vero
3018 540 3132 577 oves
3161 523 3497 593 alienigenas

1923 614 2098 668 Cedar
2130 615 2409 678 nimirum,
2439 615 2698 682 ipsosque
2726 615 2916 667 arietes
2951 613 3189 667 Nabeotl.
3214 626 3499 684 congrega-

1924 718 2032 760 tum
2063 705 2131 761 iri
2156 706 2406 761 aﬂirmat.
2428 707 2716 781 Signiﬁcat
2743 714 2923 781 autem
2955 703 3130 760 Cedar
3159 708 3296 759 idem
3319 711 3497 779 plane.

1923 814 1987 853 ac
2008 800 2053 853 si
2081 800 2321 852 tenebras
2352 799 2504 852 dicas
2551 816 2565 851 :
2592 805 2788 866 estque
2811 794 2878 849 ad
2916 795 3237 850 solitudines
3268 794 3500 849 Sarace-

1924 905 2120 944 norum
2157 891 2421 945 collocata
2461 891 2631 959 regio.
2679 885 2775 943 Est
2805 900 2998 943 rursus
3036 897 3090 942 et
3122 886 3364 942 Nabeoth
3394 887 3503 942 alia

1928 980 2081 1049 regio
2118 979 2221 1049 sub
2260 978 2458 1034 lsraele
2487 979 2651 1051 687
2677 978 2877 1033 aliena.
2918 966 3307 1047 Signiﬁcantur
3338 990 3502 1045 porro

234 1067 466 1119 arietum
494 1065 737 1130 nomine,
775 1067 1017 1135 gentium
1052 1065 1415 1135 imperatores
1440 1065 1659 1120 maximi
1683 1083 1697 1131 ;
1725 1066 1818 1137 qui
1856 1073 2107 1127 conversi
2126 1073 2237 1141 jam
2263 1073 2407 1126 dona
2438 1074 2687 1145 o/ferunt,
2722 1072 2932 1139 seipsos
3001 1069 3109 1123 Deo
3170 1084 3501 1127 cansam-an.

237 1165 346 1219 tes,
398 1163 453 1208 et
502 1156 667 1209 altari
712 1155 764 1209 in
809 1157 929 1221 ejus
968 1156 1337 1213 ministerium
1388 1166 1666 1222 astantes;
1702 1160 1820 1227 'per
1858 1178 1998 1231 quos
2030 1164 2147 1233 ipsa
2178 1163 2401 1232 gloriam
2440 1163 2534 1218 Dei
2566 1164 2890 1231 adipiscitur
2918 1161 3181 1215 Ecclesia.

310 1246 472 1308 Τινὲς
501 1246 558 1298 δὲ
590 1246 669 1311 re,
688 1246 954 1314 Κάμηλοι
975 1247 1070 1300 ἐπὶ
1092 1247 1397 1316 καμήλων,
1429 1249 1611 1317 φασὶν,
1638 1248 1823 1316 ἥξου-

1992 1253 2110 1309 Νοη
2139 1257 2340 1310 desunt
2361 1272 2507 1323 vero,
2532 1257 2625 1325 qui
2651 1255 2838 1308 cameli
2861 1254 3254 1321 supercamelos
3272 1255 3495 1319 venient,

233 1355 367 1403 (nr,
399 1337 432 1408 ἢ
466 1336 609 1408 ἅπερ
639 1336 823 1407 ἔχουσι
850 1338 1330 1408 προσκομίζοντες,
1357 1339 1452 1414 καὶ
1486 1341 1661 1407 τοὺς-ι
1685 1342 1826 1393 κατὰ

1937 1347 2199 1414 dixerint;
2247 1348 2352 1408 vel,
2415 1354 2472 1399 ut
2533 1362 2653 1407 quae
2714 1346 2817 1414 ipsi
2882 1345 3167 1409 haberent,
3214 1344 3498 1409 allaturos.

234 1432 403 1500 χεῖρα
446 1427 715 1496 τιμῶντες
769 1427 941 1480 Θεόν·
987 1428 1020 1499 ἢ
1069 1429 1149 1481 ὅτι
1195 1431 1257 1481 οὐ
1310 1410 1553 1482 καθ’-ἕνα
1583 1428 1828 1498 ἥξουσιν,

1937 1410 2211 1508 Deumque
2265 1437 2523 1492 fat-ilibus
2583 1446 2636 1492 et
2676 1410 2942 1506 promptis
2976 1444 3330 1490 veneraturos
3378 1450 3503 1490 esse

235 1519 359 1573 ἀλλ’
381 1518 680 1589 ἀγεληδὸν
703 1520 1178 1593 καρποφοροῦντες
1200 1523 1279 1583 είς
1304 1520 1462 1586 δόξαν
1481 1520 1641 1585 Θεοῦ,
1661 1521 1829 1594 ἤγουν

1937 1530 2219 1589 docerent:
2250 1528 2357 1591 vel,
2412 1510 2470 1581 ut
2498 1542 2605 1581 non
2634 1528 2938 1597 sigillatim,
2983 1523 3076 1579 sed
3108 1526 3365 1594 gregatim
3406 1539 3501 1580 ac-

236 1611 342 1682 τὴν
371 1610 428 1677 ἐξ
454 1609 629 1679 ἔργων
662 1609 1195 1695 ἀγαθῶνεύοσμίαν,
1217 1613 1312 1664 καὶ
1342 1613 1613 1667 πλοῦτον
1640 1628 1826 1668 πνευ-

1937 1635 2209 1682 cessuros,
2235 1620 2366 1695 etin
2401 1618 2491 1674 Dei
2522 1619 2749 1688 gloriam
2776 1616 2985 1671 b-uetns
3023 1619 3308 1678 allaturos,
3342 1616 3392 1670 id
3417 1625 3503 1671 est

228 1705 511 1779 μᾳτικόν.
540 1701 633 1765 Ἐξ
658 1695 732 1753 ὧν
768 1694 912 1764 τινες
956 1700 1070 1765 ἕξιν
1119 1702 1481 1773 εὐαγγελικὴν
1529 1704 1825 1773 ἐσχηκότες

1937 1709 2194 1763 bonorum
2236 1694 2463 1777 operum
2490 1706 2842 1769 suavitatem,
2872 1715 2925 1760 et
2948 1705 3164 1758 divitias
3198 1703 3503 1774 spirituales

238 1795 590 1865 προέστησαν
639 1793 729 1845 καὶ
770 1792 936 1856 λαῶν,
967 1791 1477 1864 εὐαγγελιζόμενοι
1521 1797 1587 1847 τι)
1629 1795 1826 1862 σωτή-

1937 1799 2242 1869 iudicarent
2293 1799 2403 1853 :de
2437 1814 2671 1867 quomm
2702 1812 2932 1851 numero
2986 1795 3208 1871 fuerunt
3255 1795 3503 1848 nonnulli

228 1904 378 1957 ριον
399 1884 902 1953 ιιύρίου.”Ηξουσι
933 1884 1010 1946 δὲ,
1031 1885 1186 1954 φησι,
1207 1885 1303 1937 καὶ
1322 1886 1585 1954 πρόϐατα
1601 1886 1827 1954 Κῃδὰρ,

239 1978 343 2032 καὶ
387 1976 537 2046 κριοὶ
571 1976 828 2031 Ναϐεώθ.
859 1974 1017 2029 Τοῦτ’
1041 1975 1176 2042 ἔστι,
1205 1975 1392 2029 δεκταὶ
1422 1968 1515 2030 καὶ
1544 1976 1747 2031 τούτων
1773 1979 1831 2031 ai

240 2069 430 2123 θυσίαι
460 2070 780 2139 γενήσονται
828 2070 1166 2139 προσιόντων
1217 2068 1308 2121 διὰ
1355 2069 1611 2131 πίστεως.
1644 2069 1831 2135 Εἴποις

239 2160 289 2212 δ’
319 2160 407 2225 ἂν,
440 2162 570 2229 φησὶ
591 2200 605 2223 ,
638 2159 902 2226 πρόϐατα
932 2158 1029 2213 καὶ
1065 2159 1289 2226 κριοὺς,
1320 2159 1520 2233 ἄνδρας
1550 2161 1832 2231 βρίθοντας

243 2249 453 2315 καλοῖς,
482 2248 575 2302 καὶ
604 2248 906 2301 ἐπιείκειαν
935 2247 1349 2317 ἀσπαζομένους
1368 2290 1383 2313 ,
1411 2249 1477 2303 δι’
1512 2243 1587 2303 ὦν
1613 2252 1640 2305 ό
1668 2251 1847 2317 οἳκος’

241 2336 551 2401 δοξάζεται
604 2336 711 2391 τοῦ
761 2337 932 2399 Θεοῦ,
960 2338 1021 2390 οὐ
1054 2336 1143 2389 διὰ
1176 2336 1388 2391 καπνοῦ
1424 2339 1518 2391 καὶ
1559 2340 1830 2409 αἱμάτων,

242 2430 322 2493 ὡς
353 2431 382 2482 ὁ
416 2428 583 2482 πάλαι
628 2426 785 2492 νεὼς,
812 2427 967 2481 ἀλλὰ
996 2428 1086 2481 διὰ
1132 2429 1385 2497 λατρείας
1435 2432 1830 2501 πνευματικῆς.

241 2519 453 2574 Τούτου
482 2518 539 2573 δὲ
574 2519 832 2590 μνησθεὶς
850 2518 945 2572 τοῦ
974 2519 1139 2591 ῥητοῦ
1165 2521 1258 2573 καὶ
1284 2523 1311 2573 ὁ
1336 2520 1527 2591 Σωτὴρ
1555 2520 1795 2588 ἔφασκεν
1815 2538 1829 2552 ⁸

253 2628 276 2662 1
298 2610 358 2664 '0
378 2607 525 2673 οἶκός
547 2625 671 2679 μου,
703 2604 851 2672 οἶκος
882 2612 1190 2680 προσευχῆς
1212 2610 1567 2681 κληθήσεται,
1602 2613 1757 2682 ὑμεῖς
1778 2612 1835 2666 δὲ

244 2699 414 2754 αὐτὸν
439 2702 732 2772 ἐποιήσατε
755 2700 1020 2771 σπήλαιον
1038 2701 1268 2775 λῃστῶν.
1286 2704 1444 2755 »Ὅτε
1468 2705 1644 2755 τοίνυν
1672 2699 1836 2768 οἶκος

241 2790 460 2862 γέγονε
490 2791 839 2861 προσευχῆς
857 2834 872 2857 ,
900 2792 1023 2846 τότε
1066 2792 1448 2857 δεδόξασται.
1475 2794 1756 2862 Ἑπίτηδες
1780 2793 1835 2846 δὲ

245 2882 285 2952 ή
316 2881 530 2955 Γραφὴ,
554 2882 629 2945 ὡς
650 2880 968 2953 νηπιώδεσι,
995 2884 1109 2947 τοῖς
1128 2882 1188 2948 ἐξ
1211 2884 1430 2955 Ἰσραὴλ
1454 2885 1832 2955 διαλεγομένη,

246 2976 317 3029 ἐκ
367 2973 477 3027 τῶν
525 2975 708 3037 αὐτοῖς
742 2975 990 3043 συνήθων
1029 2975 1127 3038 τὰς
1155 2976 1491 3043 ἐπαγγελίας
1539 2966 1837 3048 παρέχεται

1931 1890 2027 1958 qui
2084 1889 2330 1942 habitum
2365 1889 2543 1957 adepti
2579 1888 2981 1957 evangelicum,
3027 1886 3232 1955 populo
3269 1884 3503 1955 praefue-

1933 1989 2085 2044 runt,
2119 1990 2168 2033 et
2216 1979 2455 2033 salutare
2504 1977 2716 2032 Domini
2749 1978 3162 2030 annuntiarunt.
3191 1976 3342 2041 Quod
3380 1990 3505 2029 ruro

1934 2086 2055 2126 sum
2108 2081 2350 2123 venturas
2398 2079 2447 2122 et
2483 2085 2599 2123 oves
2648 2067 2857 2131 Cedar,
2908 2076 2956 2120 et
3011 2067 3203 2121 arietes
3262 2064 3505 2119 Nabeoth

1933 2160 2106 2225 dixit;
2134 2176 2348 2223 eorum,
2394 2160 2489 2229 qui
2544 2157 2821 2214 aceessuri
2874 2166 3025 2220 sunt,
3055 2166 3208 2227 grata
3249 2154 3362 2211 τοτε
3409 2171 3506 2226 per

1936 2251 2095 2307 ﬁdem
2149 2251 2421 2307 sacriﬁcia
2478 2249 2830 2319 significavit.
2890 2247 3053 2303 Dicas
3103 2262 3290 2316 porro,
3328 2247 3501 2307 aiunt.

1936 2344 2129 2402 ovium,
2160 2343 2485 2409 arietumque
2517 2340 2757 2402 nomine,
2798 2337 2944 2391 viros
2981 2353 3077 2392 eos
3108 2338 3376 2406 intelligi;
3410 2337 3504 2405 qui

1935 2432 2485 2492 virtutilmsmnnsti,
2538 2428 3014 2483 mansuetudinem
3062 2428 3503 2497 amplectuntur;

1935 2525 2135 2594 quibus
2156 2524 2344 2575 domus
2367 2520 2585 2574 Domini
2610 2519 2976 2589 gloriﬁcatur:
2996 2535 3102 2572 non
3134 2529 3314 2574 autem
3338 2518 3506 2573 fumis

1935 2626 1991 2671 et
2023 2612 2409 2684 sanguiuib‘us,
2444 2620 2501 2665 ut
2529 2612 2657 2666 olim
2687 2611 2969 2678 templum,
3013 2610 3106 2662 sed
3156 2610 3305 2662 cultu
3346 2609 3507 2679 plane

1937 2706 2236 2778 spirituali.
2278 2704 2454 2772 Hujus
2491 2719 2621 2759 vero
2654 2703 2785 2757 dicti
2825 2712 2881 2757 et
2920 2700 3170 2754 Salvator
3197 2701 3361 2755 etiam
3393 2715 3507 2754 me-

1937 2798 2119 2859 minit,
2152 2811 2278 2851 cum
2312 2794 2532 2850 Judaaos
2575 2795 2883 2863 alloquens,
2930 2794 3149 2847 domum
3182 2806 3361 2856 suam,
3406 2791 3507 2846 do-

1939 2903 2085 2940 mum
2111 2886 2331 2954 quidem
2357 2884 2628 2939 orationis
2657 2882 2841 2937 vocari
2869 2882 3007 2936 dixit
3035 2880 3174 2944 "'3‘,
3200 2880 3294 2935 sed
3324 2880 3392 2933 ab
3426 2877 3509 2933 eis

1939 2978 2254 3047 speluncam
2307 2975 2582 3036 latronum
2637 2973 2839 3027 fictam
2893 2987 3039 3026 esse.
3088 2969 3181 3024 Est
3226 2972 3391 3038 igitur
3442 2984 3511 3024 eo

251 3065 397 3135 μετὰ
442 3063 537 3118 τοῦ
574 3062 943 3136 [σωματικοῦ]
976 3065 1170 3137 δηλοῦν
1198 3084 1266 3119 κτι
1315 3066 1410 3119 καὶ
1458 3067 1667 3136 νοητόν.
1707 3066 1834 3135 Περὶ

1944 3073 2187 3134 tempore
2235 3065 2567 3134 gloriﬁcata,
2617 3078 2725 3133 quo
2759 3061 2947 3115 domus
2985 3060 3241 3114 orationis
3270 3060 3396 3127 fuit.
3437 3059 3512 3115 De

248 3158 450 3214 πολλοῦ
480 3158 588 3228 γὰρ
616 3152 684 3228 ἦν
712 3158 899 3222 αὐτοῖς
940 3156 1216 3225 ἀλλόφυλα
1254 3157 1399 3224 ἔθνη
1428 3156 1839 3229 δωροφοροῦντα

249 3247 575 3304 θεάσασθαι.
602 3247 793 3317 Θέλγει
825 3249 1006 3301 τοίνυν
1042 3248 1239 3311 αὐτοὺς
1271 3247 1739 3318 συμψελ).ιζομένη
1772 3246 1839 3300 τὰ

249 3340 405 3410 φίλα.
443 3341 551 3393 Καὶ
578 3340 780 3411 συνήθη
807 3339 937 3411 γὰρ,
963 3339 1038 3402 ὡς
1067 3339 1131 3408 δὴ
1164 3339 1373 3404 παισὶν,
1420 3337 1835 3406 ἐπαγγέλλεται,

250 3430 321 3485 δι’
349 3424 425 3485 ὧν
472 3432 683 3503 ἁνέξηγ
733 3430 1152 3502 προτρεπομένη
1206 3430 1341 3500 πρὸς
1390 3430 1723 3497 θεοσέϐειαν,
1764 3430 1839 3493 ὡς

253 3524 395 3598 πρὸς
420 3523 765 3577 διδασκαλίαν
799 3523 925 3586 τοὺς
956 3522 1152 3584 παῖδας
1200 3520 1667 3589 εἰώθαμεν.”ισως
1699 3521 1743 3573 δ’
1772 3520 1838 3574 ἂν

254 3613 445 3676 αὐτοῖς
492 3612 774 3682 ἀπήντηκε
824 3612 919 3664 καὶ
964 3609 1320 3681 σωματικῶς,
1367 3613 1415 3665 εί
1464 3610 1555 3666 τὸν
1603 3611 1838 3681 Χριστὸν

254 3702 643 3773 παρεδέξαντο.
671 3701 972 3771 Τοιγαροῦν
1023 3704 1118 3755 καὶ
1150 3701 1294 3754 οὕτω
1338 3701 1480 3764 τινὲς
1511 3700 1799 3755 ἀπέδωκαν
1822 3716 1837 3731 ⁶

266 3790 537 3845 ’Δνάλαϐέ
566 3807 661 3844 σου
688 3791 749 3844 τὸ
778 3792 1043 3863 πρότερον
1064 3790 1211 3860 φῶς,
1241 3789 1657 3858 Ἰερουσαλὴμ,
1692 3790 1720 3842 ὃ
1752 3790 1840 3843 διὰ

253 3880 533 3955 ῥᾳθυμίας
561 3881 891 3946 ἀπέσσεσας,
922 3885 1015 3936 καὶ¹
1046 3875 1090 3950 ᾧ
1116 3882 1236 3937 κατ’
1268 3880 1543 3949 ἐξαίρετον
1574 3880 1839 3952 ἐτιμήθης

252 3972 367 4026 τῶν
394 3971 568 4027 ἄλλων
596 3972 1065 4041 ἐσκοτισμένων,
1097 3973 1172 4035 ὼς
1202 3971 1266 4025 ἂν
1297 3971 1499 4026 ἔθνεσι
1528 3969 1627 4023 καί
1651 3971 1837 4034 ,βασις

253 4061 440 4118 λεῦσι
472 4062 778 4127 Θεοσεϐείας
807 4062 943 4136 γένῃ
975 4063 1324 4134 παράδειγμα
1345 4104 1359 4128 ,
1393 4059 1485 4114 σοῦ
1513 4061 1569 4115 δὲ
1607 4064 1682 4130 μὴ
1715 4060 1838 4130 βου-

252 4157 496 4228 λομένης
527 4157 625 4211 ἐπὶ
658 4156 730 4211 τὰ
758 4159 903 4224 ἔθνη
931 4158 997 4210 τὸ
1018 4155 1139 4226 φῶς
1176 4157 1280 4210 τοῦ
1311 4154 1570 4224 Χριστοῦ
1602 4152 1841 4224 μεταϐή-

258 4264 438 4304 σεται.
467 4249 540 4303 Τδ
567 4249 658 4302 σὺν
687 4246 780 4303 οὖν
797 4249 972 4319 ὄμμα,
1004 4248 1193 4321 ςρησὶν,
1217 4248 1497 4301 ἀνάτεινον
1516 4246 1650 4316 πρὸς
1680 4244 1835 4309 Θεὸν,

255 4341 359 4395 καὶ
382 4339 503 4409 ὄψει
534 4341 657 4403 τοὺς
680 4341 738 4393 ὲν
776 4342 841 4413 τῇ
869 4339 1137 4410 διασπορᾷ
1174 4337 1546 4409 συνηγμένους
1582 4334 1684 4389 ὑπὸ
1728 4336 1837 4390 τῶν

255 4431 600 4500 κατεχόντων
628 4430 1146 4501 δορυφορουμένους.

1943 3158 2217 3213 industria
2247 3166 2427 3211 autem
2459 3156 2756 3221 lsraelttas,
2787 3164 3044 3222 tanquam
3074 3150 3309 3205 infantes
3364 3151 3511 3204 Scri-

1940 3258 2098 3319 ptura
2130 3250 2435 3317 alloquens,
2473 3263 2568 3316 per
2585 3260 2811 3315 ea,quze
2852 3245 3051 3299 usitata
3093 3251 3243 3305 sunt,
3278 3243 3511 3311 promis-

1940 3340 2125 3397 siones
2181 3324 2315 3409 ipsis
2348 3338 2590 3401 exhibet,
2626 3346 2684 3391 ut
2714 3352 2839 3391 cum
2879 3350 2965 3399 eo,
3003 3334 3148 3404 quod
3184 3347 3510 3403 corporeum

1938 3437 2043 3492 est,
2096 3427 2439 3498 intelligibile
2478 3426 2641 3481 etiam
2697 3425 2902 3494 aliquid
2947 3423 3243 3492 signiﬁcari
3285 3422 3514 3476 demon-

1939 3527 2095 3577 stret.
2130 3519 2305 3590 Magni
2334 3519 2477 3577 enim
2512 3519 2731 3572 illorum
2767 3519 3053 3580 intererat,
3088 3517 3134 3572 si
3168 3505 3345 3588 gentes
3379 3514 3513 3570 alie-

1938 3616 2170 3685 nigenas
2217 3615 2359 3668 dona
2414 3612 2613 3667 oﬂ'erre
2650 3613 3019 3667 intuerentur.
3071 3610 3178 3665 Eos
3210 3608 3377 3680 igitur
3408 3608 3512 3663 hoc

1939 3707 2059 3761 loco
2092 3706 2381 3769 demulcet,
2413 3711 2672 3773 tauquam
2717 3703 2783 3756 de
2812 3700 3075 3770 itit-undis
3127 3702 3292 3755 rebus
3348 3699 3515 3754 simul

1939 3794 2212 3849 balbutire
2231 3794 2447 3861 gestiat.
2481 3790 2611 3858 Quae
2636 3791 2781 3845 enim
2810 3789 2946 3858 ipsis
2974 3788 3173 3842 usitata
3211 3796 3363 3847 sunt.
3399 3802 3511 3840 non

1939 3884 2094 3937 aliter
2139 3897 2271 3939 sane
2312 3896 2474 3950 quam
2522 3880 2727 3952 pueris,
2781 3878 3088 3940 annuntiat,
3124 3885 3181 3929 ut
3210 3889 3304 3931 eos
3336 3876 3410 3928 ita
3441 3873 3511 3928 ad

1940 3975 2194 4045 pietatem
2228 3974 2463 4027 adducat
2497 3989 2512 4027 :
2549 3987 2656 4041 quo
2687 3958 2853 4040 pacto
2882 3983 3083 4039 pueros
3119 3968 3272 4036 ipsos
3332 3964 3388 4019 in
3428 3965 3513 4019 di-

1940 4064 2229 4134 sciplinam
2255 4065 2496 4119 solemus
2526 4062 2870 4133 pertrahere.
2888 4050 3143 4113 Fortasse
3171 4071 3299 4112 vero
3326 4065 3380 4110 et
3406 4056 3509 4109 ista

1939 4158 2049 4213 illis
2102 4156 2467 4225 corporaliter
2517 4154 2907 4224 contigissent,
2945 4151 2987 4206 si
3022 4147 3301 4206 Christum
3345 4146 3511 4199 admi-

1940 4250 2165 4304 sissent.
2219 4247 2311 4302 Sic
2366 4248 2535 4318 igitur
2589 4246 2755 4299 etiam
2798 4228 3059 4297 nonnulli
3110 4238 3507 4310 explicarunt:

1940 4339 2178 4393 Resume
2217 4338 2372 4411 prius
2425 4336 2601 4390 lumen
2639 4334 2965 4398 Jerusalem,
2997 4330 3142 4402 quod
3184 4327 3511 4400 negligentia

1866 4422 1911 4478 Ῑ)
1939 4430 2108 4501 688
2131 4437 2223 4483 tua
2240 4429 2567 4484 exstinctum
2594 4439 2697 4491 εει,
2728 4441 2944 4497 quoque
2968 4432 3163 4495 prater
3179 4436 3272 4475 eos
3295 4419 3514 4483 eximie,

257 4520 356 4589 qui
416 4518 640 4573 tenebris
683 4520 849 4586 operti
889 4526 1032 4581 sunt,
1085 4518 1351 4573 honorata
1397 4533 1479 4582 es,
1508 4525 1569 4571 ut
1590 4520 1832 4588 gentibus
1871 4519 2007 4589 ipsis
2034 4529 2082 4572 et
2118 4521 2326 4590 regibus
2362 4520 2581 4589 pietatis
2610 4518 2915 4586 exemplum
2948 4516 3210 4595 praebeas.
3246 4509 3399 4577 Quod
3465 4509 3513 4564 Si

257 4611 431 4675 nolis,
473 4608 540 4663 ad
573 4619 752 4681 gentes
793 4607 999 4664 Christi
1023 4608 1201 4663 lumen
1231 4610 1507 4664 transibit.
1541 4608 1642 4664 Tui
1672 4612 1839 4681 igitur
1911 4611 2055 4666 oculi
2107 4614 2308 4675 aciem,
2344 4596 2542 4680 inquit,
2591 4610 2659 4664 ad
2690 4607 2857 4663 Demn
2910 4608 3118 4678 dirige;
3152 4612 3206 4660 et
3234 4618 3351 4665 eos.
3419 4598 3515 4668 qui

260 4701 506 4772 dispersi
532 4710 710 4766 erant,
737 4710 1120 4773 congregatos,
1150 4703 1502 4772 ipsorumque
1543 4703 1832 4773 pra-sidio,
1888 4717 1917 4757 a
1957 4703 2158 4775 quibus
2206 4702 2632 4766 detinebantur,
2683 4708 2860 4755 tectos
2916 4706 2970 4753 et
3023 4698 3283 4754 defensos
3335 4695 3518 4748 intue-

258 4796 441 4851 beris.

331 4885 764 4955 Ἐπαγγέλλεται
815 4889 873 4943 δὲ
922 4890 1019 4944 καὶ
1065 4889 1320 4958 χρυσὸν,
1367 4890 1462 4945 καὶ
1495 4893 1564 4944 τὰ
1592 4890 1702 4943 ἀπὸ
1727 4892 1845 4945 τῶν

253 4975 451 5032 ἐθνῶν
492 4980 606 5042 τοῖς
648 4980 777 5051 περὶ
816 4980 992 5033 ταῦτα
1041 4981 1428 5049 ἐπτοημένοις,
1479 4982 1527 5033 εἰ
1572 4979 1847 5033 θεοσεϐεῖν

255 5068 517 5123 ἐθέλοιεν.
547 5070 658 5122 Καὶ
688 5070 863 5124 ταῦτα
900 5072 1000 5142 μὲν
1034 5064 1201 5126 οὗτοι.
1236 5073 1314 5143 Τῇ
1343 5074 1398 5125 δὲ
1431 5072 1634 5143 παλαιᾷ
1664 5072 1844 5125 διαλε-

256 5162 411 5233 χθεὶς
454 5161 877 5231 Ἰερουσαλὴμ,
923 5163 1001 5232 τῷ
1048 5162 1295 5216 θεοσεϐεῖ
1345 5162 1725 5233 πολιτεύματι,
1776 5166 1841 5236 τῇ

257 5253 464 5327 μητέρι
496 5252 597 5329 τῆς
645 5253 771 5315 νέας
820 5254 916 5307 καὶ
965 5254 1107 5307 κατὰ
1156 5254 1394 5323 Χριστὸν
1446 5253 1744 5319 πολιτείας,
1777 5256 1842 5310 ὲκ

255 5342 557 5418 προσώπου
590 5345 686 5399 νῦν
713 5344 885 5416 αὐτῆς
916 5346 1169 5417 ἐπιφέρει
1200 5345 1268 5399 τὰ
1295 5345 1434 5417 μετὰ
1455 5345 1626 5399 ταῦτα
1652 5345 1842 5416 λεγού-

329 5498 378 5532 ³¹
418 5500 616 5555 Ezech.
659 5516 845 5556 xxxiv.
888 5502 978 5568 50,
1007 5503 1094 5558 3|.
1168 5502 1286 5538 ”'“
1325 5502 1513 5557 Matth.
1548 5518 1662 5567 ut,
1690 5503 1774 5561 i5.

2015 4888 2313 4944 Pollicetur
2346 4898 2476 4938 vero
2530 4897 2639 4937 non
2664 4896 2858 4936 aurum
2904 4888 3147 4945 tantum;
3210 4877 3304 4933 sed
3365 4886 3418 4933 et
3451 4896 3515 4936 ea

1943 4981 2107 5037 etiam
2141 4978 2209 5033 de
2240 4974 2501 5047 gentibus,
2534 4988 2657 5044 qua:
2697 4988 2792 5028 cos
2842 4972 2898 5026 in
2947 4969 3363 5024 admirationem
3399 4979 3516 5025 tra-

1941 5072 2104 5136 hunt,
2140 5069 2186 5125 si
2222 5066 2314 5121 Dei
2345 5067 2556 5119 cultum
2589 5064 3015 5131 amplectantur.
3052 5063 3230 5129 Atque
3262 5059 3374 5114 haec
3403 5062 3520 5129 qui-

1939 5164 2061 5217 dem
2094 5160 2193 5214 illi.
2224 5159 2491 5213 Cteterum
2517 5163 2802 5225 postquam
2823 5170 2950 5207 cum
2976 5162 3161 5207 vetere
3181 5148 3480 5205 Jerusalem
3496 5193 3516 5221 ,

1943 5255 1994 5308 id
2031 5260 2138 5319 est,
2186 5266 2311 5306 cum
2368 5246 2461 5314 iis,
2497 5248 2590 5316 qui
2624 5245 2772 5315 pium
2825 5246 2946 5299 vita:
2988 5243 3298 5299 institutum
3339 5241 3520 5299 secuti

1938 5344 2178 5411 recentis
2209 5358 2291 5407 se,
2325 5348 2380 5397 et
2431 5340 2498 5395 ad
2532 5336 2737 5393 Christi
2767 5349 3017 5391 normam
3049 5332 3363 5403 compositae
3400 5345 3520 5387 map

1542 5635 1775 5692 νΛῐὶῐᾸί
1814 5631 2216 5691 ιΕΕῘὶὒΝεδ.

336 5716 364 5748 ³
392 5725 485 5779 no.
517 5707 647 5771 τοῖς.
722 5713 751 5755 1
784 5721 871 5775 γρ.
914 5707 1104 5778 evasi].
