3966 6318
494 172 636 237 2635

1830 172 2180 233 PROCOPII
2223 175 2465 235 GAZJEI

3615 171 3750 236 2036

565 280 804 348 Signific.
829 277 872 332 ri
903 286 1082 332 tamen
1150 279 1302 331 aiunt
1332 276 1604 342 nonnulli,
1637 291 1760 330 cum
1797 277 1930 346 legis
1971 275 2067 330 do-

2243 280 2396 342 Τινὲς
2427 281 2482 333 δέ
2512 297 2643 348 φασι
2684 279 2968 349 βούλεσθαι
3005 281 3184 350 λέγειν
3217 322 3232 348 ,
3263 281 3344 334 ὅτι
3380 281 3562 335 πάντα
3618 281 3750 346 προς

493 375 728 427 ctrinam
763 371 962 426 cedere
995 369 1310 440 contigerit,
1343 368 1530 422 omnia
1557 383 1650 438 per
1681 367 1966 422 Christum
2005 367 2061 422 in

493 475 648 521 tanto
690 464 932 527 meliora
967 471 1357 517 commutatum
1399 460 1492 527 iri,
1529 467 1793 529 quantum
1829 468 1914 515 est
1963 475 2066 513 azre

495 556 1106 628 ferrumprzcstanlius.
1158 553 1371 608 Habere
1401 552 1545 608 enim
1578 569 1650 605 ws
1681 553 1802 605 auri
1845 549 2064 622 quidem

491 650 748 718 speciem,-
779 663 878 702 nec
917 663 1110 700 aurum
1144 653 1326 698 tamen
1359 659 1502 700 esse.
1531 643 1750 698 Habere
1778 653 1833 698 et
1863 642 2067 711 [errant

491 740 717 810 argenti,
771 745 994 807 propter
1039 735 1407 805 splendorem,
1454 747 1558 787 nec
1590 747 1716 788 esse
1766 743 1948 787 tamen
1980 747 2069 785 ar-

491 839 726 901 gentum,
756 844 866 897 quo
893 828 1094 882 factum
1129 833 1234 890 est,
1259 832 1318 879 ut
1351 823 1556 878 Paulus
1583 823 1722 894 ipse,
1773 838 1900 878 cum
1929 825 2068 895 legis

490 913 1032 990 cognitiohem,mm
1072 931 1136 972 ea
1194 930 1316 986 qua:
1339 915 1543 970 Christi
1569 921 1654 970 cst
1699 923 2066 984 compararet,

491 1009 818 1081 quisquilias
850 1007 1128 1077 appellare
1169 1021 1274 1060 non
1309 1005 1581 1060 dubitarit
1611 1005 1678 1059 δ’.
1713 1004 1899 1076 Neque
1940 1021 2068 1061 vero

492 1103 634 1156 male
669 1099 990 1154 Scribarum
1031 1106 1086 1152 et
1141 1095 1542 1150 Pharisaeorum
1574 1094 1889 1165 disciplina,
1939 1094 2068 1164 quia

492 1195 739 1248 fabulosa
769 1233 784 1257 ,
827 1191 984 1262 lignis
1033 1198 1083 1242 et
1141 1186 1410 1256 lapidibus
1461 1195 1848 1256 comparetur;
1901 1202 2067 1258 quam

491 1295 643 1340 tanto
679 1291 902 1354 superat
930 1295 1055 1352 qua:
1096 1278 1162 1334 de
1187 1278 1411 1334 Christo
1452 1285 1572 1344 est;
1605 1286 1818 1348 quanto
1845 1286 1933 1334 est
1966 1293 2069 1332 tere

491 1381 693 1449 lignum
721 1417 736 1440 ,
781 1382 990 1445 quanto
1033 1371 1212 1441 lapide
1257 1370 1459 1440 ferrum
1497 1371 1874 1439 praestantius.
1928 1367 2070 1423 Sunt

490 1471 636 1524 enim
673 1469 844 1521 altera
885 1463 1103 1535 quidem
1149 1463 1218 1517 ad
1258 1461 1712 1518 contundendum
1759 1461 2068 1532 infringen-

491 1562 735 1630 dumque
777 1557 958 1612 facilia
986 1564 1037 1636 et
1077 1561 1328 1625 prompta
1363 1569 1376 1605 :
1408 1555 1580 1608 altera
1605 1562 1812 1618 autem,
1873 1560 2069 1622 praeter

2167 370 2228 421 τὸ
2279 369 2502 442 ἄμεινον
2560 373 2998 442 μεταστήσεται,
3042 374 3490 445 παραχωρούσης
3548 373 3649 440 τῆς
3696 375 3750 424 ὲν

2169 462 2320 532 νόμῳ
2343 461 2682 526 παιδεύσεως
2711 465 2778 535 τῇ
2831 463 2918 518 διὰ
2941 463 3038 518 τοῦ
3069 463 3305 534 Χριστοῦ
3333 463 3595 516 τοσοῦτον
3621 463 3751 534 οὔσῃ

2170 552 2463 622 κρείττονι,
2483 555 2606 607 ὅσον
2639 555 2875 623 χαλκοῦ
2923 557 3172 625 χρυσός.
3205 549 3620 625 Χρυσοέεανής
3657 555 3752 624 μὲν

2169 643 2278 713 γὰρ
2308 647 2340 697 ὁ
2361 644 2611 712 χαλκὸς,
2643 645 2782 716 πλὴν
2815 647 2876 698 οὐ
2907 647 3156 714 χρυσός.
3196 645 3649 715 Ἀρτυρσφανὴς
3675 647 3748 707 δὲ,

2169 733 2257 787 διὰ
2299 735 2361 788 τὸ
2415 735 2689 802 στιλπνὸν,
2725 737 2821 790 καὶ
2853 737 2882 788 ό
2908 737 3150 807 σίδηρος,
3202 737 3318 790 ἀλλ’
3352 737 3454 790 οὐκ
3474 735 3751 804 ἅργιῬος.

2171 823 2469 896 Τοιγαροῦν
2509 824 2606 896 τὴν
2657 827 2715 878 ὲν
2774 827 2924 898 νόμῳ
2956 827 3159 895 γνῶσιν
3188 827 3326 897 πρὸς
3373 828 3476 896 τὴν
3503 827 3595 880 διὰ
3626 829 3756 898 Χριο

2172 915 2322 979 στοῦ,
2359 915 2605 971 σκύϐαλα
2631 915 2844 980 Παῦλος
2873 919 3051 982 καλεῖ,
3086 920 3118 987 ή
3145 917 3200 970 δὲ
3230 917 3340 969 τῶν
3371 917 3755 988 Γραμματέων

2171 1008 2267 1061 καὶ
2293 1008 2603 1078 Φαρισαίων
2630 1008 2952 1062 διδασκαλία
2995 1007 3248 1079 μυθώδης
3297 1004 3456 1075 οὖσα,
3485 1010 3758 1079 παρεικάο

2171 1099 2318 1165 ζοιτο
2347 1101 2558 1168 ξύλοις
2591 1103 2690 1156 καὶ
2748 1104 2965 1168 λίθοις,
2990 1099 3060 1175 ἧς
3089 1105 3124 1173 ή
3158 1105 3215 1156 ὲν
3249 1104 3474 1176 Χριστῷ
3501 1103 3758 1158 τοσοῦτον

2169 1194 2426 1263 ἀμείνων,
2475 1195 2598 1270 ὅσον
2655 1195 2848 1261 ξύλου
2884 1197 3133 1265 χαλκὸς,
3179 1197 3433 1264 σίδηρός
3461 1212 3526 1248 τε
3554 1197 3755 1250 λίθου.

2170 1284 2252 1336 Τὰ
2279 1285 2378 1355 μὲν
2412 1285 2522 1356 γὰρ
2551 1285 2842 1351 εῠθλαστα,
2877 1286 2949 1339 τὰ
2983 1287 3062 1351 δὲ,
3097 1287 3236 1356 προς
3288 1285 3366 1356 τῷ
3391 1286 3637 1356 λαμπρῷ
3664 1287 3759 1340 καὶ

2169 1374 2354 1445 τιμίῳ,
2403 1375 2498 1428 καὶ
2541 1376 2783 1446 ἀρραγῆ.
2825 1376 2946 1440 Βίος
2972 1375 3079 1446 γὰρ
3107 1376 3266 1448 ὀρθὸς
3295 1377 3437 1447 μετά
3467 1377 3757 1446 δογμάτων

2169 1463 2384 1536 ἀληθῶν
2423 1467 2798 1536 παραδίδοται,
2830 1467 2919 1520 διὰ
2949 1467 3106 1520 τοῦτο
3133 1468 3225 1522 καὶ
3249 1467 3462 1531 Παῦλος
3485 1467 3588 1538 τῆς
3609 1469 3760 1536 παρά

2169 1578 2330 1615 τινων
2360 1559 2752 1631 μυσταγωγίας
2781 1560 2881 1630 τὴν
2931 1557 3182 1629 δύναμιν,
3210 1558 3368 1622 ξύλα,
3409 1559 3630 1628 χόρτον,
3664 1562 3757 1612 καὶ

489 1668 654 1724 quam
695 1651 842 1722 quod
881 1644 1174 1719 splendore
1223 1643 1474 1716 prtedita,
1523 1645 1763 1714 pretiosa
1804 1645 1968 1699 etiam
2014 1649 2067 1697 et

2172 1651 2350 1716 λίθους
2377 1652 2551 1704 καλεῖ.
2576 1651 2734 1711 Τινὲς
2765 1649 2822 1704 δὲ
2845 1651 2942 1704 καὶ
2966 1650 3105 1703 κατά
3133 1649 3230 1721 τὴν
3262 1648 3409 1715 λέξιν
3440 1650 3754 1711 ἀπέδωκαν,

489 1745 787 1814 iufragilia.
821 1741 974 1797 Solet
1011 1738 1155 1794 enim
1189 1738 1325 1803 vita,
1353 1750 1474 1806 qua:
1506 1743 1654 1791 recta
1681 1742 1790 1801 est,
1819 1749 1943 1790 cum
1976 1748 2066 1787 vc-

490 1838 568 1891 ris
611 1833 918 1904 disciplinis
962 1830 1030 1885 ad
1067 1829 1207 1884 alios
1255 1828 1512 1883 transire.
1557 1825 1676 1893 Quo
1714 1825 1920 1882 factum
1955 1833 2064 1892 est,

490 1939 550 1984 ut
584 1927 826 1998 mysticae
857 1921 1226 1994 quorumdam
1279 1919 1583 1990 disciplina:
1629 1917 1971 1984 facultatem,
1999 1917 2066 1971 li-

489 2037 619 2092 gna,
645 2020 830 2076 feuum
847 2025 901 2072 et
924 2015 1133 2085 lapides
1161 2012 1369 2068 Paulus
1391 2011 1686 2082 appellarit
1706 2013 1776 2064 ⁵ο.
1803 2009 2066 2065 Nonnulli

491 2128 621 2169 vero
645 2111 808 2166 etiam
834 2109 900 2163 ad
923 2107 1160 2161 litteram
1207 2104 1552 2176 explicarunt
1597 2103 2068 2185 tanquam‘civita.

489 2207 525 2260 ti
557 2205 812 2274 pietatem
847 2197 1048 2254 colenti
1082 2197 1312 2251 materia
1337 2194 1615 2265 quaelibet,
1651 2195 1890 2265 pretiosa
1908 2211 2063 2268 teque

491 2313 555 2352 ac
581 2295 816 2364 abjecta,
851 2289 1104 2347 donanda
1133 2289 1226 2344 sit.
1260 2287 1432 2344 Posse
1452 2287 1596 2342 enim
1634 2287 1871 2358 idipsum
1893 2287 2066 2344 Deum

483 2388 728 2443 clliccre.
763 2383 1032 2440 Caeterum
1069 2393 1194 2436 cum
1233 2379 1338 2434 ista
1371 2377 1486 2434 fieri
1536 2378 1853 2448 contigerit,
1882 2379 2068 2436 vivent

489 2485 545 2536 in
569 2496 696 2550 pace
723 2479 987 2548 principes
1016 2473 1114 2538 tui,
1147 2469 1374 2542 adjicit;
1397 2484 1539 2541 quos
1580 2479 1802 2541 propter
1833 2471 2063 2527 futuro-

490 2592 612 2630 rum
638 2571 1065 2645 praesensionem
1091 2567 1364 2636 episcopos
1390 2565 1652 2636 appellat.
1687 2564 1894 2622 Deinde
1917 2567 2066 2638 quod

2171 1745 2249 1808 ὡς
2280 1743 2579 1815 εύσεϐούσῃ
2611 1745 2677 1814 τῇ
2735 1741 2887 1795 πόλει
2915 1743 3068 1796 πᾶσα
3097 1739 3200 1811 ῦλη
3223 1740 3385 1811 τιμία
3425 1742 3487 1793 ὲν
3517 1742 3621 1810 ἴσῳ
3640 1745 3755 1804 τοίς

2172 1835 2388 1906 ἀτίμοις
2425 1835 2734 1907 δοθήσεται.
2761 1833 2853 1904 Μὴ
2891 1833 2948 1887 δὲ
2987 1833 3096 1903 γὰρ
3121 1832 3389 1886 ἀδύνατον
3426 1829 3574 1887 εἶναι
3605 1833 3758 1886 τοῦτο

2174 1926 2314 1996 Θεῷ.
2355 1925 2502 1998 Πλὴν
2559 1925 2764 1978 τούτων
2813 1923 2956 1978 οὕτω
2995 1924 3296 1994 γινομένων
3348 1927 3404 1978 οί
3467 1922 3757 1993 ἄρχοντές

2171 2033 2290 2074 σου
2326 2018 2512 2072 λοιπὸν
2546 2017 2616 2072 ἐν
2665 2018 2874 2086 εἰρήνῃ
2937 2016 3205 2084 διάξουσι,
3249 2017 3396 2070 κατά
3447 2017 3757 2088 πρόγνωσιν

2173 2111 2370 2175 αὐτοὺς
2401 2110 2775 2175 ἐπισκόπους
2795 2107 3054 2172 καλέσας.
3092 2107 3166 2162 Τὸ
3196 2107 3276 2172 δὲ,
3303 2107 3410 2162 Ἐν
3435 2107 3654 2176 εἰρήνῃ
3681 2107 3755 2159 6-.-

2173 2203 2394 2268 ἀξουσιν
2455 2200 2653 2256 καὶέν
2673 2199 3053 2267 δικαιοσύνῃ,
3099 2199 3166 2252 ὲκ
3190 2200 3389 2269 μέρους
3429 2197 3752 2268 ἐπληροῦτο,

2165 2293 2306 2352 κατὰ
2337 2293 2417 2358 τὸ,
2463 2309 2483 2342 ι
2519 2291 2618 2344 Ἐκ
2661 2291 2864 2362 μέρους
2905 2291 3268 2358 γινώσκομεν,
3323 2291 3417 2342 καὶ
3453 2290 3520 2341 ἐκ
3553 2291 3754 2359 μέρους

2166 2383 2609 2458 προφητεύομεν,
2635 2401 2654 2435 ι
2707 2381 2850 2436 κατά
2899 2381 2992 2435 τὸν
3035 2382 3282 2452 παρόντα
3329 2381 3447 2451 βίον
3491 2381 3750 2450 δηλονότι.

2177 2498 2194 2527 ο
2225 2478 2394 2530 Ὅταν
2429 2475 2486 2528 δὲ
2507 2473 2640 2547 ἔλθῃ
2655 2474 2716 2527 τὸ
2743 2473 2972 2540 τέλειον,
2991 2473 3055 2527 τδ
3079 2475 3143 2526 ὲκ
3175 2474 3375 2544 μέρους
3403 2472 3756 2543 καταργηθή⁴

2176 2583 2350 2621 σεται.
2398 2583 2416 2616 ι

490 2671 546 2722 in
595 2683 746 2736 pace,
781 2663 1104 2736 justitiaque
1149 2661 1396 2714 victuros
1431 2657 1592 2724 dixit,
1647 2657 1700 2712 id
1722 2658 1962 2730 quadam
1988 2675 2054 2716 ex
2094 2669 2250 2731 parte
2296 2660 2411 2731 jam
2444 2657 2748 2728 praestitum
2797 2665 2884 2712 est
2928 2675 2944 2722 ;
2985 2656 3143 2727 juxta
3190 2653 3371 2710 illud:
3413 2675 3433 2708 ι
3482 2655 3560 2710 Ex
3607 2668 3756 2728 purse

488 2757 918 2830 cognoscimus;
957 2769 1023 2808 ex
1061 2759 1216 2822 parte
1249 2757 1431 2806 autem
1479 2749 1918 2820 prophetatnus:
1959 2769 1978 2802 ι
2023 2751 2168 2821 quod
2229 2759 2312 2806 est
2353 2748 2420 2805 ad
2457 2749 2624 2802 vitam
2691 2748 2856 2803 istam
2925 2746 3299 2803 referendum.
3337 2764 3356 2796 ι
3403 2745 3543 2801 Cum
3577 2758 3751 2802 autem

479 2855 702 2910 evenerit
731 2849 877 2922 quod
908 2846 1212 2920 perfectum
1235 2856 1353 2913 est;
1392 2844 1558 2918 695
1592 2845 1740 2915 quod
1771 2861 1836 2901 ex
1866 2855 2022 2916 parte
2048 2855 2154 2912 est,
2183 2845 2545 2900 evacuabitur
2581 2844 2650 2896 ⁸⁸.
2681 2861 2700 2894 ι
3117 2891 3138 2902 _

559 2947 736 3013 Atque
761 2942 850 2997 hic
875 2939 1098 3010 quidem
1127 2937 1348 2993 futurus
1369 2947 1457 2993 est
1490 2937 1616 2994 tlnis
1651 2937 1802 3008 regni
1841 2938 2069 3002 Christi,
2096 2943 2141 3006 ρ

491 3051 615 3089 cum
640 3033 808 3088 fuerit
835 3029 1019 3086 omnis
1053 3029 1274 3084 sublata
1303 3029 1562 3098 iniquitas
1583 3069 1599 3095 ,
1630 3043 1757 3084 cum
1792 3031 2072 3096 contritio,

491 3139 615 3179 cum
645 3121 860 3176 miseria
893 3117 1154 3187 denique.
1181 3115 1381 3172 Nullus
1408 3119 1556 3173 enim
1591 3117 1853 3190 deinceps
1875 3119 2071 3206 hostis,

495 3214 643 3270 nulla
672 3211 899 3268 sceleris
927 3207 1238 3264 recordatio
1269 3209 1775 3278 supereritz-quale
1805 3211 2068 3266 estillud:

469 3326 486 3359 ι
524 3302 806 3361 Abscessit
835 3299 1016 3364 dolor,
1041 3307 1098 3354 et
1135 3298 1412 3364 moletuia,
1437 3305 1492 3354 et
1529 3299 1768 3370 gemitus
1797 3302 1866 3354 ".
1906 3320 1924 3353 ι
1971 3300 2071 3357 Ve-

495 3412 636 3459 rum,
669 3405 928 3462 tanquam
957 3389 1238 3458 prioribus
1266 3387 1482 3458 ejectis,
1507 3390 1646 3446 alios
1668 3391 1910 3447 instituit
1961 3395 2072 3462 epi-

491 3501 677 3555 scapos
708 3492 758 3538 et
788 3481 1090 3550 principes;
1121 3481 1210 3553 qui
1229 3495 1412 3550 pacem
1443 3495 1568 3536 cum
1605 3482 1720 3539 Deo
1747 3483 1954 3551 colant,
1973 3485 2064 3556 ju-

443 3625 465 3639 .
496 3579 804 3647 stitiamque
828 3581 1160 3630 venerentur
1192 3591 1206 3628 :
1239 3573 1404 3644 quale
1433 3575 1567 3629 illud
1603 3573 1840 3632 fortasse
1878 3575 2067 3644 fuerit,

491 3673 637 3744 quod
668 3671 779 3740 jam
813 3670 868 3724 in
899 3667 1014 3723 hcce
1045 3667 1210 3723 verba
1245 3669 1532 3736 usurpavit
1563 3685 1577 3722 :
1616 3686 1636 3721 ι
1673 3668 1742 3724 Ει
1774 3671 2066 3726 immittam

495 3777 714 3818 manum
757 3773 935 3815 meam
979 3758 1034 3812 in
1079 3765 1154 3823 te,
1199 3768 1250 3812 et
1300 3771 1604 3828 excoquam
1651 3769 1703 3812 te
1730 3756 1798 3812 ad
1846 3773 2063 3828 purum.

494 3857 598 3910 tios
627 3860 809 3920 autem
858 3849 952 3920 qui
989 3865 1098 3903 non
1133 3847 1496 3913 crediderint,
1533 3845 1752 3918 perdam
1781 3862 1796 3912 ;
1830 3856 1884 3902 et
1913 3847 2065 3902 aufe-

494 3960 606 3998 ram
631 3957 822 3996 omnes
855 3939 1080 4009 iniquos
1111 3949 1140 3988 a
1171 3943 1244 4002 te,
1273 3945 1328 3992 et
1364 3951 1558 3991 omnes
1583 3935 1854 4004 superbos
1877 3934 2064 4005 depri-

492 4051 656 4100 mam,
685 4044 739 4088 et
771 4031 1062 4101 praeficiam
1081 4029 1296 4100 judices
1326 4027 1444 4095 tibi,
1475 4028 1618 4083 sicut
1649 4025 1883 4098 prius",
1920 4045 1938 4078 ι
1961 4041 2065 4082 caa-

479 4137 720 4197 teraque
757 4126 1042 4194 deinceps.
1085 4119 1226 4176 Sunt
1256 4135 1386 4175 vero
1413 4127 1470 4176 et
1508 4119 1614 4176 ista
1657 4118 1960 4175 Salvatoris
1993 4119 2063 4174 ad

485 4217 798 4274 Judazorum
831 4212 1122 4286 praefectos
1149 4229 1164 4266 :
1206 4230 1224 4262 ι
1263 4209 1558 4266 Auferetur
1579 4223 1608 4262 a
1627 4209 1782 4264 vobis
1809 4225 2061 4278 regnum,

2249 2936 2427 3006 Ὅπερ
2449 2934 2566 2988 ἐστὶ
2589 2935 2689 3005 τῆς
2718 2930 2958 3004 Χριστοῦ
3007 2930 3284 3000 βασιλείας
3315 2930 3378 2982 τὸ
3428 2929 3610 2994 τέλος,
3658 2931 3756 2983 πά-

2178 3046 2276 3100 σης
2304 3027 2539 3094 ἀδικίας
2567 3025 2940 3098 ἀνῃρημένης,
2975 3023 3176 3086 παντός
3218 3039 3279 3074 τε
3305 3025 3756 3092 συντράιματος

2176 3123 2271 3176 καὶ
2293 3122 2719 3188 ταλαιπωρίας.
2757 3118 2982 3190 Ἐχθρὸς
3015 3119 3126 3188 γὰρ
3151 3117 3618 3188 ὑπολειφθήσεται
3648 3119 3754 3170 λοι-

2174 3212 2274 3266 πον
2295 3211 2494 3275 οὐδεὶς,
2530 3211 2652 3264 οὐδὲ
2678 3209 2870 3281 μνήμη
2897 3209 3116 3274 κακίας,
3151 3209 3294 3262 κατά
3332 3210 3416 3272 τὸ,
3448 3229 3468 3260 ι
3522 3209 3755 3278 Ἀπέδρα

2171 3305 2352 3376 ὀδύνη,
2383 3307 2480 3360 καὶ
2529 3305 2696 3374 λύπη,
2741 3305 2838 3358 καὶ
2886 3303 3211 3372 στεναγμός.
3261 3322 3281 3354 ι
3315 3302 3463 3372 Πλὴν
3519 3303 3598 3364 ὡς
3653 3303 3755 3354 τῶν

2173 3395 2408 3466 πρώτων
2431 3393 2872 3465 ἐκϐεϐλημὲνων,
2933 3393 3158 3462 ἐτέρους
3195 3393 3480 3461 ἀνίστησιν
3513 3391 3756 3444 duraed-

2175 3503 2354 3554 πους,
2388 3487 2488 3541 καὶ
2517 3486 2816 3555 ἄρχοντας
2842 3487 3273 3554 είρηνεύοντας
3302 3487 3440 3554 πρὸς
3477 3485 3637 3546 Θεδν,
3670 3483 3755 3538 καὶ

2169 3579 2446 3650 τιμῶντας
2468 3578 2536 3632 τὸ
2563 3576 2799 3630 δίκαιον
2857 3577 3041 3628 ὁποῖον
3091 3575 3159 3629 ἂν
3203 3577 3290 3644 εἴη
3318 3574 3380 3628 τὸ
3418 3576 3522 3646 ἤδη
3557 3575 3752 3646 ῥηθέν·

2179 3691 2196 3722 ι
2226 3671 2334 3724 Καὶ
2361 3669 2548 3736 ἐπάξω
2572 3669 2670 3739 τὴν
2704 3669 2863 3739 χεῖρά
2897 3684 2999 3738 μου
3031 3668 3136 3720 ἐπὶ·
3176 3669 3259 3730 σὲ,
3284 3667 3380 3720 καί
3421 3665 3671 3738 πυρώσω
3699 3685 3754 3720 σε

2170 3763 2251 3826 εἰς
2313 3761 2576 3831 καθαρόν.
2635 3761 2775 3824 Τοὺς
2823 3761 2880 3814 δὲ
2935 3759 3298 3824 ἀπειθοῦντας
3347 3760 3626 3824 ἀπολέσω,
3665 3763 3754 3814 καὶ

2168 3852 2354 3922 ἀφελῶ
2382 3851 2592 3915 πάντας
2640 3849 2877 3919 ἀνόμους
2913 3849 3024 3903 ἀπὸ
3056 3849 3173 3914 σοῦ,
3213 3850 3309 3902 καὶ
3333 3850 3544 3914 πάντας
3585 3851 3750 3918 ὑπερ-

2167 3945 2408 4014 ηφάνους
2430 3941 2776 4010 ταπεινώσω,
2807 3942 2902 3996 καὶ
2952 3941 3232 4012 ἐπιστήσω
3275 3942 3404 4004 τοὺς
3437 3943 3636 4012 κριτάς
3667 3958 3751 3993 σου

2166 4037 2240 4100 ὡς
2278 4035 2340 4089 τό
2373 4036 2668 4108 πρότερον,
2705 4053 2724 4086 ι
2756 4034 2850 4088 καὶ
2879 4033 2948 4086 τὰ
2976 4033 3070 4087 ἐπὶ
3109 4032 3356 4096 τούτοις..
3377 4033 3492 4086 Καὶ
3513 4036 3543 4086 ὁ
3565 4032 3752 4103 Σωτὴρ

2165 4129 2222 4181 δὲ
2246 4130 2358 4191 τοῖς
2395 4127 2669 4182 Ἰουδαίων
2716 4126 2865 4195 λέγει
2915 4125 3258 4196 καθηγηταῖς
3287 4140 3301 4155 ·
3359 4143 3378 4176 ι
3427 4125 3751 4195 Ἀρθήσεται

2165 4221 2256 4288 ἀφ’
2290 4219 2446 4290 ὑμῶν
2499 4221 2534 4288 ἡ
2601 4217 2849 4298 βασιλεία
2907 4218 3004 4270 καὶ⁸
3051 4216 3340 4287 δοθήσεται
3393 4216 3543 4269 ἔθνει
3585 4217 3751 4285 ἑτέρῳ

487 4309 783 4364 ctdahitur
827 4306 977 4376 genti
1021 4302 1248 4358 facienti
1297 4301 1512 4358 fructus
1537 4299 1660 4367 ejus
1705 4301 1776 4353 ³⁸.
1814 4319 1833 4352 ι
1876 4300 2062 4372 Neque

2171 4311 2412 4366 ποιοῦντι
2445 4311 2572 4373 τοὺς
2603 4309 2852 4380 καρποὺς
2881 4307 3078 4377 αὐτῆς.
3120 4325 3140 4359 ι
3173 4307 3332 4370 Τινὲς
3358 4308 3418 4360 δὲ
3445 4307 3589 4361 κατά
3611 4309 3750 4374 λέξιν

487 4415 619 4454 vero
642 4401 860 4462 desunt,
884 4397 976 4468 qui
1011 4394 1079 4449 ad
1109 4393 1350 4448 litteram
1387 4391 1748 4462 explicantes,
1785 4392 2062 4460 justitiam

2171 4399 2354 4468 φασὶν,
2379 4399 2456 4462 ὡς
2500 4399 2794 4468 τιμήσουσι
2839 4397 2906 4451 τὸ
2941 4400 3176 4450 δίκαιον
3202 4398 3342 4468 μετά
3365 4398 3472 4450 τῶν
3500 4399 3750 4466 ὑπηκόων

491 4506 614 4544 runt
659 4488 898 4543 subditis
925 4487 1174 4540 culturos
1201 4499 1324 4540 esse
1350 4483 1614 4552 principes
1641 4497 1858 4550 eorum,
1886 4483 2061 4539 bello-

2171 4493 2223 4544 οί
2245 4490 2555 4559 ἄρχοντες,
2590 4487 2835 4556 εἰρήνης
2865 4505 2924 4542 τε
2947 4487 3224 4552 τεύξονται
3253 4488 3354 4557 τῆς
3387 4489 3454 4542 ὲκ
3479 4489 3746 4558 πολέμων.

396 4575 404 4579 ’
487 4595 596 4651 que
635 4594 762 4646 pace
811 4571 1128 4648 comparata
1181 4575 1254 4628 ita
1303 4573 1572 4628 fruituros
1615 4575 1824 4639 dicant,
1859 4586 1922 4629 ut
1965 4575 2060 4645 qui

2171 4579 2247 4642 ὡς
2271 4579 2362 4632 τὸν
2391 4577 2598 4632 δεδιότα
2626 4576 2942 4648 πολεμίους,
2971 4577 3004 4647 ἣ
3039 4579 3235 4649 θῆρας,
3261 4579 3636 4647 καταφεύγειν
3671 4579 3747 4631 ἐπ’

487 4671 674 4724 hostes
705 4677 800 4720 aut
847 4666 992 4722 feras
1019 4665 1228 4728 timeat,
1263 4661 1330 4718 ad
1363 4663 1846 4734 ipsoscorrfttgiat.
1890 4661 2061 4717 Vaca-

2171 4672 2360 4738 αὐτήν.
2396 4669 2782 4738 κληθήσεται
2825 4669 2903 4734 δὲ,
2942 4669 3114 4738 λέγει,
3161 4670 3463 4738 σωτήριον
3487 4673 3560 4724 τὰ
3585 4674 3749 4740 τείχη

489 4763 684 4812 buntur
713 4764 920 4818 autem,
961 4752 1174 4824 adjicit;
1197 4751 1457 4816 salutare,
1489 4753 1630 4806 muri
1659 4752 1738 4804 tui
1763 4767 1781 4804 :
1813 4751 1927 4818 ubi,
1960 4766 2062 4822 pro

2171 4776 2306 4815 σου.
2335 4761 2502 4814 Πάλιν
2523 4761 2584 4815 τὸ
2599 4760 2918 4829 σωτήριον,
2948 4761 3196 4829 Ἰησοῦν
3213 4761 3328 4832 ἔχει
3347 4763 3409 4815 τὸ
3446 4763 3746 4833 Ἐϐραῖκὸν.

487 4864 598 4920 quo
633 4848 874 4904 salutare
919 4845 1081 4910 dixit,
1133 4843 1400 4898 Hebraica
1431 4841 1597 4898 lectio
1631 4840 2058 4912 Jesumposuit.

483 4945 586 4998 Est
637 4941 783 4996 enim
831 4938 975 4994 idem
1023 4936 1163 5005 ipse,
1194 4935 1289 5006 qui
1335 4951 1487 4990 muro
1535 4934 1696 5004 cingit
1735 4932 2059 4990 Ecclesiam.

490 5033 747 5104 Sequitur
767 5025 964 5084 deinde
1000 5043 1014 5081 :
1049 5023 1114 5079 Et
1144 5035 1311 5094 pom-2
1342 5035 1444 5080 tua:
1460 5025 1736 5094 sculptura
1769 5041 1787 5078 :
1814 5028 2062 5096 quoluco

489 5125 669 5179 verbis
691 5121 910 5193 quidem
947 5117 1206 5184 diversis,
1239 5133 1348 5172 nan
1377 5133 1434 5172 re
1470 5125 1650 5171 tamen
1683 5115 2065 5173 diﬂ‘erentibus

491 5213 854 5286 Symmarhus
901 5217 959 5264 et
1009 5208 1240 5279 Aquilas
1278 5206 1461 5262 taedas
1509 5208 1858 5278 interpretati
1911 5219 2058 5263 sunt.

493 5309 659 5361 Datur
709 5306 854 5358 enim
893 5303 993 5356 hac
1031 5301 1244 5355 ratione
1293 5300 1360 5355 ad
1389 5301 1538 5370 piam
1575 5301 1698 5354 vitae
1740 5301 2052 5356 institutum

2165 4849 2337 4914 Αύτδς
2359 4851 2468 4922 γάρ
2495 4853 2644 4906 ἐστιν
2665 4854 2695 4906 ό
2721 4852 2818 4906 καὶ
2847 4850 3255 4922 περιτειχίζων
3274 4855 3377 4922 τὴν
3404 4855 3747 4924 Ἐκκλησίαν.

2167 4943 2277 4997 Καὶ
2321 4946 2382 4998 αἱ
2440 4943 2628 4998 πύλαι
2679 4961 2796 4999 σου
2844 4947 3122 5014 γλύμμα,
3165 4946 3304 5016 ὅπερ
3338 4947 3570 5010 ’Λκύλεις
3633 4949 3746 5016 μὲν,

2167 5031 2446 5100 ὕμνησις,
2479 5034 2666 5102 φησιν,
2703 5035 2731 5086 ὁ
2756 5033 2813 5087 δὲ
2845 5033 3176 5106 Σύμμαχος,
3209 5036 3471 5098 alveare.
3506 5037 3603 5088 Διά
3636 5035 3749 5087 τού-

2167 5137 2276 5174 των
2305 5121 2470 5192 γάρή
2501 5123 2704 5188 εἴσοδος
2731 5123 2826 5178 τοῦ
2857 5124 3143 5197 θεοσεϐοῦς
3181 5125 3599 5194 πολιτεύματος,
3651 5127 3748 5178 τῶν

2173 5212 2502 5280 προσιόντων
2525 5212 2928 5283 διδασκομένων
2961 5212 3176 5284 ὑμνεῖν
3203 5213 3293 5265 τὸν
3316 5197 3472 5266 Θεόν.
3508 5213 3669 5276 Τινὲς
3699 5213 3748 5263 δὲ

2165 5304 2334 5372 τείχη
2361 5304 2456 5358 καὶ
2491 5305 2716 5370 πύλας,
2739 5307 2864 5368 τοὺς
2901 5305 3259 5368 διδασκάλους
3300 5306 3436 5374 φαπὶ
3487 5305 3746 5374 τειχίζονο

560 5503 603 5534 δ’
634 5501 865 5584 Philipp.
891 5517 972 5566 ιιι,
1005 5502 1056 5556 8.
1133 5500 1177 5533 ⁸ο
1205 5501 1220 5551 I
1251 5495 1378 5553 Cor.
1406 5513 1486 5564 ιιι,
1524 5494 1606 5553 r2.
1685 5499 1726 5530 ⁵¹
1761 5484 1930 5554 litor.
1967 5517 2059 5554 xm

2171 5503 2284 5559 «10.
2365 5504 2408 5536 δ’
2433 5503 2602 5572 Apoc.
2629 5519 2740 5566 ut,
2778 5502 2828 5556 4.
2906 5503 2956 5542 ⁸³
2985 5501 3089 5558 Isa.
3127 5501 3278 5569 1,25,
3321 5501 3416 5559 96.
3494 5502 3542 5538 ⁸⁸
3561 5501 3739 5558 Matth.

491 5585 606 5627 xu.
651 5575 740 5629 45.
