3966 6318
326 229 467 297 2637
1457 220 1991 295 couMENTAmI
2035 216 2114 294 ιν
2154 224 2429 293 ιειιλλι.
3452 203 3591 285 2633

324 356 427 405 τας
465 342 565 411 την
600 339 925 411 Ἐκκλησίαν
949 339 1047 414 βίῳ
1072 345 1165 398 καὶ
1189 344 1445 416 δόγμασι,
1477 350 1569 399 καὶ
1599 350 1724 411 τοὺς
1751 364 1914 419 προσ-

2024 347 2241 412 aditus;
2275 346 2321 399 si
2358 344 2453 415 qui
2485 334 2777 410 accedunt,
2819 332 2910 398 Dei
2944 341 3129 396 laudes
3187 337 3593 395 dccahtaredou

333 432 518 496 ιὸντας
547 433 890 501 εἰσάγοντας.
910 435 1167 505 Γλύμμα
1196 436 1274 501 δὲ,
1303 438 1384 490 ὄτι
1414 438 1744 508 περικαλλὴς
1772 439 1912 507 ἄγαν

326 527 361 579 ὁ
382 526 539 593 λόγος
570 526 774 591 αὐτοῖς,
802 527 897 580 καὶ
926 528 1064 597 πρὸς
1108 528 1367 599 ἀλήθειαν
1404 531 1912 601 ὲκτετορνευμένος.

329 620 526 672 Νοοῖτο
555 618 601 671 δ’
635 618 702 695 ᾃν
731 620 826 673 καί⁹
875 621 970 673 ἐπὶ
1016 620 1277 688 Χριστοῦ.
1322 621 1386 674 Ἦ
1442 621 1551 690 γὰρ
1598 621 1802 684 εἴσοδος
1845 619 1913 673 δι’

330 707 499 761 αὑτοῦ
526 707 661 777 πρὸς
688 708 781 760 τὸν
819 709 1056 779 Πατέρα,
1082 709 1141 773 ὃς
1174 711 1290 761 ἐστι
1324 710 1418 763 καὶ
1454 711 1718 779 γλύμμα,
1752 710 1914 763 οἰονεί

334 800 519 870 μορφὴ
554 800 646 851 καὶ
675 793 962 871 χαρακτὴρ
998 800 1101 870 τῆς
1132 802 1488 866 ὑποστάσεως
1518 801 1611 855 τοῦ
1647 802 1910 872 Πατέρος,

331 891 427 944 καὶ
453 889 797 960 ἀπαύγασμα
822 889 923 960 τῆς
953 890 1110 960 δόξης
1158 891 1347 946 αὐτοῦ.
1390 892 1549 946 Ἀλλὰ
1590 894 1686 945 καὶ
1715 878 1936 945 οὐκέτί

333 980 510 1048 ἣλιος
534 980 765 1049 ἡμέραν
810 995 911 1035 σοι
941 980 1207 1050 παρέξει,
1236 982 1379 1036 οὐδὲ
1407 984 1626 1049 νυκτὸς
1656 984 1693 1052 ἡ
1731 983 1915 1048 σελή-

329 1090 409 1142 νη
447 1091 520 1127 σε
550 1073 767 1142 φωτιεῖ.
796 1072 933 1127 Οῦτε
975 1074 1085 1145 γὰρ
1126 1074 1198 1127 ἐν
1231 1073 1424 1139 νυκτὶ,
1455 1073 1657 1128 οὔτ’ὲν
1670 1072 1913 1144 αἰσθητῷ

328 1166 480 1234 φωτί
511 1166 835 1236 γενήσονται
876 1166 928 1218 οἱ
961 1166 1055 1219 τοῦ
1102 1165 1292 1218 καινοῦ
1328 1166 1547 1229 αἰῶνος.
1580 1165 1719 1235 Φησὶ
1749 1165 1857 1235 γὰρ
1885 1166 1914 1218 ὀ

330 1255 526 1325 Σωτήρ
542 1271 554 1283 ·
585 1254 643 1307 Ὀ
657 1254 806 1324 ἣλιος
825 1253 1259 1324 σκοτισθήσεται,
1275 1256 1370 1307 καὶ
1400 1257 1434 1326 ἡ
1457 1256 1652 1327 σελήνη
1671 1257 1731 1309 οὐ
1751 1255 1913 1308 δώσει

327 1346 394 1398 τὸ
423 1347 625 1414 φέγγος
684 1347 876 1418 αὐτῆς.
929 1345 1058 1411 Φῶς
1089 1346 1197 1416 γὰρ
1223 1347 1404 1401 αὐτῶν
1428 1348 1527 1401 καὶ
1554 1348 1706 1412 δόξα
1731 1347 1875 1414 Θεός
1894 1363 1908 1378 ο

325 1436 685 1508 τελειοτέροις
745 1436 865 1506 μὲν,
912 1436 1029 1490 ἀνθ’
1067 1438 1243 1508 ἡλίου,
1279 1438 1647 1504 ὕποϐεὸηκόσι
1682 1439 1760 1503 δὲ,
1792 1439 1914 1493 ἀντὶ

328 1528 560 1599 σελήνης
593 1529 900 1599 γινόμενος,
941 1528 1219 1596 ἀναλόγως
1259 1528 1340 1599 τῷ
1382 1528 1589 1583 τούτων
1618 1526 1912 1600 χωρητικῷ

324 1619 426 1683 τὰς
462 1620 658 1673 ἑαυτοῦ
697 1620 875 1683 διδοὺς
923 1622 1172 1685 ἀκτῖνας,
1214 1621 1361 1693 ἔργῳ
1400 1622 1619 1695 πληρῶν
1649 1623 1773 1685 τοὺς
1803 1639 1909 1692 μα·-

2016 447 2263 493 ceautur.
2299 437 2439 492 Sunt
2461 451 2589 491 vero
2620 437 2807 497 etiam,
2861 436 2952 506 qui
2992 444 3268 489 murorum
3291 442 3595 501 portarunt-

2015 544 2114 602 qne
2149 530 2483 594 nominibus,
2516 530 2769 586 doctores
2792 527 3088 595 signiﬁcari
3113 526 3591 597 putent;quoruth‘

2018 623 2130 677 vita
2158 626 2213 677 et
2241 622 2514 687 doctrina,
2548 626 2808 690 tanquam
2842 635 3021 675 muro.
3045 619 3285 687 cingitur
3315 612 3588 681 Ecclesia:
3650 650 3659 661 κ

2018 716 2071 769 in
2108 730 2275 785 quam
2298 715 2462 769 etiam
2480 713 2807 769 accedentes
2828 712 3210 767 introducunt.
3244 704 3591 780 Sculptul'anl

2017 804 2215 859 deinde
2257 804 2498 871 dixisse;
2544 804 2692 874 quod
2735 818 2926 859 eorum
2957 803 3118 858 valde
3144 802 3215 856 sit
3238 799 3495 863 illustris,
3537 802 3592 854 et

2017 895 2085 949 ad
2111 896 2363 951 veritatis
2396 894 2768 950 defensionem
2794 896 3073 950 elaborata
3092 895 3295 949 oratio.
3313 891 3592 963 lutelli'gaé

2017 994 2108 1040 tur
2135 985 2389 1043 fortassis
2419 986 2487 1042 de
2515 987 2739 1043 Christo
2770 987 2959 1041 etiam.
2995 985 3153 1041 Patet
3195 987 3341 1040 enim
3384 1000 3483 1054 per
3511 986 3596 1052 ip-

2017 1092 2139 1132 sum
2181 1079 2248 1132 ad
2282 1078 2501 1132 Patrem
2552 1079 2769 1137 aditus:
2802 1078 2894 1148 qui
2929 1085 3013 1131 est
3046 1087 3099 1132 et
3129 1077 3431 1143 sculptura,
3468 1083 3594 1128 tau;

2015 1169 2394 1239 quam-forma,
2410 1179 2466 1225 et
2482 1171 2768 1226 character
2782 1184 2843 1225 su
2854 1173 3104 1226 bStantiae
3123 1170 3324 1234 Patris,
3340 1177 3394 1224 et
3407 1169 3594 1238 splen-

2015 1258 2117 1312 dor
2157 1258 2344 1328 gloria:
2378 1259 2552 1328 ipsius
2579 1259 2646 1311 ⁸⁸.
2685 1258 2789 1312 Sed
2823 1275 2917 1312 nec
2948 1258 3044 1311 tibi
3072 1259 3155 1312 sol
3190 1258 3419 1326 amplius
3450 1256 3591 1311 client

2013 1350 2281 1419 prwbebit,
2328 1351 2496 1422 696
2542 1367 2636 1405 nec
2679 1360 2829 1405 nocte
2857 1351 2984 1405 luna
3014 1352 3108 1405 tibi
3154 1351 3371 1406 lucebit.
3403 1350 3592 1421 Neque

2015 1442 2161 1497 enim
2193 1444 2248 1496 in
2283 1452 2453 1508 nocte,
2478 1445 2563 1499 vel
2605 1444 2739 1509 luce,
2768 1459 2890 1513 qua:
2914 1442 3175 1499 sensibus
3192 1444 3591 1513 percipiantur,

2017 1531 2055 1587 ii
2080 1534 2471 1599 versabuntur,
2504 1534 2595 1605 qui
2630 1536 2869 1591 recentis
2894 1535 2995 1590 αξνὶ
3034 1551 3263 1591 munere
3304 1530 3597 1589 donabuué

2016 1634 2150 1693 tur;
2190 1627 2274 1681 vel
2318 1628 2440 1697 ipso
2485 1635 2622 1683 teste
2673 1626 2982 1692 Salvatore,
3028 1629 3123 1698 qui
3156 1628 3327 1682 solem
3361 1627 3591 1681 obtene-I

325 1711 655 1783 καρισμοὺς,
685 1711 752 1763 δι’
775 1704 850 1764 ὧν
878 1708 1031 1764 εἶπεν
1050 1728 1064 1741 ·
1104 1714 1167 1765 Οἱ
1202 1713 1523 1776 πενθοῦντες
1560 1712 1914 1785 παρακληθή-

2018 1718 2234 1772 bratum
2276 1717 2384 1772 iri:
2413 1718 2504 1785 qui
2545 1718 2732 1771 lunam
2762 1719 3109 1788 splendorem
3143 1734 3304 1773 suum
3353 1733 3463 1772 non
3499 1716 3596 1771 das

327 1821 534 1870 σονται,
570 1805 666 1858 καὶ
695 1807 744 1859 οἱ
775 1805 1056 1871 κλαίοντες
1082 1806 1427 1876 γελάσονται.

2017 1816 2200 1862 turam
2235 1822 2360 1863 esse
2386 1807 2678 1863 aﬂirmavit
2704 1809 2769 1862 ⁸⁸.
2803 1808 2921 1863 Erit
2949 1810 3096 1863 enim
3140 1810 3233 1863 lux
3265 1809 3507 1871 illorum,
3545 1799 3595 1862 el

323 1898 539 1967 gloria,
583 1896 726 1950 Deus
756 1899 866 1961 ipse
904 1914 925 1953 :
955 1899 1381 1969 perfectiorihus
1435 1901 1656 1970 quidem
1716 1902 1836 1967 sol;
1886 1901 2242 1955 inferioribus
2284 1910 2467 1956 autem
2518 1902 2663 1957 lunae
2730 1903 2927 1968 instar,
2966 1911 3025 1957 ut
3058 1917 3157 1973 pro
3197 1901 3590 1973 excipientium

326 1988 545 2041 ratione
577 1988 761 2042 radios
787 2004 919 2045 suos
959 1989 1234 2055 etl‘undat;
1284 2006 1448 2062 opere
1482 1993 1744 2048 nimirum
1778 1994 1829 2049 id
1863 1993 2318 2065 prastans,quod
2355 1993 2725 2051 beatitudines
2752 1993 3025 2050 aﬁirmaut
3056 2013 3070 2051 :
3103 1995 3197 2050 ubi
3225 1996 3318 2066 qui
3349 1996 3595 2065 lugeant,-

327 2083 672 2140 consolatum
696 2083 801 2151 iri;
845 2092 906 2140 et
928 2086 1022 2156 qui
1050 2085 1238 2152 ﬂeant,
1273 2102 1397 2143 esse
1430 2088 1642 2146 risuros
1664 2088 1799 2146 dicit
1826 2090 1895 2143 ".v

417 2267 581 2320 Ὅθεν
629 2265 899 2337 ἐπιφέρει·
923 2265 1563 2337 Ἀναπληρωθήσονται
1605 2272 1666 2324 al
1708 2250 1922 2340 ἡμέραι

329 2359 440 2413 τοῦ
472 2357 734 2422 πένθους
760 2374 901 2423 σου,
926 2357 1105 2427 πάσης
1139 2358 1356 2422 ἀδικίας
1412 2361 1785 2433 ἀνῃρημένης.
1831 2361 1921 2424 Ὠς

323 2447 424 2503 οὖν
454 2449 844 2519 ἐκλελεγμένος
879 2450 1329 2519 κληρονομήσει
1361 2449 1475 2517 τὴν
1502 2452 1921 2521 ἐπηγγελμένην

324 2541 478 2612 αὐτῷ
515 2540 634 2611 γῆν
657 2542 757 2612 τὴν
794 2543 904 2603 τοῖς
918 2541 1146 2611 πραέσιν
1174 2540 1586 2613 ἐπηγγελμένην
1604 2541 1653 2608 ἀ,
1686 2544 1743 2593 ἐν
1828 2541 1921 2594 καὶ

325 2636 366 2703 ἠ
424 2633 574 2696 πόλις
621 2634 655 2702 ἡ
703 2633 1045 2703 ἐπουράνιος.
1104 2632 1361 2697 Τοιοῦτος
1409 2634 1465 2685 δέ
1512 2636 1545 2686 ό
1590 2634 1741 2699 λαός
1771 2649 1913 2702 μου,

328 2726 558 2793 βλαστὸς
583 2724 721 2795 ἐμῆς
748 2725 1014 2793 φυτείας.
1055 2742 1073 2775 ι
1110 2726 1267 2778 Πᾶσα
1317 2725 1426 2795 γὰρ
1474 2726 1694 2793 φυτεία,
1726 2726 1790 2797 ἥν
1818 2725 1917 2777 οὐκ

329 2818 625 2887 ἐφύτευσεν
664 2818 693 2869 ὁ
722 2817 912 2886 Πατήρ
945 2833 1047 2884 μου
1078 2817 1106 2869 ὁ
1134 2817 1405 2887 οὐράνιος,
1430 2816 1912 2887 ἐκριζωθήσεται.»

328 2912 514 2980 ’Ἔργα
534 2910 602 2963 δέ
630 2908 843 2977 χειρῶν
878 2907 1167 2977 ὑπάρχων
1202 2909 1392 2962 αὑτοῦ
1413 2944 1427 2973 ,
1473 2907 1921 2977 κληρονομήσει

326 3000 429 3071 τὴν
460 3002 586 3069 γῆν,
618 3000 708 3053 ὅτε
755 2999 850 3053 καὶ
881 3000 908 3051 ὁ
944 3001 1001 3052 ἐν
1032 2998 1110 3069 τῷ
1156 3000 1408 3067 παρόντι
1438 2998 1539 3069 βίῳ
1579 2999 1921 3068 ὀλιγοστὸς,

328 3096 418 3158 εἰς
441 3091 719 3161 χιλιάδας
745 3091 920 3159 ἔσται,
963 3091 1106 3144 κατὰ
1148 3091 1231 3157 τὸ,
1267 3107 1285 3141 t
1321 3091 1462 3144 Ἷσθι
1501 3092 1750 3159 ἐξουσίαν
1781 3090 1919 3162 ἔχων

330 3185 518 3239 ἐπάνω
543 3186 725 3247 πέντε,
754 3184 787 3255 ἢ
811 3184 943 3237 δέκα
973 3184 1202 3240 πόλεων.
1232 3201 1251 3235 ι
1282 3184 1462 3237 Οἰονεὶ
1484 3186 1664 3239 τοίνυν
1693 3161 1918 3254 χιλίὰρ-
1944 3161 1988 3221 C

327 3296 431 3349 χοι
454 3279 562 3331 τῶν
596 3277 920 3348 σωζομένων
956 3279 1303 3347 γενήσονται.
1376 3278 1486 3330 Καὶ
1518 3277 1547 3329 ὁ
1569 3276 1663 3328 νῦν
1691 3276 1750 3329 δὲ
1774 3275 1916 3330 ἐλά-

329 3389 565 3442 χιστος,
596 3377 684 3439 εἰς
705 3377 880 3439 ἔθνος
901 3374 1077 3443 μέγα.
1094 3371 1219 3437 Οἷος
1251 3376 1279 3427 ὁ
1298 3372 1512 3436 Παῦλος
1534 3373 1729 3441 λέγων·
1760 3372 1917 3443 Ἐμοὶ

329 3464 393 3517 δὲ
429 3464 506 3534 τῷ
537 3465 929 3536 ἐλαχιστοτέρῳ
984 3467 1203 3519 πάντων
1260 3464 1435 3533 ἁγίων
1487 3464 1708 3535 eadem
1756 3464 1917 3535 χάρις

331 3554 498 3627 αὕτη,
529 3555 586 3619 ὃς
616 3555 802 3618 ἔθνους
837 3555 993 3627 ἄρξει
1032 3565 1055 3595 ο
1081 3557 1341 3627 μεγίστου
1396 3556 1546 3626 παρὰ
1581 3554 1723 3625 Θεῷ.
1759 3555 1915 3620 Ἥξει

329 3647 412 3712 δὲ,
434 3647 620 3717 φησὶν,
654 3649 684 3700 ὁ
707 3647 921 3711 τούτοις
944 3650 1250 3719 ὡρισμένος
1286 3648 1600 3717 καιρὸς,ὂτε
1628 3648 1801 3701 ταῦτα
1829 3646 1917 3700 διὰ

330 3739 434 3809 τῆς
466 3741 600 3811 ἐμῆς
632 3739 785 3792 ἔσται
812 3739 1162 3809 Συναγωγῆς,
1200 3740 1288 3791 ὅτε
1316 3740 1443 3801 τοὺς
1478 3738 1746 3807 ἀγγέλους
1778 3737 1915 3790 ἀπο-

333 3832 534 3899 στελεῖ,
571 3832 667 3885 καὶ
696 3832 914 3896 συνάξει
957 3832 1085 3895 τοὺς
1122 3830 1309 3897 ἁγίους
1350 3828 1444 3883 ἀπ’
1470 3828 1658 3899 ἄκρων
1687 3830 1797 3881 τῶν
1825 3828 1915 3881 οὐ·

336 3923 535 3994 ρανῶν,
596 3923 725 3993 μίαν
766 3939 826 3975 τε
867 3924 930 3975 ἐκ
963 3922 1073 3975 τῶν
1113 3922 1207 3974 δύο
1253 3920 1398 3973 λαῶν
1443 3920 1915 3973 κατασκευάσεται

330 4016 511 4078 πόλιν,
565 4014 746 4067 ὁποῖόν
785 4016 902 4067 ἐστι
935 4012 1032 4077 τὸ,
1070 4013 1159 4066 ἴνα
1204 4031 1222 4063 ι
1262 4011 1488 4082 γένηται
1531 4011 1630 4082 μία
1662 3995 1864 4081 ποίμνη
1897 4050 1911 4073 ,

330 4101 416 4169 εἷς
447 4107 671 4176 ποιμήν.
722 4125 741 4158 ι
777 4105 933 4169 Τινές
954 4105 1009 4159 δὲ
1044 4105 1178 4175 πρὸς
1218 4105 1312 4157 τὸν
1351 4103 1523 4157 αἰῶνα
1552 4103 1643 4155 τὸν
1672 4107 1915 4173 παρόντα

330 4199 404 4251 τὰ
426 4199 552 4269 περὶ
600 4198 780 4265 ἡλίου
827 4198 920 4250 καὶ
965 4195 1238 4263 σελήνης
1270 4194 1543 4260 ἐξέλαϐον.
1589 4195 1651 4247 Εἰ
1688 4196 1797 4265 γὰρ
1821 4196 1916 4247 καὶ

334 4284 609 4355 ὑποχωρεῖ
639 4284 811 4352 ἥλιος
838 4284 935 4354 μὲν
951 4285 1020 4340 ἐν
1044 4284 1245 4352 νυκτὶ,
1266 4282 1500 4351 σελήνη
1526 4283 1582 4335 δὲ
1610 4283 1681 4336 ἑν
1700 4284 1912 4352 ἡμέρᾳ,

330 4377 447 4430 ἀλλ’
476 4374 569 4430 οὗν
600 4375 662 4430 τὸ
683 4374 828 4429 θεῖον
857 4376 952 4429 καὶ
975 4375 1165 4443 νοητὸν
1210 4374 1336 4444 φῶς
1363 4375 1390 4427 ὃ
1417 4376 1507 4429 διὰ
1528 4376 1623 4428 τοῦ
1654 4374 1910 4445 Πνεῦμα-

326 4486 423 4532 τος
456 4470 485 4521 ὀ
529 4469 720 4538 Σωτὴρ
774 4470 1003 4539 χορηγεί
1046 4471 1157 4532 τοῖς
1214 4466 1602 4531 πιστεύουσιν,
1648 4466 1914 4521 ἄσϐεστον
1942 4502 1991 4560 D

326 4560 503 4624 ἔσται,
528 4561 621 4614 καὶ
655 4559 831 4629 φωτὸς
852 4558 1063 4623 οὐδενὸς
1082 4558 1344 4630 αἰσθητοῦ
1366 4558 1502 4628 πρὸς
1521 4558 1611 4611 νοῦ
1632 4557 1913 4628 φωτισμὸν

325 4652 633 4706 ἔπιδέονται
662 4652 796 4722 πρὸς
824 4650 1026 4718 γνῶσιν
1064 4651 1224 4714 Θεοῦ,
1275 4651 1371 4704 καὶ
1400 4649 1751 4718 ἐπιτήδευσιν
1783 4651 1917 4722 ἀρε..

325 4744 458 4798 τῶν.
485 4743 575 4795 Διό
623 4758 788 4812 φησιν
813 4758 826 4772 ·
868 4761 887 4792 ι
910 4733 1050 4810 Ἐγώ
1076 4744 1191 4812 είμι
1239 4742 1299 4794 τὸ
1328 4740 1443 4809 φῶς
1469 4740 1562 4794 τοῦ
1593 4740 1820 4811 κόσμου.
1858 4739 1916 4794 '0

325 4834 640 4888 ἀκολουθῶν
683 4835 826 4904 ἐμοὶ,
881 4833 942 4885 οὐ
979 4832 1053 4903 μὴ
1113 4835 1465 4902 περιπατήσῃ
1506 4834 1564 4885 ἐν
1600 4834 1665 4901 τῇ
1698 4832 1913 4903 σκοτίᾳ,

327 4926 447 4979 ἀλλ’
470 4926 581 4992 ἕξει
600 4925 661 4978 τὸ
679 4923 794 4993 φῶς
809 4925 907 4995 τῆς
932 4925 1097 4995 ζωῆς.
1124 4945 1143 4977 ι
1161 4926 1234 4978 Τὸ
1259 4925 1336 4989 δὲ,
1360 4924 1469 5003 Ιςαὶ
1480 4923 1914 4990 ἀναπληρωθῆ-

325 5030 543 5071 σονται
569 5018 629 5070 αἱ
657 5014 871 5084 ἡμέραι
929 5014 1037 5068 τοῦ
1103 5016 1364 5078 πένθους
1405 5031 1546 5076 σου,
1584 5015 1772 5079 ἐπειδὴ
1802 5018 1915 5077 τοῖς

333 5108 433 5180 μὲν
471 5108 815 5179 ἁμαρτωλοῖς
843 5108 904 5159 τὸ
922 5107 1160 5176 κατηφὲς
1191 5110 1408 5171 οἰκεῖον,
1437 5105 1547 5172 πῦρ
1568 5105 1908 5173 προσδοκῶσι

400 5309 447 5343 ⁸⁸
477 5308 644 5365 Hebr.
678 5326 719 5374 ι,
761 5307 817 5362 '5.
903 5305 950 5337 "
1002 5304 1190 5359 Matth.
1233 5319 1381 5367 χειν,
1411 5302 1503 5374 29.

1600 5302 1644 5333 "
1672 5300 1863 5354 Matth.
1889 5316 1939 5361 v,
1965 5301 2038 5367 5;
2071 5297 2402 5360 Lutariﬂl.

2093 2270 2260 2326 Addit
2296 2269 2481 2340 itaque
2515 2287 2528 2325 :
2578 2250 2646 2322 Et
2683 2262 3087 2336 complebmitur
3115 2250 3229 2319 dies
3269 2263 3446 2317 luctus
3477 2262 3594 2326 tui;

2019 2363 2304 2427 nimirum,
2331 2378 2456 2416 cum
2489 2361 2654 2416 fuerit
2680 2361 2867 2416 omnis
2899 2358 3114 2414 sublata
3151 2352 3599 2426 iniquitas.'l‘an-

2018 2469 2182 2523 quam
2218 2456 2389 2526 igitur
2421 2455 2629 2509 electus
2660 2461 2863 2508 terram
2894 2449 3217 2519 possidebit,
3246 2463 3411 2518 quam
3445 2448 3594 2500 miti:

2018 2550 2124 2604 bus
2156 2557 2243 2603 est
2277 2546 2556 2617 pollicitus
2584 2563 2600 2612 ;
2636 2547 2693 2599 in
2728 2557 2834 2614 qua
2861 2551 2944 2597 est
2976 2542 3092 2611 ipsa
3133 2541 3373 2596 caelestis
3399 2540 3598 2595 civitas

2017 2641 2289 2696 collocata
2325 2638 2391 2692 ⁵⁸.
2427 2638 2579 2691 Talis
2626 2649 2760 2691 vero
2798 2633 3133 2702 est'populus
3176 2649 3344 2696 meus,
3381 2634 3595 2701 planta:

2015 2734 2174 2787 tionis
2212 2745 2347 2786 mea:
2364 2729 2642 2783 surculus.
2675 2745 2693 2778 ι
2729 2726 2922 2781 Omnis
2944 2727 3090 2780 enim
3123 2723 3592 2794 plantatio,quam

2016 2838 2123 2876 non
2160 2821 2421 2892 plantavit
2442 2819 2685 2874 cwlestis
2710 2816 2873 2872 Pater
2897 2831 3072 2882 meus,
3102 2814 3591 2868 eradicabitur”.i

2015 2915 2149 2966 Cum
2177 2923 2357 2966 autem
2384 2911 2455 2965 sit
2471 2925 2600 2978 opus
2627 2924 2880 2961 manuum
2896 2906 3033 2975 ejus,
3052 2900 3341 2972 possidebit
3364 2913 3595 2957 terram:

2018 3005 2236 3072 quando
2281 3004 2446 3057 etiam
2479 3002 2575 3071 qui
2622 3002 2676 3055 in
2711 3002 2814 3054 hac
2853 2999 2967 3052 vita
3016 3010 3219 3067 paucas
3271 2997 3502 3059 exsistit,
3539 2997 3595 3047 in

2021 3097 2195 3151 millia
2226 3096 2478 3151 abiturus
2507 3103 2594 3151 est
2618 3137 2632 3161 ,
2655 3093 2810 3162 juxta
2843 3089 3017 3146 illud:
3058 3088 3234 3153 «Esto
3269 3096 3597 3158 potestatem

2019 3189 2227 3243 habens
2256 3202 2420 3257 super
2438 3187 2702 3257 quinque,
2718 3184 2801 3239 vel
2824 3185 3007 3238 decem
3025 3181 3341 3237 ciritates“.
3372 3199 3391 3231 ι
3422 3181 3596 3234 Erunt

2019 3281 2185 3351 igitur
2221 3292 2436 3343 eorum,
2484 3278 2577 3349 qui
2618 3277 2853 3332 salutem
2898 3274 3077 3343 adepti
3127 3277 3277 3339 sunt,
3334 3278 3598 3342 tanquam

2018 3372 2189 3427 duces
2217 3370 2507 3424 millenarii
2540 3383 2558 3421 :
2612 3368 2720 3422 erit
2755 3367 2918 3422 etiam
2954 3366 3048 3436 qui
3082 3367 3185 3427 hoc
3216 3371 3465 3433 tempore
3495 3366 3599 3416 mi-

2018 3464 2193 3516 nimus
2226 3472 2327 3523 est,
2355 3462 2409 3515 in
2441 3470 2647 3531 gentem
2684 3474 2933 3528 magnam
2969 3457 3190 3527 :qualis
3220 3455 3424 3511 Paulus
3456 3455 3598 3525 ipse;

2017 3554 2112 3624 qui
2164 3552 2270 3609 sibi
2313 3552 2562 3606 omnium
2614 3559 2934 3606 sanctorum
2994 3550 3231 3603 minimo
3272 3562 3597 3603 concessam

2019 3646 2161 3698 hanc
2210 3659 2334 3698 esse
2375 3643 2609 3712 gratiam
2666 3641 2863 3696 scribit
2902 3641 2967 3701 ",
3003 3648 3061 3693 ut
3102 3641 3249 3709 genti
3285 3641 3536 3695 maxima:
3568 3653 3599 3693 ιι

2020 3736 2253 3790 Domino
2282 3741 2561 3805 praeesset.
2586 3731 2783 3787 Veniet
2805 3746 2957 3795 vero,
3001 3731 3215 3799 inquit,
3246 3730 3356 3784 illis
3380 3740 3593 3784 certum

2018 3833 2071 3882 et
2098 3825 2383 3879 deﬁnitum
2423 3832 2661 3892 tempus,
2693 3838 2805 3893 quo
2836 3825 2940 3897 ista
2984 3828 3079 3890 per
3115 3820 3595 3890 congregationem

2019 3930 2196 3974 meam
2235 3918 2387 3983 ﬁent,
2428 3926 2552 3971 eum
2604 3916 2864 3970 nimirum
2901 3913 3088 3969 missis
3134 3913 3342 3982 angelis
3375 3921 3601 3967 sanctos

2017 4019 2101 4067 est
2130 4016 2567 4079 congregatur-us
2608 4022 2637 4061 a
2677 4005 2990 4062 summitate
3020 4004 3503 4074 cmliuuuamque
3529 4017 3597 4057 ex

2018 4102 2232 4156 duobus
2264 4101 2482 4170 populis
2510 4100 2784 4154 civitatem
2825 4097 3181 4152 conlecturus
3212 4108 3234 4162 ;
3340 4105 3420 4161 ut,
3449 4098 3597 4165 quod

2017 4191 2282 4247 scribitur
2311 4209 2323 4244 :
2377 4208 2396 4241 ι
2429 4188 2611 4245 Unum
2650 4189 2742 4243 ﬁat
2773 4189 2943 4253 ovile,
2974 4195 3028 4243 et
3061 4201 3206 4241 unus
3237 4193 3427 4257 pastor
3467 4184 3535 4240 ⁸³.
3572 4188 3592 4238 ὁ

2021 4283 2159 4339 Sunt
2193 4298 2379 4354 porro,
2427 4283 2520 4353 qui
2555 4281 2622 4336 ad
2657 4296 2899 4352 praesens
2933 4280 3221 4344 Saeculum,
3251 4292 3374 4348 quae
3401 4278 3469 4332 de
3487 4278 3600 4331 sate

2018 4385 2072 4432 et
2094 4376 2224 4429 luna
2267 4379 2576 4446 usurpavit.
2618 4373 2813 4429 referri
2851 4373 3065 4426 volunt.
3108 4370 3221 4426 Etsi
3249 4370 3395 4424 enim
3434 4378 3489 4423 et
3516 4363 3599 4422 sol

2019 4470 2135 4538 ipse
2171 4457 2353 4531 noctu,
2384 4475 2435 4521 et
2474 4467 2602 4520 luna
2639 4466 2725 4520 die
2766 4466 2931 4520 etiam
2978 4464 3259 4526 deficiant,
3315 4469 3595 4533 nunquam

2014 4568 2197 4614 tamen
2221 4559 2463 4613 divinum
2476 4565 2531 4612 et
2551 4557 2896 4628 intelligibile
2916 4556 3094 4611 lumen
3112 4557 3245 4610 illud
3262 4557 3599 4611 exstinctum

2014 4649 2106 4712 iri,
2142 4648 2290 4719 quod
2340 4663 2436 4717 per
2477 4648 2744 4719 Spiritum
2781 4655 3035 4703 sanctum
3091 4649 3346 4701 Salvator
3379 4646 3498 4716 ipse
3531 4644 3597 4697 ﬁ-

2016 4742 2228 4797 delibus
2252 4740 2626 4811 suppeditabit
2650 4758 2664 4803 ;
2688 4754 2863 4810 neque
2888 4740 3135 4809 ipsorum
3155 4738 3436 4792 mentibus
3464 4746 3597 4790 seni

2018 4832 2192 4888 sibilis
2244 4830 2480 4899 alicujus
2525 4830 2750 4883 luminis
2798 4828 2866 4882 ad
2902 4828 2995 4883 Dei
3026 4828 3399 4898 cognitionem

2018 4920 2355 4989 virtutisque
2406 4919 2651 4973 studium
2697 4919 3065 4972 illustratione
3106 4932 3244 4986 opus
3293 4914 3430 4968 fore.
3475 4915 3603 4979 Qud

2022 5011 2229 5065 factum
2257 5017 2363 5075 est,
2397 5017 2457 5063 ut
2486 5025 2545 5064 se
2574 5010 2763 5062 mundi
2795 5010 2973 5064 lucem
3000 5010 3267 5064 exsistere
3291 5007 3357 5072 ⁸⁵,
3394 5006 3599 5075 quique

1996 5119 2078 5157 -se
2128 5109 2411 5174 sequatur,
2475 5103 2530 5154 in
2584 5101 2826 5156 tenebris
2880 5101 3106 5155 minime
3157 5098 3602 5160 ambulaturum;

2517 5297 2562 5329 ⁸⁸
2585 5298 2775 5352 Matth.
2800 5316 2854 5362 ν.
2899 5298 2985 5353 Η.
3101 5298 3146 5331 ⁸⁹
3165 5297 3352 5351 Matth.
3385 5308 3474 5361 xv,
3511 5296 3601 5352 l3.-

323 5381 372 5412 “
398 5379 532 5435 Luc.
562 5397 676 5443 xix,
705 5368 796 5435 19.
872 5376 914 5407 ⁸³
942 5377 1140 5446 Ephes.
1190 5389 1271 5437 ιιι,
1307 5376 1360 5426 8.
1438 5373 1482 5402 ⁸³
1502 5370 1690 5425 Matth.
1733 5390 1877 5442 xxlv,
1911 5375 1914 5423 ε

2036 5371 2245 5423 ⁶³.Ιοιιιι.
2283 5387 2332 5434 ιι,
2370 5369 2453 5422 Hi.
2530 5368 2750 5424 “Joan.
2794 5384 2911 5432 vm,
2946 5369 3033 5423 ιε.

1614 5525 1847 5580 νΑιιιΑε
1889 5525 2298 5583 LECTIONES.

428 5650 455 5693 δ
486 5665 591 5722 αφ.
618 5650 716 5720 τὴν
743 5646 1181 5721 ἐπη-γγιλμένην.
1270 5656 1292 5684 ε
1322 5661 1412 5715 γρ.
1435 5643 1508 5707 ὡς
1538 5643 1721 5707 ἔθνους
1748 5642 1950 5713 ἄρξειν.
