4000 6314
423 194 564 257 2639

1736 181 2084 242 PROCOPII
2136 180 2382 240 GAZA‘ZI

3561 179 3708 243 26i0

426 303 520 357 sed
567 301 690 354 vitae
734 299 920 355 lumen
973 315 1095 354 esse
1138 297 1454 352 habiturum
1490 295 1693 351 dixerit
1745 296 1811 346 “.
1852 292 2003 358 Quod

2115 290 2209 342 καὶ
2239 289 2450 355 σκότος,
2485 291 2534 343 oi
2563 290 2619 344 δὲ
2649 291 2847 346 δίκαιοι
2876 294 2943 362 τῇ
2998 290 3174 346 ἑλπίδι
3221 275 3477 364 χαίρουσι
3509 293 3572 347 τὸ
3595 294 3706 347 τῶν

425 394 620 449 deinde
651 393 963 460 comple:um
987 391 1056 443 iri
1081 388 1190 443 dies
1213 389 1387 442 luctus
1411 387 1521 456 ejus
1551 385 1750 455 adjccit
1773 385 1857 450 ;id
1882 382 2007 436 idco

2115 388 2403 458 ἁμαρτιῶν
2431 389 2760 461 ἀποθέμενοι
2781 390 3022 458 πένθος.

426 484 744 550 usurparit,
777 489 855 536 'ut
901 481 1182 552 propriam
1222 479 1606 548 peccatoribus
1654 492 1776 534 esse
1813 476 2001 532 vultus
2039 476 2432 537 dcmissionem
2457 489 2514 536 et
2546 483 3148 552 tristitiaminnueret;
3203 485 3298 555 qui
3330 485 3470 542 nihil
3529 485 3708 554 aliud,

423 591 588 649 quam
609 575 866 632 tenebras
899 575 1190 645 ignemque
1218 580 1542 644 exspectent
1579 572 1797 642 :justos
1820 579 2004 626 autem
2046 585 2144 640 spe
2177 573 2320 628 luctu
2355 583 2708 644 peccatorum
2743 577 3006 633 liberatos
3033 579 3235 648 gaudio
3249 580 3560 636 exsultare.

495 667 763 738 Sequitur
789 667 978 737 itaque
1010 685 1023 720 :
1061 666 1129 721 Et
1168 666 1268 720 erit
1297 665 1522 737 populus
1555 674 1676 718 tuus
1699 665 1880 734 justus
1903 679 2005 716 om-

426 762 535 817 nis.
565 761 678 815 Nos
705 761 854 816 enim
891 759 1150 816 Ecclesiae
1171 759 1427 828 populum
1453 773 1550 828 per
1583 758 1817 828 gratiam
1852 755 2016 811 Chri-

424 863 544 909 stus
573 855 688 924 ipse
708 853 1000 922 justi/ient,
1035 851 1193 922 cujus
1225 852 1326 921 ipsi
1353 865 1606 903 manuum
1630 848 1890 917 plantatio
1919 863 2016 902 su-

430 961 576 1006 mus.
613 961 755 1014 quos
785 944 839 998 in
889 943 1229 998 t‘rucliferam
1259 943 1461 998 olivam
1503 943 1719 998 iusserit
1746 943 1814 996 “.
1854 939 2013 995 Nunc

427 1040 592 1109 igitur
613 1038 670 1092 in
699 1037 906 1092 saeculo
937 1038 1043 1092 isto
1066 1037 1195 1092 latet
1226 1037 1440 1092 occulta
1465 1043 1786 1092 sanctorum
1807 1034 2004 1105 gloria,

424 1132 520 1186 sed
561 1131 618 1184 in
657 1128 848 1184 futuro
884 1129 999 1194 illo,
1033 1129 1126 1199 qui
1153 1128 1403 1182 minimus
1437 1136 1536 1190 est,
1571 1127 2004 1197 quamplurimis

329 1285 336 1293 ,
425 1223 794 1296 ρι’ίιιιὶςὶειυνε
829 1236 1004 1292 caque
1046 1221 1247 1276 ﬁducia
1289 1219 1632 1276 exsultantes
1676 1220 1770 1290 qui
1823 1219 2002 1275 sancti

427 1323 582 1379 sunt,
609 1313 901 1383 subjectos
935 1311 1038 1367 sibi
1075 1313 1333 1381 populos.
1360 1321 1663 1382 gentesque
1691 1310 1810 1365 suis
1840 1309 1998 1380 pedi-

423 1406 528 1462 bus
565 1420 690 1460 esse
727 1406 1040 1459 substratos
1073 1405 1126 1456 in
1157 1403 1393 1457 Psalmis
1445 1417 1555 1456 non
1588 1400 1845 1456 dubitant
1875 1402 1997 1473 glo-

425 1497 556 1551 riari
589 1497 654 1550 "'.
689 1495 808 1550 Fiet
837 1511 964 1550 vero
986 1504 1039 1550 et
1061 1495 1232 1559 istud,
1256 1511 1380 1549 cum
1408 1511 1494 1550 me
1515 1495 1658 1549 caelo
1687 1495 1998 1564 delapsum,

423 1590 626 1660 inquit,
657 1606 745 1644 eos
795 1603 1132 1658 congregare,
1171 1587 1415 1656 mihique
1447 1587 1500 1640 in
1549 1600 1842 1640 occursum
1882 1586 1998 1656 rapi

2188 665 2281 719 Διὸ
2322 668 2518 736 ἐπάγει
2541 685 2556 698 ·
2587 669 2796 722 Ἔσται
2820 672 2854 724 ὀ
2893 671 3042 738 λαός
3105 685 3222 725 σου
3277 669 3402 736 πᾶς
3445 672 3701 739 δίκαιος.

2117 757 2234 828 Τῆς
2259 757 2366 830 γὰρ
2422 759 2750 831 Ἐκκλησίας
2781 761 2888 815 τὸν
2913 763 3072 818 λαὸν
3116 764 3356 835 Χριστὸς
3384 764 3620 819 δικαιοῖ
3638 769 3704 837 τῇ

2115 849 2321 918 χάριτι,
2353 845 2415 902 οὗ
2462 852 2738 922 φύτευμὰ
2774 853 2942 923 ἐσμεν
2991 853 3114 909 τῶν
3149 857 3372 926 χειρῶν
3410 859 3704 929 tramae?!-

2117 954 2308 1002 σαντος
2359 941 2510 1012 ἡμᾶς
2553 943 2636 1004 είς
2677 943 2779 1012 τὴν
2828 943 3190 998 καλλιέλαιον.
3227 947 3338 1000 Νῦν
3384 948 3486 1017 μὲν
3517 945 3615 1002 οὖν
3647 951 3705 1002 ἐν

2111 1028 2190 1100 τῷ
2215 1029 2372 1084 αἰῶνι
2405 1031 2581 1102 τούτῳ
2611 1033 2919 1106 κέκρυπται
2946 1036 3055 1089 τῶν
3085 1037 3257 1102 ἁγίων
3295 1039 3333 1105 ἡ
3362 1038 3540 1106 δόξα,
3564 1042 3624 1093 ὲν
3646 1040 3704 1093 δὲ

2103 1120 2182 1191 τῷ
2212 1121 2464 1190 μέλλοντι
2502 1127 2536 1179 ὀ
2558 1124 2893 1196 ἐλάχιστος
2923 1127 3193 1182 πλείστων
3221 1132 3514 1200 ἡγήσεται,
3546 1132 3634 1202 ἐφ’

2101 1216 2384 1288 χαίροντες
2405 1220 2456 1272 oi
2480 1220 2628 1288 ἆγιοί
2647 1239 2814 1290 φασιν
2834 1239 2845 1255 ·
2863 1240 2884 1274 r
2905 1222 3206 1291 Ὑπέταξεν
3233 1223 3396 1290 λαοὺς
3421 1227 3579 1296 ἡμῖν,
3604 1229 3721 1280 ual’

2099 1305 2228 1376 ἔθνη
2260 1307 2366 1362 ὑπὸ
2393 1309 2520 1372 τοὺς
2544 1310 2710 1375 πόδας
2727 1312 2905 1382 ἡμῶν.
2934 1313 3166 1368 »Ἔσται
3192 1313 3250 1368 δὲ
3277 1315 3463 1380 τὀῦτο,
3485 1317 3576 1369 ὅτε
3597 1317 3699 1370 καί

2099 1402 2352 1469 συνάξω
2385 1406 2635 1473 αὐτοὺς,
2657 1408 2717 1472 ἐξ
2738 1408 2973 1479 οὐρανοῦ
3000 1409 3267 1475 καταϐὰς,
3286 1411 3380 1464 καὶ
3398 1412 3658 1481 ἀρπασθή
3673 1439 3695 1450 ο

2106 1511 2290 1550 σονται
2333 1497 2392 1550 ἑν
2435 1498 2692 1566 νεφέλαις
2714 1499 2793 1564 εἰς
2825 1501 3130 1572 ἀπάντησίν
3164 1519 3288 1573 μου.
3331 1503 3491 1566 Τινὲς
3522 1503 3580 1556 δὲ
3605 1504 3697 1558 οῦ-

2106 1604 2214 1652 τως
2264 1588 2576 1656 ἀπέδωκαν,
2626 1591 2704 1654 ὡς
2755 1594 3109 1664 παυσάμενος
3160 1595 3416 1660 ἀσεϐείας
3467 1597 3569 1651 οὐκ
3612 1598 3694 1650 ἔτι

421 1683 741 1753 contigerit.
776 1680 893 1736 bon
925 1683 1127 1736 desunt
1159 1691 1364 1744 tamen,
1397 1678 1489 1747 qui
1535 1679 1640 1734 ista
1693 1678 1995 1747 explicent,

2101 1679 2529 1748 προηγουμένως
2569 1681 2726 1749 ἡλίῳ
2771 1681 2873 1734 καί
2914 1683 3157 1752 σελήνῃ
3196 1683 3390 1756 λογίσῃ
3425 1685 3495 1740 τὸ
3536 1685 3686 1756 φῶς,

421 1790 487 1830 ac
517 1775 562 1832 si
599 1773 847 1843 deposita
873 1773 1154 1844 impietate
1193 1786 1302 1825 non
1343 1771 1446 1824 soli
1475 1770 1732 1840 amplius,
1757 1779 1808 1823 et
1835 1769 1996 1833 (una,

422 1870 590 1923 lucem
622 1868 797 1937 ipsam
845 1865 1224 1937 principaliter
1252 1862 1538 1927 attribuat,
1572 1861 1663 1932 qui
1701 1861 1997 1932 fulgentem

351 2001 360 2008 .
420 1960 544 2030 ejus
574 1961 864 2014 Veritatem
893 1958 1113 2012 habeat.
1159 1953 1390 2010 Sedabit
1421 1952 1623 2008 deinde
1650 1955 1850 2006 luctum
1906 1966 1997 2006 ca-

426 2049 850 2118 ptivrtatistum,
889 2047 936 2101 si
987 2056 1183 2100 terram
1229 2053 1374 2098 tuam
1438 2043 1691 2110 recipias.
1733 2041 2000 2096 Convenit

422 2155 554 2196 vero
575 2155 694 2199 eos.
733 2150 996 2206 tanquam
1037 2134 1356 2204 quiplantis
1391 2138 1817 2199 comparantur,
1867 2129 1999 2184 fru-

421 2243 546 2287 ctus
575 2227 792 2285 debitos
821 2225 1007 2282 cdere.
1035 2223 1131 2278 Est
1154 2223 1298 2278 enim
1332 2221 1476 2275 Deus
1509 2221 1602 2290 qui
1631 2221 1912 2290 plantavit,
1945 2227 1999 2274 et

421 2325 514 2396 qui
545 2336 734 2377 curam
760 2319 926 2374 habet
950 2356 966 2381 ,
993 2317 1198 2388 quique
1232 2328 1319 2380 ea,
1347 2328 1468 2382 qua:
1502 2312 1570 2366 ad
1594 2327 1748 2367 suam
1771 2313 1999 2382 gloriam

2097 1769 2236 1823 ἀλλά
2294 1770 2374 1841 τῷ
2434 1771 2641 1828 τούτων
2687 1775 3040 1846 Δημιουργῷ.
3101 1777 3496 1847 ἐπιλάμψασαν
3550 1779 3693 1848 ἔχων

2097 1861 2264 1916 αὐτοῦ
2290 1864 2390 1934 τὴν
2420 1864 2694 1934 ἀλήθειαν.
2720 1866 2828 1918 Kal
2853 1867 3122 1920 παύσεταί
3153 1885 3248 1920 σου
3278 1869 3380 1938 τῆς
3405 1870 3690 1939 αἰχμαλωο

2099 1951 2220 2015 σίας
2253 1952 2321 2006 τὸ
2353 1951 2578 2019 πένθος
2615 1953 2986 2018 ἀπολαϐόντος
3020 1955 3138 2022 τὴν
3167 1953 3286 2024 γῆν
3313 1972 3458 2010 σου.
3506 1957 3598 2019 Ὠς
3634 1957 3693 2011 δὲ

2100 2041 2315 2111 φυτοῖς
2350 2043 2869 2114 παραϐαλλομένους
2900 2045 3178 2116 προσῆκόν
3203 2047 3320 2099 ἐστι
3349 2046 3444 2099 τὸν
3474 2047 3688 2116 ὀφειλό·

2101 2149 2260 2202 μενον
2279 2134 2488 2205 καρπὸν
2510 2134 2836 2190 ἀποδιδόναι.
2866 2137 2999 2202 Θεὸς
3026 2137 3137 2206 γὰρ
3163 2140 3197 2191 ό
3217 2140 3557 2206 φυτεύσας,
3593 2141 3686 2192 καὶ

2097 2222 2338 2294 δηλονότι
2381 2226 2832 2296 ἐπιμελούμενος,
2871 2227 3030 2282 ἀτινα
3059 2231 3149 2294 εις
3169 2227 3362 2293 δόξαν
3383 2229 3523 2282 Θεοῦ
3555 2247 3684 2284 συν-

2097 2319 2286 2372 τείνει.
2320 2321 2417 2383 Ὂς
2451 2321 2545 2373 καὶ
2581 2321 2840 2391 προλέγει
2881 2321 3063 2376 αὐτῶν
3090 2323 3193 2392 τὴν
3221 2323 3304 2386 είς
3329 2321 3534 2394 πλῆθος
3561 2325 3684 2375 ἐπί-

337 3905 353 3916 ·
423 3865 570 3934 esse,
609 3869 900 3939 eosquein
926 3877 1171 3936 tempore
1198 3873 1662 3936 congregaturum
1689 3865 1999 3934 adjecerat;

423 2414 766 2478 conducunt,
796 2417 956 2468 curat
985 2409 1112 2480 :qui
1135 2407 1356 2463 illorum
1381 2406 1621 2475 denique
1655 2405 1710 2458 in
1747 2407 2000 2458 multitu-

423 2507 608 2562 dinem
651 2501 984 2575 prolectum,
1030 2501 1214 2570 seipso
1255 2506 1624 2568 congregante,
1667 2504 1724 2551 et
1767 2511 1864 2550 eos
1904 2497 1998 2566 qui

423 2599 578 2668 pauci
607 2605 761 2664 sunt,
797 2595 851 2650 in
885 2599 1102 2666 gentem
1147 2605 1400 2662 magnam
1449 2600 1808 2661 pr0pagaute,
1863 2603 2001 2658 pne-

421 2695 575 2748 dicit.

2098 2409 2246 2464 δοσιν
2271 2409 2368 2464 τοῦ
2402 2410 2540 2465 Θεοῦ
2579 2413 2979 2482 συνάγοντος,
3017 2413 3257 2478 καὶτοὺς
3286 2415 3536 2485 ὀλίγους
3563 2431 3684 2470 ποι-

2098 2502 2287 2568 οῦντος
2327 2503 2576 2567 πελλούς.

1039 2775 1192 2833 CAP.
1246 2771 1379 2830 LXI.

2687 2771 2937 2824 ΚΕΦΔΛ.
2964 2770 3084 2824 ΞΝ.

490 2872 659 2945 698
690 2869 851 2926 Vens.
891 2867 1041 2924 1-10.
1073 2866 1305 2937 Spiritus
1340 2866 1555 2921 Domini
1593 2881 1752 2936 super
1779 2881 1880 2932 me,
1905 2881 1996 2918 cu-

2167 2867 2292 2915 a-t'.
2319 2861 2562 2930 Πνεῦμα
2585 2865 2806 2930 Κυρίου
2837 2864 2929 2916 ἐπ’
2950 2865 3077 2932 ἐμὲ.
3107 2859 3178 2920 οὗ
3199 2865 3436 2920 εἵνεκεν
3476 2866 3688 2936 ἐχρισὲ

413 2967 506 3036 jus
558 2965 738 3036 ’gratia
791 2962 944 3016 unxit
1001 2975 1082 3014 me
1138 2957 1397 3013 Dominus
1415 2965 1514 3022 ;ut
1578 2955 1997 3026 euangelizarent

2099 2970 2174 3022 με
2201 2995 2215 3016 ,
2274 2953 2790 3021 εὐαγγελίσασθαι
2858 2955 3120 3023 πτωχοῖς
3175 2955 3530 3030 ἀπέσταλκά
3585 2975 3683 3026 με.

561 3016 604 3036 ..κ
1415 3016 1427 3022 -
1710 3016 1733 3026 -

423 3057 742 3126 pauperibus
774 3055 916 3108 misit
963 3067 1078 3118 me;
1112 3061 1167 3104 ut
1211 3065 1457 3106 sanarent
1500 3051 1758 3104 contritas
1803 3049 1998 3114 corde;

2099 3016 2406 3100 ldoaoﬂat
2432 3016 2444 3021 ⁷
2477 3045 2620 3112 τοὺς
2685 3016 3234 3114 συντετριμμένους
3317 3046 3398 3115 τῇ
3473 3016 3687 3116 καρὸιά

423 3165 480 3204 ut
509 3150 882 3202 annuntiat-em
907 3145 1128 3215 captivis
1158 3143 1540 3208 remissionem,
1574 3151 1624 3196 et
1669 3143 1822 3197 cwcis
1857 3143 1999 3197 visus

2103 3136 2360 3204 κηρύξαι
2391 3135 2794 3205 αἰχμαλώτοις
2831 3135 3088 3204 ἄφεσιν,
3127 3136 3226 3190 καὶ
3259 3137 3514 3206 τυφλοῖς
3543 3139 3691 3193 ἀνά-

423 3241 908 3302 instuurationem;
956 3247 1008 3290 ut
1060 3235 1450 3304 proclamarem
1495 3250 1695 3289 annum
1767 3233 1998 3288 Domino

2103 3230 2342 3296 ϐλεψιν,
2399 3227 2655 3282 καλέσαι
2719 3228 3000 3282 ἐνιαυτὸν
3043 3230 3266 3295 Κιῳίου
3313 3229 3551 3298 δεκτόν,
3587 3233 3686 3286 καί

423 3329 818 3399 acccptabilem,
849 3338 899 3380 et
932 3327 1072 3381 diem
1114 3326 1478 3378 retributionis
1521 3323 1631 3379 Deo
1681 3333 1898 3391 nostro;
1943 3334 2000 3378 ut

2099 3317 2329 3387 ἡμέραν
2349 3317 2829 3384 ἀνταποδόσεως,
2855 3319 3269 3386 παρακαλέσαι
3290 3321 3525 3390 πάντας
3547 3324 3690 3391 τοὺς

423 3420 730 3474 consolarer
767 3432 942 3470 omnes
977 3415 1250 3486 lugentes;
1276 3425 1332 3468 ut
1367 3415 1524 3468 detur
1545 3415 1842 3484 lugentibus
1870 3415 2002 3473 Sion

2103 3411 2501 3476 πενθοῦντας,
2535 3407 2786 3476 δοθῆναι
2833 3411 2958 3476 τοῖς
2994 3413 3287 3468 πενθοῦσι
3320 3415 3476 3468 Σιὼν
3502 3415 3690 3480 δόξαν

2101 3501 2238 3556 ἀντὶ
2279 3499 2519 3554 σποδοῦ
2542 3541 2557 3566 ,
2617 3500 2879 3570 ἄλειμμα
2938 3503 3320 3571 εὐφροσύνης
3371 3505 3500 3572 τοῖς
3548 3523 3688 3560 πεν-

2103 3592 2298 3658 θοῦσι,
2333 3591 2726 3660 καταστολὴν
2768 3592 2958 3660 δόξης
2991 3593 3128 3648 ἀντὶ
3168 3595 3516 3665 πνεύματος
3541 3597 3682 3665 drm-

2103 3680 2258 3746 δίας,
2291 3697 2348 3734 κ.
2388 3698 2438 3735 τ.
2465 3680 2515 3735 λ.
3622 3723 3631 3731 .

2188 3769 2246 3822 '0
2285 3773 2402 3834 ταῖς
2421 3771 2810 3840 εὐαγγελικαῖς
2858 3773 3218 3843 ἀπαγγελίαις
3261 3775 3690 3846 ἑπειπὼν,’βγὼ

2105 3861 2311 3933 Κύριος
2330 3863 2470 3918 κατά
2492 3864 2682 3935 καιρὸν
2704 3864 2919 3930 συνάξω
2940 3867 3160 3932 αὐτοὺς,
3179 3867 3274 3920 νῦν
3290 3869 3452 3937 παρὰ
3469 3873 3690 3938 Kvpt'ov

429 3975 573 4015 nunc
601 3959 720 4030 ejus
751 3973 805 4010 se
833 3957 908 4010 rei
933 3955 1111 4026 gratia
1135 3973 1167 4009 a
1193 3955 1418 4009 Domino
1447 3953 1620 4025 699
1646 3963 1863 4008 unctum
1892 3969 2003 4009 esse

2105 3956 2324 4012 τούτου
2363 3955 2541 4026 χάριν
2599 3958 2916 4026 κεκρίσθαι
2958 3961 3094 4027 φησι
3127 3997 3143 4022 ,
3195 3958 3296 4012 τοῦ
3360 3965 3694 4030 συναγαγεῖν

427 4054 723 4124 signiﬁcat.
756 4049 853 4106 Est
893 4063 1059 4125 porro
1085 4048 1184 4102 tibi
1233 4040 1813 4112 animadvertendum,
1857 4046 2003 4115 quod

2107 4049 2304 4110 αὐτοὺς
2338 4047 2601 4117 δηλονότι.
2654 4050 2765 4103 Καὶ
2809 4051 2913 4120 ὅρα
2951 4052 3171 4118 Κύριον
3197 4051 3318 4106 ὑπὸ
3358 4054 3585 4121 Κυρίου
3612 4053 3694 4119 τῷ

426 4144 713 4200 Dominum
738 4159 773 4197 a
801 4141 1026 4196 Domino
1056 4139 1261 4212 Spiritu
1288 4147 1471 4194 sancto
1495 4148 1709 4193 unctum
1732 4155 1843 4194 esse
1863 4138 2003 4194 afﬁr-

2107 4140 2254 4211 ἀγίῳ
2298 4141 2617 4210 χριόμενον
2649 4142 2978 4212 Πνεύματι,
3007 4142 3084 4208 ὡς
3125 4145 3184 4196 ὲν
3223 4145 3416 4214 Τριάδι
3454 4146 3692 4200 νοεῖσθαι

427 4245 574 4302 mat,
602 4249 659 4291 ut
685 4237 741 4290 in
773 4233 1046 4288 Trinitate
1076 4233 1340 4288 Deitatem
1368 4246 1661 4303 agnoscas.
1692 4231 1830 4287 Cum
1858 4233 2003 4286 enim

2108 4233 2169 4286 τὸ
2186 4233 2360 4286 Θεῖον.
2379 4235 2592 4302 Κύριος
2623 4233 2734 4305 γὰρ
2753 4232 2831 4287 ὢν
2854 4234 2948 4287 καὶ
2977 4234 3110 4298 Θεὸς
3137 4235 3322 4305 φύσει,
3353 4238 3571 4292 κατὰτὸ
3594 4240 3690 4292 ἀν-

428 4339 624 4385 initura
660 4327 919 4382 Dominus
946 4335 1004 4380 ct
1038 4325 1181 4382 Deus
1227 4325 1322 4386 sit,
1374 4325 1742 4380 humanitatis
1789 4324 2003 4378 ratione

2109 4309 2384 4394 θρωπινον
2430 4322 2536 4376 ὑπὸ
2578 4322 2676 4376 τοῦ
2717 4324 2961 4395 Πατέρος
2991 4323 3073 4390 τῷ
3099 4327 3401 4396 Πνεύματι
3441 4329 3689 4396 χρίεται.

429 4421 632 4490 Spiritu
682 4435 713 4474 a
752 4417 914 4473 Patre
953 4417 1248 4486 inungitur.
1291 4415 1412 4470 Non
1460 4423 1547 4471 est
1604 4416 1771 4486 igitur
1839 4415 2003 4470 hoino

2113 4415 2239 4471 061‘
2263 4411 2357 4472 οὖν
2376 4415 2531 4486 ψιλὸς
2553 4415 2834 4487 ἄνθρωπος
2855 4456 2871 4482 ,
2898 4417 3012 4487 εἴγε
3033 4419 3255 4490 Κύριος,
3283 4418 3409 4474 οὔτε
3431 4421 3690 4489 ἄσαρκος,

430 4522 662 4574 tantum,
691 4510 737 4564 si
769 4508 1061 4573 Dominus;
1095 4522 1195 4562 nec
1225 4520 1394 4562 carne
1417 4505 1738 4572 destitutus,
1769 4507 1816 4562 si
1851 4507 2003 4578 ungi-

2114 4509 2229 4578 εῐγε
2263 4510 2511 4578 χρίεται,
2569 4507 2704 4571 Θεὸς
2750 4507 2806 4562 δὲ
2859 4509 2954 4563 καὶ
3002 4508 3293 4578 ἅνθρωπος
3337 4515 3366 4566 ὁ
3406 4512 3593 4580 αὐτὸς,
3631 4515 3690 4568 οὗ

436 4617 537 4665 tur,
573 4603 667 4656 scd
705 4599 847 4654 idem
887 4600 1029 4654 Deus
1085 4606 1140 4653 et
1183 4597 1386 4665 homo;
1429 4610 1537 4651 non
1585 4598 1775 4653 eadem
1823 4607 2003 4652 tamen

2115 4599 2260 4656 κατά
2293 4600 2519 4654 ταύτόνο
2563 4601 2640 4662 ὡς
2662 4601 2729 4654 ἑκ
2759 4599 2924 4654 Δαϐὶδ
2939 4595 3033 4655 οὖν
3059 4602 3323 4672 ὑπάρχων
3341 4643 3356 4668 ,
3380 4606 3694 4672 κεκρίσθαι

432 4697 666 4752 ratione.
702 4691 825 4758 Quo
879 4692 938 4746 lit
975 4699 1054 4756 ut,
1088 4699 1350 4760 tanquam
1385 4705 1450 4744 cx
1497 4688 1698 4745 Davide
1735 4691 1830 4751 sit,
1882 4691 2003 4760 ungi

2116 4691 2361 4760 λέγεται.
2405 4691 2518 4745 Kal
2541 4691 2643 4762 ἤδη
2674 4691 2786 4762 γάρ
2821 4690 2975 4746 εἶπεν
3006 4692 3100 4745 ἐπὶ
3124 4693 3220 4746 τὸν
3257 4695 3323 4747 ὲκ
3369 4693 3528 4764 ῥίζης
3561 4696 3694 4748 Ἰεσ-

431 4789 673 4843 dicatur.
699 4782 820 4839 Jan:
857 4767 1003 4837 enim
1037 4789 1093 4838 et
1117 4789 1282 4836 antea
1322 4796 1489 4852 super
1525 4797 1672 4844 cum,
1702 4781 1795 4850 qui
1825 4781 1892 4834 de
1927 4796 2003 4834 ra-

2111 4782 2225 4847 σαὶ,
2253 4781 2497 4853 δηλονότι
2527 4782 2786 4852 Χριστὸν,
2819 4781 3317 4836 ὲπαναπεπαῦσοαι
3345 4783 3410 4836 τὸ
3441 4783 3690 4853 Πνεῦμα.

433 4883 558 4938 dice
611 4877 770 4934 Jesse
827 4876 1122 4948 prodiisset
1150 4875 1217 4940 ⁸⁸,
1269 4874 1322 4929 id
1369 4881 1454 4929 est
1491 4889 1660 4943 super
1703 4871 2003 4936 Christum,

2110 4874 2186 4926 οὐ
2220 4873 2328 4944 γάρ
2373 4874 2572 4944 ἐρρέθη
2621 4873 2907 4944 χρίσματι
2937 4875 3254 4943 κεκρίσθαι
3293 4877 3407 4938 τοῖς
3443 4875 3694 4937 παλαιοῖς

423 3513 596 3583 gloria
629 3527 722 3579 pro
747 3509 958 3573 cinere;
987 3509 1167 3560 unctio
1197 3506 1404 3562 latitia:
1430 3507 1747 3578 lugentibus,
1774 3510 2000 3564 amictus

423 3605 610 3676 gloria:
641 3617 736 3670 pro
759 3601 952 3668 spiritu
980 3599 1241 3663 mmroris,
1269 3608 1378 3652 ctc.

494 3778 599 3846 Qui
646 3777 713 3832 ad
763 3775 1164 3847 promissioues
1221 3775 1566 3846 cvangelicas
1613 3773 1902 3831 Dominum
1945 3790 2004 3830 se

437 4973 703 5046 Spiritum
739 4969 953 5025 Domini
993 4967 1370 5039 requieturum
1405 4967 1640 5022 dixerat.
1692 4963 1812 5019 Non
1865 4966 2003 5019 enim

2110 4965 2334 5034 ὁμοίως.
2379 4965 2450 5017 Ἥ
2482 4965 2592 5036 γὰρ
2623 4965 2689 5019 ἂν
2738 4965 2892 5019 οὐδὲν
2953 4960 3102 5035 εἷχε-ι
3149 4965 3449 5036 ἐξαίρετον.
3502 4967 3694 5021 Καίτοι

435 5067 600 5124 simili
633 5079 759 5121 cum
801 5062 1081 5118 veteribus
1125 5061 1340 5116 ratione
1373 5057 1619 5112 unctione
1664 5067 1850 5116 unctus
1900 5073 2003 5111 esse

2112 5054 2277 5110 Aa6l8
2315 5055 2593 5120 εἰπόντος·
2636 5075 2656 5108 ι
2686 5057 2788 5112 Διά
2829 5057 2989 5112 τοῦτο
3039 5057 3259 5128 ἔχρισέν
3306 5075 3368 5111 σε
3409 5059 3438 5112 ὁ
3476 5056 3631 5124 Θεὸς,
3666 5062 3694 5112 ὁ

435 5160 642 5214 dicitur
675 5175 691 5212 :
725 5154 932 5223 alioqui
962 5151 1100 5206 nihil
1134 5159 1332 5221 praeter
1359 5157 1590 5203 ceteros
1621 5147 1850 5202 haberet
1894 5147 2012 5201 exi-

437 5250 826 5316 ItiDtﬂ;-t|tletll
855 5258 1032 5297 tanu-n
1061 5241 1280 5294 Doridis
1297 5240 1652 5296 testimonio:
1689 5256 1709 5289 ι
1751 5235 2010 5307 Propter-

436 5357 497 5392 cu
529 5339 688 5392 unxit
715 5345 770 5391 te
815 5335 979 5399 Deus,
1014 5335 1158 5388 Deus
1189 5333 1470 5397 tuns,cleo
1493 5328 1688 5384 laetitiae
1723 5342 1837 5398 pra:
1874 5343 2010 5382 cou-

439 5431 682 5484 snrtibus
731 5425 842 5480 tuis
872 5427 937 5478 “.
983 5443 1001 5476 ι
1045 5421 1268 5484 Deinde,
1289 5431 1549 5488 tauquam
1578 5418 1694 5488 iam
1728 5419 1889 5472 homo
1917 5419 2025 5484 sit;

508 5606 555 5641 ⁸⁵
582 5603 741 5658 Joau.
784 5618 899 5666 nn,
938 5602 1024 5655 1‘3.
1064 5600 1107 5630 ⁶⁶
1137 5599 1297 5653 ηοω.
1327 5613 1402 5665 ιι,
1437 5597 1526 5652 3-...

2111 5147 2244 5212 Θεός
2287 5165 2408 5215 σου,
2428 5147 2607 5203 ἔλαιον
2653 5149 3028 5217 ἀγαλλιάσεως
3062 5149 3217 5222 παρά
3253 5151 3380 5213 τοὺς
3433 5150 3694 5221 μετόχους

2119 5254 2234 5292 σου.
2267 5256 2286 5290 ι
2333 5237 2422 5302 ’ος
2470 5238 2526 5291 δὲ
2559 5239 2658 5311 ἤδη
2708 5239 3000 5309 γενόμενος
3055 5238 3344 5312 ἄνθρωπός
3379 5257 3567 5308 φησιν,
3623 5236 3694 5295 οὗ

2119 5329 2354 5382 εἵνεκεν
2378 5329 2626 5398 ἔχρισέν
2647 5349 2745 5399 με.
2780 5332 2890 5385 Kal
2915 5330 3014 5400 τὴν
3036 5332 3216 5387 αίτίαν
3253 5333 3558 5398 ἐπήγαγεν.
3591 5333 3695 5384 Καὶ

2137 5424 2400 5490 προεῖπεν
2436 5420 2492 5473 δὲ
2539 5422 2740 5491 φήσας,
2797 5422 2953 5475 Κατά
2992 5423 3180 5491 καιρὸν
3230 5423 3444 5487 συνάξω
3477 5424 3690 5477 αὐτούς.

1603 5597 1644 5628 ⁸⁸
1677 5595 1822 5652 i'sal.
1857 5611 2047 5658 xum,
2086 5593 2172 5648 £5.
2249 5596 2291 5627 “
2323 5595 2430 5651 lsa.
2469 5613 2544 5656 xi.
2583 5599 2628 5650 l.
2707 5597 2752 5629 “
2777 5597 2921 5654 Psal.
2969 5612 3113 5662 utr,
3144 5597 3198 5650 8.
