4000 6314
238 380 390 446 ’2611

1416 385 1951 448 COMMENTARII
1988 342 2069 447 iN
2111 388 2395 450 ISAIAM.

3381 385 3528 447 264?.

260 489 355 552 Ὣς
403 491 501 560 μὲν
533 484 626 543 οὖν
670 489 805 552 Θεὸς
852 492 1078 561 χορηγεῖ
1127 491 1194 545 τὸ
1245 491 1490 562 Πνεῦμα
1534 497 1600 564 τῇ
1642 495 1838 559 κτίσει,

1951 496 2098 565 cujus
2120 497 2300 566 gratia
2328 496 2481 550 unxit
2506 511 2607 559 me,
2638 493 2858 565 adjecit,
2892 502 2950 563 ut
2975 507 3197 550 causam
3227 506 3336 548 non
3365 492 3529 547 omit-

251 578 332 641 ὥς
365 578 423 634 δὲ
462 578 751 650 ἄνθρωπος
782 577 1018 648 δέχεται.
1066 580 1154 632 Διὸ
1180 619 1194 642 ,
1242 580 1384 634 κατά
1408 583 1644 647 Λουκᾶν,
1675 582 1749 645 ὼς
1781 586 1838 638 ὲν

254 670 515 742 Ναζαρὲθ
548 671 842 741 γενόμενος
874 671 1122 740 εἰσῆλθεν
1147 675 1227 736 εἰς
1247 673 1347 745 τὴν
1371 673 1721 749 Συναγωγὴν,
1744 674 1840 729 καὶ

253 762 351 815 τὸν
398 761 626 815 Ἡσαΐαν
667 760 884 828 ἀνοίξας
933 756 1061 835 εὗρε
1101 765 1253 817 τουτὶ
1285 764 1347 817 τὸ
1393 764 1591 837 ῥητὸν,
1633 765 1842 831 πτύξας

259 852 369 924 ἔφη
393 870 407 884 ο
434 854 683 923 Σήμερον
716 853 749 924 ἠ
784 853 977 923 Γραφὴ
1000 852 1139 923 αὕτη
1158 854 1540 927 πεπλήρωται.
1571 858 1710 911 Κατ’
1740 857 1842 910 αὑ-

259 944 356 996 τὸν
398 938 646 1014 γὰρτδν
694 944 885 1017 καιρὸν
935 945 1132 1016 συνέϐη
1178 946 1276 999 καὶ
1325 945 1717 1019 βαπτισθῆναι,
1755 950 1852 1002 καὶ

1946 596 2118 654 teret;
2151 589 2241 658 qui
2276 602 2336 643 se
2359 602 2457 644 eos
2484 597 2644 642 antea
2684 587 2738 640 iu
2771 595 3019 655 tempore
3061 592 3525 657 congregaturum

1946 679 2180 735 dixerat.
2217 676 2289 733 Ut
2322 678 2465 734 Deus
2500 678 2690 750 igitur,
2723 676 2969 744 spiritum
3009 683 3281 730 creaturas
3329 687 3530 744 sugge-

1946 769 2051 836 rit;
2096 770 2302 842 recepit
2341 753 2551 835 autem,
2584 779 2645 825 ut
2693 768 2881 823 homo.
2933 767 3144 837 Itaque,
3186 764 3333 835 quod
3385 765 3529 833 apud

1948 859 2152 916 Lucam
2176 860 2440 932 legimus.
2467 876 2594 918 eum
2628 859 2904 916 Nazaretlt
2941 871 3277 930 synagogam
3317 854 3532 927 ingres-

1947 966 2069 1016 sus,
2104 961 2297 1024 aperto
2336 952 2493 1009 Isaia:
2525 953 2690 1019 llbro,
2723 954 2779 1008 in
2808 951 2977 1008 verba
3006 949 3113 1005 ista
3140 946 3425 1003 incidisset
3449 945 3530 1010 ὀς

255 1035 327 1089 τὸ
362 1035 605 1106 Πνεῦμα
633 1035 921 1090 κατελθεῖν
953 1035 1216 1091 ὲπάύτὸν
1243 1037 1302 1090 ὲν
1324 1038 1452 1091 εῖδει
1492 1041 1846 1110 περιστερᾶςο

261 1125 387 1195 μεθ’
424 1125 454 1179 6
485 1127 773 1199 πειραθεὶς
796 1123 963 1198 ἦλθεν
1001 1129 1083 1191 εἰς
1106 1128 1390 1201 Ναζαρὲθ,
1422 1131 1515 1183 καὶ
1554 1130 1849 1202 πεπληρῶο

1947 1044 2141 1099 eodem
2182 1046 2538 1115 complicato,
2564 1060 2689 1100 esse
2712 1059 2780 1099 eo
2801 1043 2889 1099 die
2912 1040 3241 1112 completam
3272 1036 3529 1105 Scriptu-

1946 1151 2063 1192 ram
2099 1136 2412 1191 alﬁrmavit.
2445 1116 2689 1207 Conligit
2718 1136 2868 1192 enim
2922 1147 2989 1188 eo
3019 1141 3292 1200 tempore,
3348 1137 3404 1184 ut
3433 1128 3531 1184 ba-

260 1216 391 1272 σθαι
411 1218 519 1289 τὴν
549 1219 774 1291 Γραφὴν
800 1220 1145 1290 ἀπεφήνατο.

1951 1228 2275 1298 ptizaretur;
2303 1237 2363 1284 ut
2389 1227 2648 1298 Spiritum
2668 1227 2830 1284 etiam
2872 1225 2925 1281 in
2960 1223 3229 1280 columba:
3262 1220 3440 1276 forma
3477 1217 3534 1272 in

258 1328 323 1367 se
351 1313 680 1371 admitteret.
734 1315 944 1382 Quibus
970 1315 1190 1372 demum
1220 1316 1513 1384 absolutis,
1555 1319 1623 1403 in‘
1653 1318 1925 1377 Nazaretb
1959 1323 2248 1395 ingressus
2282 1334 2390 1389 est,
2441 1331 2497 1380 et
2536 1323 2614 1381 ibi
2685 1321 3017 1391 completam
3083 1332 3209 1375 esse
3277 1313 3532 1384 Scriptu-

260 1419 382 1457 ram
413 1405 804 1476 pronuntiavit.
1994 1410 1999 1417 ’

334 1496 489 1561 Τινὲς
512 1497 590 1564 δὲ,
628 1498 704 1561 ὡς
733 1497 971 1569 εἴρηται,
996 1498 1093 1552 ἐπὶ
1118 1497 1209 1553 τὸν
1246 1499 1344 1570 τῆς
1377 1499 1688 1571 γεννήσεως
1721 1518 1847 1556 και-

2020 1497 2138 1554 Non
2161 1497 2357 1553 desunt
2387 1508 2592 1563 tamen,
2622 1503 2682 1551 ut
2701 1496 2911 1551 dictum
2941 1502 3048 1561 est,
3072 1492 3165 1564 qui
3188 1489 3356 1562 quod,
3377 1490 3533 1547 unxit

272 1588 371 1658 ρδν
402 1587 548 1659 ἔχειν
575 1589 706 1658 φασὶ
734 1589 834 1660 τὴν
870 1589 1155 1660 ἀναφορὰν
1184 1590 1265 1657 τὸ,
1303 1590 1550 1661 ἔχρισέν
1573 1609 1669 1663 με.
1699 1592 1847 1663 Πλὴν

1951 1608 2055 1658 me,
2087 1591 2318 1657 addidit,
2352 1590 2419 1645 ad
2452 1588 2757 1644 nativitatis
2787 1596 3005 1657 tempus
3040 1584 3235 1641 referri
3263 1582 3533 1638 arbitren-

261 1679 409 1749 μετά
434 1679 496 1733 τὸ
521 1678 807 1750 βάπτισμα
834 1680 1086 1750 φαίνεται
1120 1680 1409 1752 κηρύσσων
1443 1684 1540 1754 τὴν
1571 1683 1847 1752 βασιλείαν

1951 1692 2060 1739 tur.
2100 1681 2597 1740 Sed'manil'estum
2622 1688 2727 1746 est,
2763 1689 2888 1750 post
2913 1678 3245 1748 baptismum
3282 1680 3529 1730 secutam

256 1771 373 1822 τῶν
411 1770 655 1842 οὐρανῶν
701 1772 864 1843 (ὅπερ
891 1767 962 1842 ἦν
999 1772 1483 1843 εὐαγγελίζεσθαι
1524 1774 1648 1839 τοῖς
1690 1790 1846 1829 πτω-

1951 1794 2072 1836 esse
2101 1777 2343 1833 cmlestis
2364 1776 2518 1845 regni
2552 1790 2648 1845 per
2670 1789 2796 1829 eum
2824 1769 3353 1842 promulgationem;
3380 1766 3531 1837 quod

258 1861 417 1929 χοῒς)
448 1862 542 1915 καὶ
570 1863 698 1925 τοὺς
740 1864 1125 1933 μακαρισμοὺς
1158 1864 1530 1936 ἐκτιθέμενος.
1559 1865 1671 1919 Καὶ
1719 1866 1847 1921 ιᾶτο

1951 1880 2036 1927 εει
2073 1871 2391 1940 pauperibus
2422 1868 2830 1940 euangelizare:
2866 1880 2990 1921 esse
3028 1863 3261 1933 denique
3293 1862 3535 1917 beatitu-

256 1954 319 2006 δὲ
359 1953 502 2020 τοὺς
541 1954 1088 2026 συντετριμμένους
1119 1956 1196 2025 τῇ
1225 1957 1473 2027 καρδίᾳ,
1526 1958 1847 2030 θεραπεύων

1951 1964 2139 2020 dinum
2186 1976 2388 2033 genera
2420 1962 2489 2018 ab
2533 1962 2654 2031 ipso
2708 1958 3002 2029 explicata.
3045 1954 3286 2011 Sanabat
3335 1952 3533 2009 deinde

258 2045 626 2114 ἐπαγγελίαις
649 2089 665 2113 ,
719 2047 814 2100 καὶ
864 2047 1072 2115 λέγων’
1103 2048 1381 2120 Μακάριοι
1427 2051 1477 2103 οἱ
1502 2050 1846 2117 πενθοῦντες,

257 2136 349 2186 ὅτι
383 2135 538 2187 αὐτοὶ
564 2135 1103 2208 παρακληθήσονται.
1134 2140 1243 2193 Καὶ
1281 2141 1543 2211 μακάριοι
1567 2143 1616 2195 οἱ
1639 2140 1850 2196 κλαίον-

259 2244 382 2292 τες,
424 2228 508 2281 ὅτι
550 2228 895 2298 γελάσονται.
938 2232 1050 2285 Καὶ
1086 2235 1199 2296 τοῖς
1230 2232 1286 2286 δὲ
1331 2232 1704 2304 αἰχμαλώτοις
1744 2234 1851 2289 ὑπὸ

256 2318 541 2389 δαιμόνων
597 2319 777 2374 ἔθεσιν
831 2319 1028 2390 ἄφεσιν
1058 2322 1520 2393 ἐκήρυττε,στοῖς
1579 2323 1849 2395 μαθηταῖς

257 2408 439 2461 εἰπών
469 2426 481 2438 ·
528 2408 894 2481 Πορευθέντες
942 2411 1321 2481 μαθητεύσατε
1346 2412 1525 2466 πάντα
1570 2413 1637 2467 τά
1695 2413 1846 2486 ἔθνη,

260 2497 626 2572 βαπτίζοντες
658 2501 876 2565 αὐτοὺς,
903 2502 990 2554 ἐπ’
1025 2501 1218 2569 ἀφέσει
1242 2502 1483 2569 δηλονότι
1523 2504 1848 2575 πλημμελη-

261 2593 459 2662 μάτων
478 2608 492 2621 ·
535 2592 585 2646 οἳ
620 2593 714 2646 καὶ
737 2592 999 2661 ἀϐλεψίαν
1024 2594 1268 2660 ἐνόσουν,
1304 2598 1370 2666 τῇ
1398 2594 1644 2666 πολυθέῳ
1671 2596 1850 2670 πλάνῃ

257 2682 632 2746 δουλεύοντες.
665 2684 863 2754 Διόπερ
903 2686 962 2737 ὲν
1004 2687 1115 2749 τοῖς
1158 2684 1521 2756 προλαϐοῦσιν
1552 2685 1790 2755 ἔφασκεν
1820 2688 1847 2740 6

260 2777 461 2846 Πατήρ
486 2794 500 2808 ·
544 2777 697 2841 Ἰδοὺ,
736 2766 957 2829 τέθεικά
1007 2793 1068 2829 σε
1105 2779 1186 2839 εἰς
1239 2777 1354 2845 φῶς
1396 2777 1584 2841 ἐθνῶν,
1639 2780 1847 2842 ἀνοῖξαι

257 2865 581 2938 ὀφθαλμοὺς
600 2866 840 2936 τυφλῶν,
865 2868 1154 2936 ἐξαγαγεῖν
1186 2871 1251 2923 ἐκ
1269 2868 1484 2938 δεσμῶν
1505 2870 1841 2939 δεδεμένους.

259 2958 380 3011 Καὶ
401 2957 620 3027 πτωχοὶ
655 2958 710 3010 δὲ
742 2954 903 3030 ἦσαν,
926 2958 1001 3022 ὡς
1036 2960 1240 3023 παντὸς
1275 2960 1486 3027 ἀγαθοῦ
1522 2962 1846 3030 νοσήσαντες

258 3047 495 3115 ἔνδειαν,
523 3048 715 3102 ἐλπίδα
752 3049 825 3124 μὴ
851 3047 1087 3118 ἔχοντες,
1112 3049 1207 3102 καὶ
1236 3049 1386 3103 ἄθεοι
1422 3050 1480 3103 ἐν
1506 3049 1586 3119 τῷ
1623 3050 1837 3121 κόσμῳ,

268 3141 338 3194 ΕΞ
370 3138 466 3211 μὴ,
514 3139 621 3209 ἄρα
651 3139 777 3221 τοῖς
806 3138 1065 3207 πτωχοῖς
1097 3140 1175 3209 τῷ
1211 3140 1483 3210 πνεύματι
1511 3139 1845 3212 δεδωρῆσθαι

1949 2053 2203 2108 contritas
2261 2056 2441 2117 corde,
2506 2051 2728 2106 admoto
2779 2046 3211 2119 promissionum
3261 2042 3529 2106 remedio,

1949 2161 2073 2200 cum
2132 2146 2326 2200 beatos
2366 2144 2459 2214 qui
2498 2143 2770 2213 lugerent,
2814 2155 2940 2196 esse
2982 2138 3228 2204 doceret,
3270 2135 3529 2207 quoniam

1948 2237 2382 2294 consolationem
2410 2245 2594 2291 essent
2624 2234 2874 2299 nacluri;
2913 2232 3102 2287 beatos
3134 2230 3262 2285 item
3296 2227 3389 2298 qui
3435 2224 3534 2280 lle-

1948 2340 2092 2395 rent,
2130 2328 2391 2399 quoniam
2429 2326 2599 2382 risuri
2636 2327 2703 2379 τί.
2738 2323 3010 2380 Gentibus
3052 2328 3342 2391 praeterea,
3377 2317 3467 2388 qui
3500 2330 3531 2370 a

1949 2422 2290 2477 daemonibus
2333 2419 2534 2489 captivi
2565 2417 2979 2479 detinebantur,
3015 2400 3394 2470 dimissionem
3430 2424 3499 2463 an

1950 2511 2202 2575 nuntiat;
2232 2526 2355 2563 cum
2378 2509 2682 2578 discipulos
2704 2508 3013 2575 alloquens,
3036 2505 3103 2560 ad
3129 2513 3318 2573 gentes
3340 2513 3532 2555 omnes

1951 2598 2248 2665 proﬁcisci,
2287 2596 2452 2666 700
2496 2609 2704 2664 easque
2744 2593 2965 2658 docere,
3012 2599 3067 2646 et
3120 2589 3424 2658 baptizare,
3477 2585 3531 2639 in

1949 2687 2331 2744 remissionem
2388 2687 2740 2756 p‘eccatorum
2782 2682 3058 2747 videlicet,
3111 2678 3404 2750 imperavit
3452 2679 3530 2739 ης

1947 2793 2070 2850 qua:
2108 2779 2313 2833 dudum
2343 2778 2592 2832 caecitate
2628 2777 2965 2840 laborantes,
3006 2781 3065 2827 ut
3107 2786 3263 2827 vanae
3296 2769 3528 2826 deorum

1949 2868 2287 2923 multitudini
2335 2867 2667 2922 serviebant.
2700 2864 2819 2932 Quo
2868 2864 3073 2917 factum
3101 2868 3207 2927 est,
3239 2869 3300 2914 ut
3335 2861 3391 2915 in
3439 2876 3534 2917 su-

1947 2960 2280 3031 perioribus,
2313 2974 2438 3015 eum
2472 2974 2532 3015 se
2557 2959 2612 3013 in
2652 2958 2829 3031 lucem
2879 2955 3119 3026 gentium
3154 2955 3425 3024 posuisse,
3477 2961 3535 3006 ut

1948 3052 2138 3108 oculos
2167 3051 2328 3106 caecis
2362 3051 2600 3122 aperiret
2620 3088 2636 3110 ,
2683 3059 2739 3103 ut
2779 3048 2847 3103 de
2876 3046 3113 3101 vinculis
3141 3060 3237 3100 eos
3257 3044 3532 3108 educeret,

1946 3144 2039 3212 qui
2094 3144 2147 3198 in
2216 3142 2354 3214 ipsis
2398 3151 2579 3197 essent
2635 3138 2957 3205 constricti,
3020 3135 3182 3191 Pater
3216 3134 3532 3190 animaret.

258 3247 403 3302 φησι
448 3231 559 3284 τῶν
608 3230 679 3283 δι’
719 3230 887 3284 αὑτοῦ
937 3232 1296 3302 χαρισμάτων
1327 3231 1427 3303 τὴν
1453 3231 1686 3301 ἄφθονον
1722 3251 1847 3305 χορ-

1956 3233 2123 3288 Erant
2155 3249 2284 3287 vero
2310 3244 2363 3286 et
2389 3247 2666 3301 pauperes,
2690 3231 2784 3301 qui
2820 3229 3093 3284 bonorum
3142 3226 3389 3282 omnium
3443 3240 3536 3295 pe-

256 3321 449 3393 ηγῖάν.
476 3319 1025 3390 Συντετριμμένους
1049 3320 1105 3374 δὲ
1147 3320 1322 3386 ἄλλως
1361 3322 1487 3386 τοὺς
1520 3322 1723 3393 ἀσθενῆ
1752 3323 1851 3393 τὴν

256 3413 522 3484 καρδίαν
567 3414 661 3467 καὶ
709 3411 1104 3484 εύδιάθρυπτον
1139 3412 1385 3484 ἔχοντας.
1425 3414 1503 3478 ὡς
1533 3414 1851 3485 ἀντιστῆναι

258 3506 345 3577 μὴ
373 3504 781 3569 δύνασθαι¹ταῖς
808 3507 919 3561 τῶν
952 3505 1140 3560 παθῶν
1173 3504 1522 3578 προσϐολαῖς,
1554 3506 1852 3576 αἰχμαλώ-

252 3616 384 3652 των
428 3598 483 3653 δὲ
532 3597 688 3671 δίκην
720 3599 931 3663 τούτοις
969 3596 1358 3661 δουλεύοντας·

251 3691 378 3753 τοῖς
425 3688 486 3754 ἐξ
525 3689 747 3761 Ἰσραὴλ
796 3689 863 3743 τὰ
895 3689 1185 3759 λεγόμενα.
1231 3689 1305 3741 Οὐ
1338 3688 1445 3760 γὰρ
1484 3684 1552 3760 ἦν
1579 3690 1671 3742 ἐπὶ
1699 3689 1803 3759 γῆς
1825 3693 1853 3745 6

255 3781 436 3835 ποιῶν
467 3781 843 3853 χρηστότητα,
873 3782 972 3835 ούκ
1017 3777 1085 3852 ἦν
1107 3821 1121 3843 ,
1152 3780 1257 3843 ἓως
1280 3782 1417 3844 ἑνός.
1465 3780 1673 3835 Οὐκοῦν
1719 3783 1853 3835 πάν-

253 3889 356 3936 τες
412 3874 517 3927 υἱοὶ
557 3874 754 3938 νυκτὸς
821 3874 975 3938 ὅντες
1028 3873 1123 3926 καὶ
1167 3858 1411 3938 σκότους,
1458 3874 1634 3942 φωτὸς
1693 3873 1848 3942 γεγό-

252 3980 391 4017 νασι
432 3964 618 4019 τέκνα.
666 3963 940 4036 Διηύγασε
1009 3963 1120 4035 γάρ
1172 3963 1356 4027 αὐτοῖς
1390 3965 1424 4033 ἡ
1463 3963 1666 4034 ἡμέρα,
1701 3963 1794 4016 καὶ
1820 3965 1849 4017 6

250 4053 365 4123 τῆς
389 4055 737 4127 δικαιοσύνης
779 4055 1008 4127 ἀνέσχεν
1040 4055 1210 4126 ἥλιος,
1243 4053 1338 4110 καὶ
1365 4053 1616 4125 λαμπρὸς
1643 4053 1848 4109 ἀνέτει-

252 4145 355 4197 λεν
397 4145 696 4217 ἑωσφόρος.

1959 3324 2118 3380 nuria
2147 3324 2500 3388 laborarent;
2534 3321 2628 3394 qui
2678 3336 2775 3392 spe
2807 3326 3097 3386 carerent;
3129 3318 3226 3388 qui
3277 3315 3443 3372 Deum
3479 3314 3533 3370 in

1955 3417 2162 3470 mundo
2201 3431 2315 3469 nun
2347 3421 2732 3485 agnoscerent.
2769 3409 2868 3466 Sin
2896 3409 3106 3477 minus,
3147 3409 3216 3466 iis
3247 3415 3415 3472 certe,
3442 3407 3535 3477 qui

1956 3506 2154 3578 spiritu
2208 3520 2466 3575 pauperes
2524 3511 2674 3569 sunt,
2731 3503 3011 3574 ingentem
3061 3515 3186 3557 esse
3234 3500 3533 3572 gratiarum

1403 3598 1633 3668 ἁρμόσει
1666 3599 1723 3652 δὲ
1758 3600 1847 3652 καὶ

1955 3598 2363 3668 suppeditatam
2404 3596 2618 3666 copiam
2677 3593 2996 3665 signiﬁcat:
3050 3592 3307 3647 contritas
3357 3603 3534 3645 autem

1951 3687 2087 3741 alias
2114 3700 2212 3742 eos
2234 3686 2406 3754 ipsos,
2438 3685 2530 3754 qui
2561 3684 2634 3738 ita
2664 3681 2821 3737 corde
2847 3691 2977 3737 sunt
3010 3676 3286 3735 imbecillo
3316 3688 3371 3735 et
3400 3696 3537 3749 pra:-

1955 3776 2153 3838 fracto,
2221 3785 2281 3831 ut
2342 3774 2637 3831 all'eetuum
2707 3773 3006 3863 iusultibus
3058 3771 3282 3827 minime
3332 3784 3537 3839 queant

1955 3869 2252 3932 obsistere;
2284 3868 2377 3924 sed
2411 3868 2538 3930 illis,
2587 3854 2917 3936 captivorum
2957 3878 3143 3926 more,
3198 3854 3435 3933 pareant
3483 3873 3537 3918 et

1958 3961 2307 4016 famulentur.
2331 3960 2672 4016 Conveniunt
2700 3973 2829 4013 vero
2853 3967 2907 4013 et
2930 3955 3197 4011 lsraelitis
3224 3955 3389 4009 etiam
3415 3971 3537 4025 qua:

1956 4053 2237 4109 dicuntur.
2271 4051 2389 4107 Non
2423 4052 2568 4107 enim
2595 4059 2717 4108 erat
2752 4050 2807 4106 in
2840 4058 3007 4114 terra,
3040 4048 3159 4119 qui,
3193 4048 3337 4117 quod
3374 4048 3538 4102 hone-

1956 4152 2098 4199 stum
2130 4152 2297 4206 esset,
2328 4144 2560 4221 iaceret,
2596 4159 2705 4199 non
2736 4151 2878 4206 erat,
2916 4157 2985 4197 ne
3021 4157 3165 4197 unus
3205 4138 3427 4210 quidem
3468 4139 3533 4194 ".

252 4239 474 4310 Itaque,
526 4258 648 4296 cum
692 4241 784 4296 ﬁlii
834 4241 1009 4297 nor-tis
1054 4249 1239 4297 essent
1274 4255 1466 4297 omnes
1492 4248 1546 4296 et
1584 4242 1934 4296 tenebrarum
1965 4281 1979 4306 ,
2011 4240 2064 4296 in
2095 4239 2235 4296 lucis
2265 4239 2410 4296 ﬁlios
2448 4246 2766 4296 evaserunt.
2826 4237 2940 4296 lllis
2967 4238 3111 4295 enim
3148 4236 3266 4291 dies
3316 4235 3452 4307 ipse,
3482 4242 3537 4289 et

250 4333 357 4404 qui
381 4332 716 4405 Soljustitite
740 4335 1025 4399 dicilur",
1057 4348 1259 4388 aurora
1286 4335 1523 4405 denique
1545 4333 1747 4397 lucida.
1779 4333 1974 4388 illuxit.
2456 4330 2459 4331 ⁷

333 4426 663 4494 Κεχρίσθαι
704 4426 763 4479 δέ,
812 4442 948 4495 φησι
993 4426 1089 4479 καὶ
1139 4424 1417 4480 ἐνιαυτὸν
1478 4424 1703 4493 Κυρίου
1750 4440 1847 4478 κα-

2033 4424 2124 4478 Ait
2153 4439 2283 4479 vero
2318 4424 2484 4480 etiam
2506 4437 2725 4479 unctum
2753 4439 2883 4488 esse,
2926 4430 2985 4479 ut
3025 4424 3383 4493 proclamaret
3432 4439 3534 4479 an-

250 4514 444 4570 λέσαι
510 4514 767 4582 δεκτόν,
825 4514 918 4568 τὸν
976 4514 1077 4585 τῆς
1138 4514 1606 4585 ὲνανθρωπήσεως
1661 4513 1850 4579 καιρὸν

252 4605 438 4669 οὕτως
493 4604 685 4672 εἰπὼν,
714 4607 772 4658 ὲν
824 4598 869 4673 ᾧ
919 4605 1122 4673 διάγων
1169 4605 1264 4659 ἐπὶ
1309 4605 1433 4674 γῆς,
1478 4604 1593 4673 φῶς
1635 4604 1852 4676 ἡμέρας

249 4704 377 4762 τοῖς
426 4698 710 4770 προσιοῦσι
760 4699 1076 4771 παρείχετο.
1112 4697 1198 4762 Ὠς
1240 4699 1349 4768 γὰρ
1400 4697 1533 4769 ἡλίῳ
1584 4696 1852 4751 δικαιοσύ-

251 4806 362 4858 νης
412 4790 442 4840 6
491 4786 732 4851 τοιοῦτος
766 4788 1044 4859 προσῆκεν
1071 4788 1632 4858 ἐνιαυτός.‹Μήποτε
1674 4786 1730 4841 δὲ
1759 4787 1850 4840 τὸν

258 4878 536 4950 μέλλοντα
577 4878 752 4932 αἰῶνα
831 4877 1016 4949 δηλοῖ,
1046 4879 1153 4953 ,ἐφ’
1197 4878 1255 4931 ὃν
1286 4878 1354 4932 τὰ
1405 4880 1503 4950 τῆς
1553 4879 1749 4933 ἑαυτοῦ
1781 4879 1853 4932 δι-

251 4970 562 5036 δασκαλίας
602 4971 940 5042 ἀνέπεμπεν,
985 4972 1074 5025 ὅτε
1129 4971 1240 5041 Ούχ
1290 4972 1462 5042 ἥλιος,
1509 4971 1569 5024 οὐ
1614 4971 1850 5042 σελήνη,

250 5063 381 5119 ἀλλ’
408 5062 560 5116 ἔσται
592 5079 695 5127 σοι,
722 5064 856 5133 φησὶ
878 5104 893 5127 ,
938 5062 1140 5133 Κύριος
1170 5062 1284 5131 φῶς
1327 5063 1580 5129 αἰώνιον;
1623 5063 1704 5117 διὸ
1734 5068 1847 5119 Κυ-

251 5155 401 5225 ρίου
430 5153 650 5221 λέγεται
688 5154 987 5221 ἐνιαυτὸς,
1020 5156 1095 5218 ὡς
1126 5154 1217 5208 ὑπ’
1255 5155 1420 5209 αὐτοῦ
1456 5156 1846 5226 φωτιζόμενος,

251 5243 365 5298 καὶ
389 5241 624 5310 δεκτὸς,
657 5245 688 5313 ἢ
713 5245 854 5298 κατὰ
873 5247 1000 5308 τοὺς
1014 5245 1258 5309 λοιποὺς,
1280 5245 1579 5311 εὐδοκίας.
1612 5248 1849 5311 Ἐκεῖνος

252 5335 378 5408 γάρ
418 5337 567 5389 ἐστιν
615 5338 643 5390 6
690 5337 1030 5408 καταθύμιος
1068 5339 1145 5407 τῷ
1193 5338 1332 5410 Θεῷ,
1375 5341 1404 5393 6
1438 5340 1610 5405 αὐτὸς
1638 5340 1715 5395 ῶν
1753 5342 1850 5395 καὶ

252 5426 461 5497 ἡμέρα
489 5428 944 5496 ἀνταποδόσεως
962 5471 975 5493 ,
998 5430 1085 5483 ὅτε
1116 5430 1215 5493 τὰς
1244 5432 1481 5501 ἀμοιῦἁς
1512 5434 1561 5485 oi
1591 5433 1730 5487 κατά
1756 5434 1847 5485 τὸν

255 5516 515 5589 παρόντα
535 5519 873 5590 κεκμηκότες
894 5520 1006 5588 βίον
1035 5521 1372 5591 κομίζονται.
1394 5523 1546 5585 Τινὲς
1566 5524 1621 5576 δὲ
1638 5522 1852 5576 dem-du

1952 4531 2080 4569 num
2123 4512 2342 4569 Domini
2380 4514 2758 4586 acceptabilem
2791 4529 2808 4568 :
2847 4515 2921 4569 ita
2966 4515 3228 4570 nimirum
3278 4514 3534 4570 incarna-

1955 4605 2127 4660 tionis
2166 4614 2384 4678 tempus
2416 4608 2676 4674 innuens,
2703 4621 2834 4676 quo,
2879 4620 3004 4660 cum
3051 4605 3105 4659 in
3147 4606 3311 4661 terris
3353 4622 3538 4661 versa-

1954 4708 2132 4765 retur,
2164 4698 2346 4755 lueem
2380 4699 2483 4754 diei
2516 4699 2863 4755 venientibus
2891 4700 2959 4753 ad
2984 4714 3045 4753 se
3067 4699 3361 4768 praebebat.
3403 4697 3539 4752 lluic

1906 4792 1919 4797 ’
1954 4794 2126 4859 enim,
2161 4800 2421 4863 tanquam
2456 4791 2568 4846 Soli
2590 4791 2839 4859 iustitiae,
2867 4791 2994 4846 talis
3020 4799 3292 4846 estannus
3323 4792 3538 4845 debitus

1956 4891 2012 4939 et
2040 4885 2389 4940 commodus.
2424 4887 2624 4938 Annon
2652 4897 2782 4937 vero
2816 4881 3059 4938 futurum
3083 4883 3344 4938 saeculum
3376 4882 3540 4952 signi-

1960 4978 2158 5033 ﬁcasse
2198 4976 2511 5046 putandus;
2561 4975 2627 5028 ad
2691 4973 2860 5044 quod,
2917 4991 3039 5044 quae
3097 4973 3162 5027 ad
3227 4973 3535 5028 dortrinaut

1956 5084 2116 5125 suam
2153 5068 2454 5137 pertinent,
2506 5065 2751 5130 remisit;
2808 5080 2917 5133 quo
2969 5075 3215 5134 tempore
3265 5080 3371 5118 non
3427 5066 3531 5127 sol,

1958 5175 2066 5214 non
2111 5159 2238 5213 luna
2278 5159 2378 5212 tibi
2430 5157 2616 5211 futura
2648 5164 2750 5220 est,
2778 5156 2957 5225 inquit
2984 5156 3086 5220 Νι,
3117 5156 3212 5211 sed
3249 5156 3534 5217 Dominus.

1958 5252 2048 5306 lux
2085 5251 2204 5320 ipsa
2238 5248 2619 5320 sempiterna?
2678 5263 2787 5317 quo
2832 5248 2912 5315 ﬁt,
2940 5242 3019 5301 ἰιι
3068 5265 3239 5302 annus
3302 5248 3535 5313 Domini,

1970 5351 2230 5413 tanquam
2256 5343 2324 5397 ab
2356 5336 2477 5412 ipso
2508 5341 2682 5396 lucem
2715 5340 2913 5394 habeat
2945 5359 2956 5393 :
2989 5349 3038 5393 et
3065 5342 3425 5407 accept'abilis,
3451 5345 3535 5395 vel

1961 5434 2268 5488 secundum
2318 5435 2495 5494 alios,
2533 5429 3000 5499 comprobationis,
3048 5432 3380 5486 nominetur.
3445 5433 3536 5488 Et:

1957 5527 2102 5579 enim
2132 5527 2242 5580 Deo
2265 5535 2456 5596 gratus
2483 5526 2595 5589 ille,
2625 5532 2677 5576 ct
2703 5530 3001 5590 acceptus;
3038 5522 3242 5591 quippe
3279 5527 3365 5595 qui
3426 5528 3537 5579 dies

375 5720 422 5795 ξ’
452 5719 585 5795 Luc.
633 5738 707 5783 tv,
740 5720 818 5783 l7,
880 5724 938 5795 A"
970 5721 1158 5795 lilium.
1192 5739 1242 5789 ν,
1278 5723 1344 5787 :‘i;
1388 5722 1517 5777 an.
1560 5742 1631 5790 γι,
1828 5727 1846 5758 ⁷

1954 5726 2091 5781 attlt.
2126 5744 2317 5795 xum,
2359 5732 2541 5786 l8-‘20,
2620 5731 2661 5759 ⁷³
2687 5728 2829 5781 ιἐιιι.
2855 5744 2972 5793 xm,
3001 5727 3056 5792 9,
3087 5703 3169 5782 5.‘
3216 5731 3259 5763 ⁷⁸
3303 5728 3532 5785 Maluch.

259 5789 423 5853 me.
499 5791 578 5824 τ’*
611 5795 718 5848 lsa.
748 5808 837 5859 ως,
872 5792 1063 5857 l9,‘20.
