4000 6314
389 393 400 404 ⁸
426 373 570 456 865:3
1175 412 1180 415 -
1725 384 1969 448 PROCO

2121 384 2365 445 GAZJZI
3541 385 3700 452 26H

425 493 590 552 etiam
613 491 687 548 sit
716 492 1100 561 retributionis,
1133 511 1244 568 quo
1275 495 1528 553 laborum
1563 513 1789 554 suorum
1823 500 1878 554 in
1909 500 2005 555 hac

2141 501 2416 562 mavrdr,
2439 496 2560 550 καθ’
2577 496 2636 550 ὃν
2671 497 2994 569 ἐσταυρώθη
3019 498 3173 568 φασί.
3212 499 3423 554 Aemo!
3449 499 3560 571 γὰρ
3581 500 3721 554 τότε

425 584 542 636 vita
569 584 878 640 mercedem
910 587 1115 658 quique
1157 588 1323 642 laturi
1359 597 1507 644 sunt.
1561 589 1666 644 Alii
1697 601 1876 646 tamen
1906 609 2002 660 an-

2140 589 2438 662 εγόναμεν
2465 587 2546 654 τῷ
2591 587 2716 652 Θεῷ
2763 588 2858 643 καὶ
2900 589 3140 661 Πατὲρι,
3175 591 3720 662 καρποφορηθὲντες

429 690 555 747 nunc
585 677 974 745 acceptabilrm,
1009 681 1074 734 ad
1103 680 1278 748 illum,
1311 695 1422 750 quo
1451 695 1674 737 crucem
1709 682 1823 752 pati
1847 681 2008 738 Chri-

2142 681 2175 735 ι’
2204 680 2392 736 αὐτοῦ.
2413 679 2504 734 Διὸ
2521 679 2760 751 περὶτοῦ
2784 679 2984 734 κόκκου
3000 679 3096 734 τοῦ
3124 681 3274 734 σίτου
3301 681 3512 750 ἔλεγεν·
3537 699 3558 733 ι
3577 681 3722 735 Ἐὰν

431 769 577 820 stum
615 767 870 836 conligit,
901 767 1096 823 referri
1145 770 1462 825 voluerunt.
1513 769 1653 825 Tum
1711 772 1858 827 enim
1904 787 2006 828 nos

2145 772 2375 845 ποθάνῃ,
2417 771 2624 840 καρπὸν
2645 769 2814 822 πολὺν
2841 769 3024 842 φέρει.
3057 789 3076 822 ι
3127 771 3236 826 Καὶ
3261 770 3426 824 πάλιν
3448 786 3495 822 ⁸(
3535 770 3724 822 Ὅταν

430 869 554 910 esse
590 854 700 911 Deo
733 857 904 926 factos
948 861 1316 930 acceptabiles,
1348 870 1461 916 tum
1499 861 1650 917 Patri
1687 878 1784 933 per
1825 865 2006 934 ipsum

2152 862 2308 934 ζιωθῶ
2345 865 2410 916 ἐκ
2445 864 2568 934 γῆς,
2604 861 2815 925 πάντας
2855 861 3069 915 ἑλκύσω
3101 861 3238 932 πρὸς
3271 860 3533 930 ἐμαυτόν.
3570 877 3589 910 ι
3621 857 3732 911 Διδ

434 946 674 1002 oblatos.
711 947 854 1004 llinc
884 950 1048 1006 etiam
1091 952 1160 1008 de
1201 968 1374 1023 grano
1401 953 1663 1009 frumenti
1699 955 1910 1010 dixisse
1937 954 2006 1020 ",

2153 956 2211 1010 αὶ
2249 953 2487 1018 ἀναστὰς
2537 956 2603 1007 ὲκ
2636 954 2848 1028 νεκρῶν
2890 952 3152 1023 ἑφασκενῖ
3197 952 3382 1023 Ἐδόθη
3419 968 3512 1023 μοι
3557 952 3732 1004 πᾶσα

433 1053 558 1094 cum
616 1047 892 1097 mortuum
950 1057 1073 1098 esse
1130 1045 1496 1124 contingeret,
1548 1045 1706 1116 701
1771 1047 2007 1102 multum

2145 1045 2329 1114 ξουσία
2357 1047 2416 1100 ἐν
2449 1043 2698 1124 οὐρανῷ,
2752 1046 2847 1100 καὶ
2886 1046 2978 1098 ἐπὶ
3004 1047 3102 1114 τῆς
3139 1043 3242 1114 γῆς
3263 1083 3280 1106 ,
3332 1042 3540 1096 ἐπὶ-τὰ
3575 1041 3725 1111 ἔθνη

435 1125 675 1180 fructum
713 1129 1010 1186 editurum.
1042 1131 1111 1186 Et
1152 1119 1383 1189 rursum
1424 1150 1548 1190 cum
1591 1148 1621 1187 a
1663 1143 1810 1189 terra
1860 1141 2010 1191 esset

2156 1140 2349 1210 ἑμπων
2381 1137 2508 1200 τοὺς
2543 1119 2816 1208 μαθητὰς,
2846 1137 2951 1190 καὶ·
2981 1135 3042 1189 τὸ
3071 1135 3380 1205 βάπτισμα,
3427 1133 3498 1186 δι’
3527 1127 3591 1187 οὗ
3625 1133 3734 1188 λει-

433 1219 728 1284 rxaltatns,
800 1235 992 1278 omnes
1023 1225 1088 1279 ad
1150 1240 1210 1280 se
1261 1227 1760 1296 pertracturum".
1819 1227 2010 1298 Itaque

2153 1232 2298 1294 ὀντες
2323 1229 2543 1299 ἄφεσιν,
2579 1229 2682 1298 τῆς
2732 1227 2884 1291 θείας
2929 1225 3098 1281 αὐτοῦ
3139 1225 3356 1296 φύσεως
3396 1225 3733 1293 γεγόναμεν

435 1309 625 1376 etiam,
652 1326 775 1366 cum
810 1322 961 1368 esset
997 1330 1028 1369 e
1062 1317 1295 1372 mortuis
1327 1317 1622 1382 excitatus,
1671 1319 1774 1372 sibi
1807 1317 2008 1373 fartam

2157 1323 2376 1376 )twuvol.
2415 1320 2639 1376 Λεκτὸν
2668 1320 2778 1391 γὰρ
2809 1318 3099 1387 ,ἐνιαυτὸν
3117 1321 3172 1372 ol
3205 1315 3737 1388 δεχθέντεςνὲκτήο

435 1416 560 1456 esse
587 1410 906 1472 potestatem
943 1420 1159 1460 onmem
1185 1408 1238 1461 in
1279 1409 1422 1462 cmlo
1493 1417 1546 1463 et
1581 1409 1635 1462 iu
1673 1415 1818 1464 terra
1859 1410 2012 1464 dire-

2153 1427 2295 1475 ιντο,
2345 1410 2474 1480 περὶ
2502 1405 2562 1465 οὗ
2608 1408 2820 1472 uasis;
2874 1423 3080 1479 φησιν’
3114 1425 3134 1459 ι
3191 1405 3327 1460 Ἰδοὺ
3359 1404 3458 1458 νῦν
3504 1403 3733 1476 καιρὸς

439 1493 550 1559 hat,
585 1495 772 1550 missis
799 1497 865 1552 ad
890 1507 1080 1568 gentes
1107 1516 1231 1555 cum
1263 1502 1534 1571 baptismo
1574 1502 1888 1572 discipulis,
1914 1519 2012 1558 cu-

2199 1502 2505 1573 ιρόσδεκτος
2533 1516 2550 1532 ο
2588 1501 2696 1554 ίδοὺ
2744 1499 2930 1574 ἡμέρα
2979 1499 3275 1570 σωτηρίας,
3312 1498 3407 1551 καὶ
3463 1499 3734 1551 alnum"
3767 1571 3779 1580 ,

433 1585 526 1652 jus
588 1585 853 1653 beneﬁcio
905 1590 1284 1645 remissionem
1350 1591 1532 1660 adepti
1585 1592 1783 1648 divinae
1838 1591 2012 1661 ipsius

2156 1593 2330 1658 iaswg,
2369 1611 2388 1644 ι
2416 1592 2445 1644 6
2485 1591 2506 1631 ί
2522 1592 2619 1661 τῆς
2633 1591 3102 1662 ὲνανθρωπὴσεως
3127 1588 3334 1660 ὑπῆρξε
3356 1589 3570 1660 καιρὸς,
3588 1587 3736 1642 καθ’

435 1684 645 1731 natura
676 1679 974 1748 participes
1007 1681 1272 1735 cllicimnr
1297 1684 1364 1737 ".
1401 1681 1504 1747 Qui
1543 1683 1686 1738 enim
1733 1681 1888 1737 fuere
1920 1695 2009 1736 ac-

2153 1701 2173 1734 ν
2210 1682 2324 1744 τοῖς
2350 1679 2680 1734 πιστεύσασι
2707 1679 2809 1742 τὰς
2843 1681 2901 1731 ἐν
2952 1679 3166 1732 ἐλπίσιν
3215 1677 3555 1746 ἐπαγγελίας
3593 1677 3733 1729 ἀπ-

436 1766 601 1835 cepti,
641 1783 780 1822 anno
812 1768 906 1823 illo
937 1773 1251 1841 acceptabili
1279 1773 1434 1842 potiti
1491 1780 1643 1836 sunt,
1674 1771 1743 1828 de
1785 1787 1896 1842 quo
1933 1771 2013 1826 lc-

2155 1775 2314 1828 iwxev
2335 1789 2348 1804 °
2377 1773 2474 1827 δπε
2483 1790 2516 1844 ρ
2543 1773 2572 1825 6
2599 1771 2688 1824 διὰ
2713 1771 2958 1834 Μωσέως
2981 1770 3146 1840 νόμος
3175 1770 3274 1823 ούκ
3295 1769 3443 1840 ἔσχε,
3461 1767 3544 1837 τῷ
3567 1785 3735 1840 παρ-

434 1857 624 1926 quitur
643 1860 960 1928 Aposwlus,
995 1876 1118 1916 cum
1151 1863 1466 1933 adesscjam
1500 1871 1716 1933 tempus
1757 1871 2008 1932 accepta-

2156 1881 2230 1917 ντι
2265 1863 2365 1935 βίῳ
2403 1862 2730 1935 περικλείων
2773 1861 2874 1925 τὰς
2903 1861 3160 1932 ἀμοιϐὰς,
3217 1861 3736 1932 μακροημέρευσιν

435 1948 563 2012 bile,
585 1950 777 2006 adesse
805 1951 946 2007 diem
979 1955 1192 2018 salutis,
1213 1955 1606 2026 ait";quibus
1637 1955 1811 2012 verbis
1830 1955 2008 2025 ipsum

2154 1955 2310 2024 ἐγων,
2342 1955 2432 2007 καὶ
2454 1955 2557 2024 γῆς
2587 1953 2788 2021 ἀγαθὰ,
2818 1954 2915 2018 καὶ
2949 1951 3204 2022 πολέμων
3237 1951 3588 2020 ἀπαλλαγὰς,
3626 1951 3734 2005 διδ

436 2041 838 2100 incarnationis
873 2053 1086 2114 tempus
1112 2047 1444 2116 designavit,
1480 2063 1590 2118 quo
1631 2047 1722 2112 iis,
1747 2047 1842 2117 qui
1885 2060 2009 2100 cre-

2155 2047 2212 2100 αὶ
2246 2046 2520 2117 Ζαχαρίας
2550 2045 2713 2116 φησί’
2746 2063 2766 2098 ι
2805 2046 3182 2116 Κατάκαρπος
3208 2043 3568 2115 οίκηθήσεται
3610 2044 3732 2097 Ἰα-

433 2132 710 2200 diderant,
759 2151 900 2206 quas
947 2137 1050 2192 [ide
1087 2138 1346 2192 tenebant
1409 2139 1805 2208 promissiones
1855 2135 2013 2192 exhi-

2154 2136 2399 2207 ουσαλὴμ
2426 2123 2540 2189 ὰ.πὸ
2565 2134 2804 2208 πλήθους
2829 2135 3154 2206 ἀνθρώπων,
3193 2135 3290 2188 καὶ
3339 2135 3559 2206 κτηνῶν
3597 2134 3733 2188 τῶν

437 2223 575 2280 buit.
608 2223 766 2290 Quod
813 2235 963 2282 certe
991 2227 1072 2282 lex
1127 2229 1216 2282 illa
1262 2245 1359 2298 per
1411 2229 1596 2285 Mosen
1651 2229 1850 2285 tradita
1890 2221 2013 2284 ﬁon

2154 2247 2178 2284 ν
2204 2229 2364 2300 αὐτῇ.
2395 2247 2414 2278 ι
2435 2227 2546 2280 Καὶ
2565 2226 2728 2281 πάλιν
2748 2243 2761 2256 δ
2796 2246 2813 2278 ι
2846 2223 3319 2310 Ἐτικκαθήσονται
3341 2225 3734 2296 πρεσϐύτεροι

436 2313 648 2375 habuit.
680 2332 804 2386 quae
834 2320 1095 2387 praesenti
1126 2321 1329 2375 saeculo
1369 2323 1591 2392 prtemia
1614 2321 2011 2384 concludebat,

2224 2323 2322 2384 ταῖς
2352 2317 2636 2382 πλατείαις
2687 2315 3064 2386 Ἰερουσαλὴμ,
3101 2317 3341 2378 ἕκαστος
3373 2317 3471 2388 τὴν
3509 2316 3733 2386 ῥάϐδον
3783 2389 3804 2402 .

434 2406 560 2459 vitae
585 2407 979 2474 prolixitatem,
1011 2418 1280 2482 terraeque
1323 2415 1484 2479 bona,
1547 2422 1600 2468 et
1647 2427 1834 2483 pacem
1913 2426 2013 2466 no-

2152 2411 2287 2466 ,ύτοῦ
2321 2412 2380 2463 ὲν
2409 2413 2474 2480 τῇ
2507 2414 2649 2480 χειρὶ
2685 2407 2852 2464 αὑτοῦ
2891 2407 3030 2479 ἔχων
3059 2409 3166 2462 ἀπὸ
3189 2408 3423 2480 πλήθους
3455 2407 3732 2481 ἡμερῶν,

435 2497 679 2552 minutim
726 2501 1064 2570 significans.
1103 2502 1292 2574 Itaque
1327 2513 1382 2560 et
1411 2505 1712 2562 Zacharias
1738 2507 1858 2560 ait:
1897 2523 1915 2556 ι
1948 2504 2005 2562 In

2151 2502 2229 2556 ιαὶ
2277 2500 2334 2552 αί
2385 2498 2636 2551 πλατεῖαι
2671 2498 2770 2568 τῆς
2808 2497 3017 2560 πόλεως
3064 2497 3467 2568 πλησθήσονται
3505 2496 3731 2550 παιδα-

435 2586 712 2645 fructuum
737 2593 986 2649 ubertate
1017 2595 1354 2652 habitabitur
1376 2597 1676 2654 Jerusalem
1705 2612 1735 2651 a
1764 2599 2008 2652 multitu-

2154 2594 2268 2646 aluw
2302 2590 2395 2644 καὶ
2437 2588 2709 2660 κορασίων
2771 2588 3096 2652 παιζόντων.
3135 2606 3154 2640 ι
3201 2587 3261 2641 ⁸0
3287 2587 3344 2640 δὲ
3635 2588 3734 2660 τῷ

435 2679 564 2740 tline
590 2681 872 2740 hominum
906 2693 960 2740 et
985 2687 1380 2756 jumentorum,
1403 2665 1679 2759 quassum
1709 2690 1762 2744 in
1787 2705 1850 2745 ea
1885 2691 1954 2744 τ’.
1993 2708 2012 2740 ι

1552 2669 1679 2745 sunt
1709 2690 1762 2744 in
1787 2705 1850 2745 ea
1885 2691 1954 2744 τ’.
1993 2708 2012 2740 ι
2132 2684 2377 2754 μέλλοντι
2408 2679 2507 2743 τὰς
2527 2679 2764 2749 ἀμοιϐὰς
2788 2679 3132 2749 ταμιεύεται.

437 2769 499 2838 Et
534 2788 789 2834 rursum:
841 2796 862 2831 ι
913 2779 1100 2836 Adhuc
1120 2781 1385 2837 sedcbunt
1411 2783 1654 2840 seniores
1694 2785 1747 2838 in
1779 2779 1972 2854 plateis
1999 2779 2326 2839 Jerusalem,
2357 2774 2734 2842 unusquisque
2773 2774 2980 2842 virgam
3009 2785 3162 2826 suam
3186 2768 3241 2826 in
3277 2785 3438 2825 manu
3463 2785 3568 2825 sua
3597 2769 3709 2824 ha-

439 2867 570 2920 hens
611 2885 720 2938 prae
747 2872 1096 2930 multitudine
1124 2875 1366 2942 dierum;
1395 2884 1448 2932 et
1476 2877 1666 2948 platea:
1697 2878 1936 2933 civitatis
1964 2875 2335 2945 implebantur
2359 2868 2620 2938 puerulis,
2644 2875 2698 2922 et
2723 2865 2917 2936 puellis
2955 2863 3272 2938 ludentibus
3299 2863 3368 2918 ⁸⁸.
3411 2880 3431 2914 ι
3462 2863 3534 2916 At
3567 2859 3718 2916 Sal-

445 2975 600 3021 ratur
631 2984 749 3036 qua:
783 2970 1016 3041 quisque
1037 2973 1256 3039 meruit,
1303 2975 1360 3029 in
1389 2973 1631 3029 futurum
1667 2975 1924 3031 sacculum
1959 2969 2225 3026 recondit.

509 3055 671 3112 Dicas
701 3073 830 3114 vero
855 3069 911 3113 et
966 3062 1364 3119 retributionem
1429 3079 1496 3120 eo
1551 3066 1718 3120 etiam
1772 3067 2088 3136 temporeC

2194 3058 2382 3123 Εἴποις
2413 3053 2458 3108 δ’
2493 3054 2560 3109 ἂν
2591 3053 2686 3118 καὶ
2722 3051 3138 3106 ἀνταπόδοσιν
3168 3053 3228 3103 ἐν
3257 3049 3336 3124 τῷ
3385 3048 3484 3120 τῆς
3547 3049 3734 3103 ἐνανο

443 3145 804 3204 factumesse
851 3149 1108 3220 intelligi,
1166 3168 1278 3222 quo
1334 3153 1734 3211 humanitatem
1795 3156 2023 3226 contigit

2154 3149 2468 3220 ιρωπήσεως
2491 3143 2772 3214 γεγονέναι
2797 3141 2996 3212 καιρῷ.
3029 3142 3142 3211 Τὴν
3167 3140 3280 3212 γὰρ
3331 3139 3427 3196 τοῦ
3451 3156 3734 3195 καταπα-

446 3251 753 3316 assnmere,
781 3247 912 3292 tunc
937 3239 1082 3294 enim
1143 3241 1372 3310 diaboli,
1419 3258 1448 3296 a
1490 3257 1602 3312 quo
1640 3243 1746 3314 ipsi
1795 3242 2019 3297 concul-

2159 3241 2389 3310 ήσαντος
2423 3236 2569 3305 ἡμᾶς
2624 3232 2872 3287 διαϐόλου
2920 3230 3172 3287 καθεῖλεν
3209 3228 3382 3302 ἰσχύν.
3407 3229 3498 3299 Διὸ
3555 3229 3734 3300 παρὰ

443 3325 728 3392 eabamur,
767 3329 920 3402 vires
953 3343 1076 3384 esse
1104 3331 1320 3386 excisas
1369 3340 1426 3386 et
1455 3340 1768 3402 superatas.
1800 3331 1922 3398 Quo
1945 3331 2022 3396 lit,

2153 3331 2288 3388 λαϐὶό
2311 3331 2371 3384 τὸ
2397 3329 2505 3384 τῶν
2528 3325 2950 3401 λελυτρωμένων
2976 3323 3514 3394 ὲξομολογησάμενον
3529 3323 3648 3392 τιρὸ
3659 3337 3733 3374 σ-

446 3423 507 3492 ut
538 3415 681 3485 apud
723 3416 1008 3484 Davidem,
1036 3433 1249 3497 eorum,
1280 3423 1375 3492 qui
1398 3422 1664 3494 redempti
1701 3434 1850 3487 sunt,
1899 3438 2026 3494 per-

2151 3441 2274 3479 mov
2339 3420 2597 3492 ἐπιφέρει
2633 3436 2648 3453 ο
2680 3437 2700 3472 ι
2741 3418 2864 3472 Ὀτι
2913 3417 3178 3487 ἐποίησας
3210 3417 3309 3487 τὴν
3360 3415 3543 3486 κρίσιν
3580 3431 3731 3484 μου,

447 3519 639 3558 sonam
696 3507 752 3561 in
806 3506 959 3564 hunc
1019 3511 1244 3566 modum
1304 3513 1618 3584 loquentem
1680 3513 2023 3570 introducat:

2156 3516 2219 3570 :al.
2251 3515 2348 3587 τὴν
2383 3513 2538 3583 δίκην
2574 3528 2698 3582 μου,
2755 3509 3019 3572 ὲκάθισας
3073 3508 3166 3562 ἐπὶ
3219 3507 3412 3580 θρςνου
3437 3506 3466 3558 6
3494 3506 3736 3578 κρίνων

453 3615 470 3648 ι
518 3593 791 3661 Quoniam
859 3597 1035 3656 fecisti
1093 3602 1367 3669 judicium
1431 3621 1615 3662 meum
1677 3614 1732 3662 et
1800 3621 2025 3663 causam

2159 3605 2490 3677 ικαιοσύνην.
2539 3602 2914 3672 Ἐπετίμησας
2959 3600 3195 3665 ἔθνεσιν,
3252 3599 3349 3653 καὶ
3407 3597 3739 3654 ἀπώλετοὸ

449 3701 648 3751 meam,
676 3683 866 3744 sedisti
899 3705 1066 3760 super
1083 3693 1344 3749 thronum
1373 3695 1465 3766 qui
1489 3695 1707 3765 judicas
1729 3696 2024 3767 justitiam.

2154 3698 2349 3768 ισεϐής.
2389 3714 2408 3748 ι
2469 3695 2604 3765 Περὶ
2629 3687 2690 3746 οἶ)
2731 3690 2893 3746 πάλιν
2947 3690 3113 3760 φησίν
3142 3706 3156 3720 ·
3187 3709 3206 3742 ι
3243 3688 3629 3760 Ζητηθὴσεται
3690 3691 3734 3759 ἡ

450 3774 748 3858 literepasti
781 3790 992 3850 gentes,
1030 3791 1086 3837 ct
1133 3785 1296 3853 periit
1354 3787 1558 3856 impius
1591 3787 1658 3840 ".
1692 3807 1710 3839 ι
1787 3787 1860 3842 De
1915 3801 2025 3858 quo

2158 3787 2368 3858 ιμαρτία
2398 3785 2585 3850 αὐτοῦ,
2626 3785 2720 3838 καὶ
2749 3783 2810 3836 ού
2843 3781 2918 3852 μὴ
2971 3781 3191 3852 εὑρεθῇ.
3228 3799 3247 3832 ι
3281 3781 3390 3834 Καὶ
3424 3782 3452 3834 6
3516 3778 3738 3851 Σωτὴρ

448 3857 582 3922 ειιιιῖ
609 3877 663 3922 et
695 3869 800 3924 ista
829 3887 1046 3927 rursum
1069 3889 1082 3924 :
1105 3891 1122 3925 ι
1155 3873 1442 3940 ρυιιιτριυιυ
1464 3887 1743 3946 peccatum
1779 3857 1948 3940 illius,
1968 3884 2023 3931 et

2158 3857 2180 3931 ε
2213 3857 2380 3946 λέγει·
2418 3897 2437 3930 ι
2473 3877 2586 3932 Νῦν
2613 3876 2791 3948 κρίσις
2814 3875 2936 3929 ἐστὶ
2976 3872 3072 3928 τοῦ
3131 3872 3342 3944 κόσμου
3379 3871 3738 3937 ratirati,va

449 3974 554 4022 ιιοη
619 3959 927 4016 invenietur
951 3962 1018 4017 ⁸⁸.
1059 3981 1078 4014 ι
1149 3965 1216 4018 Et
1274 3965 1378 4020 ista
1442 3968 1608 4021 etiam
1680 3967 2022 4021 Salvatoris:

2151 3969 2369 4038 ’ἄρχων
2413 3967 2508 4022 τοῦ
2566 3968 2774 4038 κόσμου
2835 3964 3030 4019 τούτου
3088 3964 3481 4036 ἐκϐληθήσεται
3527 3962 3667 4028 ἔξω.
3705 3983 3731 4017 ο

453 4068 471 4100 ι
504 4049 956 4118 Nnncjudicium
987 4061 1075 4107 est
1105 4057 1294 4109 mundi
1329 4055 1516 4125 hujus.
1582 4057 1742 4111 Nunc
1770 4057 2025 4126 princeps

2160 4061 2453 4130 ἵεχρίσθαι
2520 4059 2578 4113 δέ
2643 4076 2778 4130 φησι
2836 4059 2936 4114 καί
3001 4057 3417 4126 παρακαλέσαι
3473 4057 3740 4124 πάντας

451 4140 641 4195 mutuli
675 4141 842 4211 hujus
875 4143 1131 4213 ejicictur
1191 4146 1336 4203 foras
1365 4147 1432 4202 ⁸³.
1474 4168 1492 4202 ι
1559 4149 1648 4202 Ait
1697 4164 1825 4204 vero
1860 4157 1915 4203 et
1965 4165 2025 4205 se

2158 4151 2269 4218 οὺς
2286 4151 2658 4216 πενθοῦντας
2687 4169 2701 4184 ο
2738 4169 2757 4202 ι
2798 4151 3075 4222 Μακάριοι
3124 4151 3258 4222 γὰρ,
3289 4149 3547 4219 (malum!
3581 4166 3738 4203 πεν-

451 4231 578 4286 idco
629 4243 848 4313 unctum
880 4251 1013 4301 esse,
1054 4247 1112 4292 ut
1191 4254 1370 4292 omnes
1427 4239 1518 4311 qui
1565 4241 1774 4310 lugeant
1833 4256 2022 4296 conso-

2161 4241 2369 4308 οῦντες,
2416 4242 2499 4295 ὅτι
2554 4240 2707 4295 αὐτοὶ
2767 4239 3305 4310 παρακληθήσονται.
3337 4257 3357 4292 ι
3398 4237 3560 4291 Ἀλλὰ
3617 4240 3738 4292 καὶ

452 4321 612 4396 tatur.
655 4340 674 4373 ι
710 4322 857 4378 Beati
887 4329 1059 4394 enim,
1097 4327 1298 4399 inquit,
1355 4331 1448 4400 qui
1485 4331 1706 4402 lugent,
1761 4334 2020 4402 quoniam

2161 4331 2264 4399 τοῖς
2291 4332 2407 4400 τὴν
2429 4332 2584 4388 Σιὼν
2610 4331 2904 4386 πενθοῦσι
2931 4330 3110 4384 δώσει
3141 4329 3352 4395 δόξαν.
3416 4327 3741 4385 Ἔπένθουν

453 4415 560 4483 ipsi
597 4417 1036 4472 consolabuntur
1073 4419 1141 4476 ⁸⁸.
1181 4437 1202 4474 ι
1245 4421 1409 4474 Addit
1439 4432 1698 4492 praterea
1721 4463 1735 4488 ,
1773 4421 2020 4494 Lugenti-

2155 4425 2231 4494 ’ὰρ
2251 4425 2301 4476 οἱ
2326 4425 2456 4494 παρ’
2495 4421 2769 4484 Ἰουδαίοις
2797 4422 2956 4491 ἅγιοι
2979 4423 3077 4492 τὴν
3111 4421 3388 4475 ἔκπτωσιν
3415 4420 3509 4476 τοῦ
3555 4421 3735 4478 λαοῦ.

451 4506 546 4558 bus
599 4504 730 4560 Sion
785 4509 1020 4578 gloriam
1077 4527 1133 4564 se
1167 4510 1510 4566 collaturum.
1543 4513 1825 4584 Lugebant
1852 4515 2022 4578 enim,

2159 4515 2382 4578 Τοιοῦτος
2405 4510 2473 4585 ἦν
2498 4515 2526 4568 6
2545 4514 2753 4578 Παῦλος
2784 4514 2957 4581 λέγων
2985 4531 3000 4547 ο
3033 4515 3114 4568 ὅτι
3151 4513 3311 4584 Λύπη
3341 4513 3431 4582 μοί
3449 4514 3591 4577 ἐστι,
3617 4515 3739 4568 καὶ

449 4598 544 4661 qui
577 4597 724 4649 inter
746 4595 964 4663 ludatos
1011 4600 1188 4654 sancti
1216 4611 1397 4667 erant,
1425 4603 1608 4672 populi
1663 4605 2024 4662 calamitates.

2159 4604 2472 4666 ιδιάλειπτος
2505 4602 2664 4674 ὀδύνη
2691 4605 2756 4674 τῇ
2790 4603 2988 4674 καρδίᾳ
3021 4621 3124 4674 μου
3151 4604 3290 4672 ὑπὲρ
3317 4603 3423 4656 τῶν
3454 4602 3739 4671 ἀδελφῶν

449 4686 776 4750 (Zujusmodi
817 4687 1023 4752 Paulus
1054 4689 1173 4760 ipse
1217 4691 1380 4744 etiam
1437 4691 1563 4760 fuit,
1591 4696 1680 4764 qui
1713 4711 1772 4750 se
1803 4696 2027 4750 tristitia

2159 4713 2236 4748 ιου
2267 4694 2376 4748 τῶν
2406 4694 2682 4762 συγγενῶν
2703 4693 2846 4746 κατὰ
2863 4693 3059 4764 σάρκα,
3091 4695 3228 4765 ὑπὲρ
3239 4687 3312 4746 ὧν
3347 4693 3437 4747 καὶ
3460 4691 3739 4763 ἀνάθεμα

453 4777 616 4848 702
651 4779 787 4836 adeo
819 4796 1013 4852 magna
1049 4792 1104 4837 et
1148 4784 1416 4840 continuo
1451 4787 1620 4841 animi
1675 4787 1864 4842 dolore
1919 4785 2028 4840 fra-

2154 4783 2388 4851 rsvéaOat
2418 4781 2779 4852 προσηύχετο.
2814 4783 2927 4836 Καὶ
2944 4782 3151 4846 τούτοις
3173 4778 3265 4835 οὖν
3293 4781 3471 4836 δώσει
3490 4780 3734 4847 δόξαν,

455 4875 598 4920 trum
635 4868 858 4924 nomine
908 4881 1384 4942 cognatorumque
1434 4891 1658 4931 suorum
1723 4875 2024 4930 secundum

2155 4876 2236 4929 ta!
2291 4873 2427 4930 ἀντὶ
2477 4871 2736 4936 σποδοῦ,
2803 4873 2870 4943 ἢν
2910 4873 3290 4926 κατεπάσαντο
3315 4872 3559 4941 δεόμενοι
3614 4872 3735 4926 τοῦ

452 4973 678 5014 carnem
710 4960 994 5017 laborasse
1045 4965 1266 5030 asserit,
1299 4973 1359 5020 ut
1413 4982 1514 5037 pro
1562 4967 1673 5023 illis
1735 4969 2028 5022 anathema

2158 4963 2272 5018 9εοῦ
2297 4964 2364 5018 δι’
2393 4963 2611 5026 αὐτοὺς,
2642 4963 3030 5032 εὐφροσύνης
3057 4963 3336 5032 ἄλειμμα,
3360 4962 3458 5017 καὶ
3471 4961 3738 5031 στολὴν

453 5051 574 5106 Iieri
611 5066 929 5122 precaretur
959 5055 1026 5110 ⁸⁸.
1063 5054 1123 5110 Et
1153 5057 1273 5116 istis
1305 5058 1475 5129 igitur
1524 5060 1753 5129 gloriam
1802 5059 2030 5113 daturus

2152 5055 2398 5120 ἔνδοξον
2415 5096 2432 5121 ,
2467 5054 2586 5108 ἀνθ’
2609 5049 2684 5109 ὧν
2704 5053 2848 5123 ὑπὲρ
2873 5053 3054 5106 αὐτῶν
3096 5054 3156 5106 ὲν
3179 5053 3397 5120 ἀκηδίᾳ
3427 5053 3732 5121 γεγόνασι.

451 5149 554 5217 ρει,
595 5157 691 5210 pro
749 5144 923 5199 cinere
983 5145 1116 5215 (quo
1167 5148 1387 5202 luerunt
1436 5151 1642 5220 aspersi
1685 5165 1809 5204 cum
1851 5149 2017 5204 Deum
2061 5159 2282 5216 propter
2314 5147 2466 5215 ipsos
2489 5145 2697 5215 precati
2716 5144 2866 5214 sunt)
2893 5144 3427 5211 laetitiazunctiOncm,
3467 5151 3516 5196 et
3568 5145 3742 5197 ami-

451 5241 594 5310 gum
631 5233 924 5304 gloriosum
943 5253 964 5301 ;
1001 5239 1142 5308 quod
1175 5239 1386 5298 illorum
1436 5243 1654 5299 nomine
1685 5241 1909 5298 tristitia
1965 5248 2020 5294 et
2047 5255 2266 5293 uta-rore
2296 5237 2455 5307 τιαιίκί
2485 5252 2546 5293 se
2567 5237 2858 5293 voluerint.

527 5325 648 5396 Non
685 5329 889 5394 desunt
921 5339 1127 5400 tamen,
1160 5333 1252 5404 qui
1282 5334 1349 5388 ad
1389 5351 1507 5400 eos,
1539 5337 1629 5404 qui
1667 5346 1795 5392 ante
1825 5335 2026 5397 adven-

2210 5331 2368 5395 Τινὲς
2398 5331 2456 5384 δὲ
2475 5331 2602 5396 τοὺς
2637 5331 2744 5403 πρὸ
2797 5333 2898 5402 τῆς
2922 5331 3214 5403 ἐπιδημίας
3258 5330 3350 5385 τοῦ
3377 5328 3507 5385 λαοῦ
3570 5346 3733 5386 πεν-

524 5502 572 5543 πδ
601 5501 759 5577 inata.
799 5522 902 5577 xu.
930 5507 1140 5577 14,25."
1182 5507 1250 5563 ib.
1357 5509 1447 5568 52.
1528 5511 1568 5542 "
1606 5508 2000 5568 Matthaxwu,
2061 5510 2104 5562 li

2152 5509 2238 5562 ΞΟ.
2313 5508 2356 5540 ⁷⁸
2390 5505 2430 5558 ll
2461 5507 2587 5562 Cor.
2611 5521 2690 5572 rt,
2713 5505 2768 5561 2.
2843 5507 2888 5577 Ϊ⁹
2917 5504 3146 5577 Zachar.
3179 5523 3239 5572 ιι,
3271 5507 3323 5562 4.
3400 5507 3446 5539 ⁸⁸
3475 5505 3732 5566 Zachar.

459 5586 574 5648 χιιι.
601 5575 654 5637 6,
687 5573 739 5636 5.
817 5577 858 5607 ⁸⁸
896 5569 1138 5640 ΡδιιὶΛῖι,
1175 5577 1228 5643 5,
1253 5578 1304 5632 6.
1385 5583 1428 5611 ⁵³
1455 5581 1595 5636 Psal.
1631 5596 1682 5644 x,
1717 5581 1799 5635 15,
1875 5581 1922 5611 ³³
1952 5579 2039 5634 ,Ιοις

1875 5581 1922 5611 ⁸³
1952 5579 2107 5634 Joan.
2142 5595 2236 5644 an,
2277 5579 2363 5631 3|.
2440 5578 2485 5610 "
2525 5569 2714 5633 Matth.
2752 5594 2804 5643 ν,
2835 5575 2888 5632 5.
2961 5577 3008 5609 ⁸⁸
3049 5569 3332 5644 Bouh-Ix,
3369 5577 3423 5633 3.

1723 5698 1947 5762 VAli'AS
1987 5695 2393 5758 LECTIONES,

532 5783 554 5845 ἲ
593 5805 675 5856 πο
705 5788 785 5859 ὃς·
