4000 6314
286 374 439 441 9645

1417 383 1951 451 COMMENTARII
1991 390 2072 452 ΙΝ
2115 392 2401 455 ISAIAM.

3412 338 3550 450 2646

288 487 553 554 θοῡντας
615 488 713 553 τὰς
756 489 1031 561 ἁμαρτίας
1090 488 1276 560 φασὶν,
1327 490 1377 543 οἳ
1407 493 1502 545 καὶ⁸
1531 487 1875 564 προσεδόκων

1985 509 2120 565 tum,
2151 501 2332 572 populi
2356 506 2578 569 peccata
2614 499 2883 571 lugebant,
2911 498 3190 573 referant;
3240 499 3335 569 qui
3385 499 3551 552 etiam

285 578 385 630 τὸν
413 578 725 634 δικαιοῦντα
750 584 814 652 τῇ
848 581 1029 635 πίστει
1060 580 1149 634 τὸν
1177 580 1375 652 ἀσεϐῆ,
1425 581 1570 651 ᾶγιοί
1601 601 1659 636 τε
1704 584 1877 651 ὅντες,

291 668 394 720 καὶ
421 669 520 733 τὰς
533 672 870 742 προφητείας
898 673 1122 736 εἰδότες.
1156 672 1366 744 Βρέφος
1406 675 1459 743 γ’
1487 669 1579 728 οῦν
1609 675 1879 747 ὀΣυμεὼν

290 757 361 808 ἐγ
380 758 649 825 ἀγκάλαις
686 760 867 815 λαϐὼν
899 762 991 816 τὸν
1029 763 1265 831 Χριστὸν
1285 805 1298 830 ,
1332 764 1458 817 ἰδεῖν
1507 764 1881 835 ἐξομολογεῖτο

296 866 315 899 ι
370 850 485 918 φῶς
536 853 616 914 είς
669 854 1007 925 ἀποκάλυψιν
1067 856 1272 922 ἐθνῶν,
1320 855 1599 923 καὶδόξαν
1624 856 1750 910 λαοῦ
1784 874 1877 910 σου

305 940 549 1011 Ἰσραήλ.
584 961 602 993 ι
660 944 771 996 Καὶ
824 945 1099 1016 Ζαχαρίας
1163 947 1192 999 6
1233 948 1485 1002 Ἰωάννου
1537 946 1740 1018 πσιὴρ,
1796 948 1879 1000 ὃτι

291 1032 659 1102 ἐπεσκέψατο,
687 1035 780 1088 καὶ
807 1036 1065 1108 ἐποίησεν
1100 1036 1368 1107 λύτρωσιν
1405 1036 1481 1108 τῷ
1533 1036 1646 1108 λαῷ
1680 1038 1872 1096 αὐτοῦ.

293 1125 411 1178 Καὶ
442 1126 755 1197 Ναθαναὴλ,
789 1128 885 1181 Ὃν
914 1128 1117 1200 ἔγραψε
1151 1131 1357 1198 Μωσῆς
1387 1132 1481 1183 καὶ
1505 1131 1553 1182 οἱ
1577 1131 1873 1202 προφῆται,

294 1218 494 1284 φησιν,
523 1220 840 1291 εὑρήκαμεν
888 1221 1152 1289 Ἰησοῦν.
1183 1221 1521 1291 Πενθοῦσςν
1572 1218 1664 1277 οὖν
1695 1223 1878 1287 αὐτοῖς

292 1311 328 1378 ἡ
363 1308 452 1362 διὰ
481 1311 719 1381 Χριστοῦ
776 1311 1159 1384 παράκλησις
1190 1312 1418 1367 δέδοται.
1446 1313 1519 1366 Τὸ
1536 1313 1599 1367 δὲ
1620 1314 1878 1385 ἄλειμμα

290 1403 356 1456 τὸ
386 1403 486 1473 τῆς
551 1407 937 1474 εὐφροσύνης
962 1406 1292 1477 παρίστησιν
1346 1407 1547 1477 ἱλαρόν.
1592 1407 1778 1479 Ἐδόθη
1818 1409 1877 1461 δέ

291 1495 487 1558 αὐτοῖς
520 1498 614 1549 καὶ
636 1497 787 1562 δόξα
816 1498 1049 1565 Χριστός
1082 1514 1097 1528 ·
1133 1499 1190 1570 ἢ,
1222 1497 1297 1562 ὥς
1331 1500 1462 1568 φασί
1489 1516 1655 1563 τινες,
1690 1499 1877 1570 ἐπειδὴ

290 1586 567 1641 τέθεινται
628 1590 798 1659 αὐτῆς
854 1591 1190 1661 καθηγηταὶ,
1244 1592 1337 1643 καὶ
1391 1590 1702 1646 διδάσκαλοι
1734 1607 1749 1623 ·
1783 1592 1877 1646 καὶ

288 1680 464 1733 τέκνα
497 1680 651 1744 ὅντες
684 1681 784 1749 τῆς
822 1682 1097 1735 Ἰουδαίων
1146 1682 1477 1752 Συναγωγῆς
1515 1684 1593 1746 εἰς
1634 1683 1876 1754 πατέρας

289 1771 562 1838 ἐγένοντο.
606 1772 750 1843 Πρὸς
784 1773 851 1843 ἦν
882 1790 1047 1845 φησιν
1079 1776 1107 1827 6
1134 1773 1297 1827 Aa6i6
1328 1790 1340 1803 '
1385 1774 1530 1828 Ἀντί⁵
1566 1774 1676 1828 τῶν
1706 1775 1875 1829 πατέω

1983 592 2295 648 sanctitatis
2349 601 2404 647 et
2450 591 2784 662 prophetica:
2836 590 3169 662 cognitionis
3200 589 3373 659 gloria
3426 587 3552 641 illu-

1984 693 2129 739 stres
2154 698 2304 749 eum,
2337 698 2366 737 a
2387 699 2497 752 quo
2519 699 2613 753 per
2637 681 2795 737 ﬁdem
2814 680 3556 752 justiﬁeareturimpius,ex-

1981 775 2325 844 spectabant.
2386 774 2681 830 Pusiouem
2731 774 2932 843 quippe
3000 768 3224 825 Simeon
3283 770 3400 839 ipse
3430 782 3554 822 cum

1980 864 2263 921 Christum
2296 866 2349 919 in
2388 865 2614 921 brachia
2660 863 2961 934 accepisset
3008 880 3021 915 :
3091 880 3110 913 ι
3145 858 3357 915 Lumen
3391 872 3451 913 se
3486 856 3554 911 ad

1983 955 2375 1011 revelationem
2406 956 2671 1026 gentium,
2711 964 2764 1011 et
2795 955 3026 1026 gloriam
3061 952 3250 1023 populi
3278 949 3445 1006 lsrael
3475 949 3558 1003 in-

1981 1046 2119 1101 tueri
2173 1046 2454 1116 professus
2503 1055 2587 1102 est
2623 1047 2689 1100 ".
2735 1065 2754 1098 ι
2817 1044 3071 1102 Asseruit
3132 1052 3186 1100 et
3239 1040 3555 1104 Zacharias,

1977 1135 2210 1191 Joannis
2236 1148 2409 1207 pater,
2463 1136 2772 1207 inspexisse
2814 1136 3129 1202 Dominum,
3186 1135 3559 1207 populumque
3604 1138 3609 1151 '

1980 1243 2140 1284 suum
2174 1229 2472 1284 redemisse
2525 1229 2592 1284 ⁸⁷.
2653 1230 2796 1284 Dixit
2850 1230 3086 1301 denique
3142 1236 3197 1284 et
3230 1224 3556 1289 Nathanael,

1980 1333 2140 1388 quem
2166 1318 2287 1373 suis
2311 1318 2534 1389 scriptis
2559 1318 2737 1376 Moses
2761 1321 2903 1390 ipse,
2924 1330 2979 1376 et
3000 1320 3281 1391 prophetae
3303 1316 3559 1383 designa-

1979 1419 2105 1464 rant
2135 1407 2319 1463 Iesum
2353 1424 2413 1464 se
2444 1410 2719 1466 invenisse
2752 1410 2819 1466 ⁸⁸.
2852 1409 2950 1467 Est
2996 1410 3162 1482 igitur
3210 1408 3346 1480 ipsis
3382 1407 3559 1476 lugen-

1980 1501 2119 1553 tibus
2136 1514 2232 1569 per
2250 1499 2532 1555 Christum
2550 1500 2711 1554 allata
2727 1501 3041 1555 consolatio.
3060 1499 3343 1570 Signilicat
3360 1497 3560 1553 deinde

1979 1590 2241 1644 unctionis
2260 1605 2480 1657 nomen,
2494 1591 2669 1660 ipsam
2693 1590 2896 1646 ltrtitite
2915 1593 3261 1647 hilaritatem.
3283 1589 3379 1647 Est
3395 1606 3558 1661 porro

1979 1689 2033 1735 et
2080 1680 2189 1736 illis
2230 1679 2427 1750 gloria,
2460 1680 2713 1736 Christus
2741 1682 2856 1751 ipse
2887 1682 3108 1737 tributa.
3140 1679 3239 1736 Vel
3268 1681 3345 1748 id,
3400 1681 3556 1750 juxta
3666 1696 3671 1699 ‘

1981 1769 2364 1823 nonnullorum
2381 1769 2716 1839 opinionem,
2732 1785 2800 1826 eo
2817 1773 3038 1838 retulit;
3066 1771 3211 1840 quod
3240 1769 3364 1841 ejus
3391 1771 3558 1824 duces

292 1878 407 1930 ρων
435 1878 528 1914 σου
583 1842 921 1934 ἐγενήθησαν
946 1842 996 1917 οἱ
1041 1865 1148 1917 υίοί
1178 1882 1296 1919 σου.
1353 1865 1464 1918 Καὶ
1485 1864 1618 1933 γοῦν
1660 1866 1875 1929 Παῦλος

1985 1866 2037 1914 et
2072 1861 2362 1929 magistros
2402 1861 2505 1915 sibi
2567 1862 2858 1932 praefectds
2895 1864 3145 1928 haberet,
3185 1864 3278 1934 qui
3339 1871 3395 1918 et
3449 1863 3555 1933 ipsi

289 1952 503 2021 ἔγραφε
538 1955 649 2016 τοῖς
673 1953 941 2024 μαθηταῖς
971 1970 989 1989 ⁶
1039 1956 1129 2010 Ἐν
1191 1956 1300 2027 γὰρ
1329 1955 1551 2027 Χριστῷ
1587 1956 1760 2026 Ἰησοῦ
1787 1958 1876 2012 διὰ

287 2042 389 2095 τοῦ
444 2043 773 2113 Εὖαγγελίου
840 2045 949 2111 ἐγὼ
979 2047 1119 2117 ὑμᾶς
1142 2047 1423 2119 ἐγέννησα.
1451 2049 1560 2101 Καὶ
1592 2048 1766 2113 ἄλλως
1819 2050 1877 2104 δὲ

288 2132 455 2198 δόξαν
484 2135 754 2200 ἐδέξαντο,
793 2138 922 2191 ποτὲ
984 2138 1083 2208 μὲν
1110 2138 1397 2203 ἀκούοντες
1417 2155 1432 2170 ·
1485 2139 1876 2206 Ἀσθενοῠντας

298 2223 667 2293 θεραπεύετε,
699 2227 952 2298 δαιμόνια
986 2228 1279 2283 ἐκϐάλλετε
1304 2271 1319 2296 ,
1356 2230 1582 2300 νεκροὺς
1608 2230 1873 2303 ἐγείρετε,

292 2317 431 2369 ποτέ
465 2318 543 2379 δὲ,
581 2317 770 2388 Ὑμεῖς
798 2320 920 2372 ἐστε
944 2320 1004 2373 τὸ
1032 2320 1149 2389 φῶς
1186 2319 1280 2373 τοῦ
1306 2320 1531 2391 κόσμου.
1556 2317 1691 2377 Εἶτά
1715 2337 1879 2392 φησι*

290 2408 407 2460 Καὶ
454 2408 866 2475 κληθήσονται
916 2412 1116 2481 γενεαί
1169 2410 1565 2479 δικαιοσύνης
1608 2415 1881 2484 φύτευμα

290 2499 518 2564 Κιιρίου
544 2501 633 2565 εἷς
659 2499 887 2567 δόξαν,
942 2503 1186 2574 δηλονότι
1243 2504 1292 2556 oi
1342 2503 1880 2575 καταξιωθησόμενοι

287 2589 403 2642 τοῦ
429 2588 643 2645 δεκτοῦ
671 2592 969 2647 ἐνιαυτοῦ.
997 2594 1360 2665 Σύμμαχοςδέ
1382 2596 1503 2650 ἀντὶ
1537 2593 1630 2648 τοῦ
1657 2596 1877 2665 γενεαὶ,

293 2683 466 2751 φησιν
484 2685 746 2751 ἰσχυροί.
770 2685 1185 2756 Χρηματίζουσι
1236 2688 1345 2759 γὰρ
1379 2690 1425 2741 oi
1457 2689 1515 2754 ἐξ
1544 2688 1733 2755 ἐθνῶν,
1789 2688 1880 2756 γέ-

291 2790 389 2836 νος
440 2774 750 2839 ἐκλεκτὸν,
777 2776 927 2840 ἔθνος
950 2776 1129 2845 ἅγιον,
1172 2778 1301 2843 λαὸς
1328 2780 1409 2843 είς
1432 2777 1804 2849 περιποίησιν.

293 2867 566 2936 plantatio
589 2866 809 2923 Domini
843 2871 896 2925 in
928 2870 1157 2942 gloriam
1202 2889 1219 2926 :

1983 1949 2224 2005 Judaicae
2246 1949 2543 2023 Synagogae
2574 1951 2691 2018 lilii,
2716 1952 2771 2008 in
2795 1963 2978 2024 patres
3012 1966 3334 2019 evaserant;
3359 1954 3428 2012 de
3449 1971 3558 2026 qua

1985 2043 2244 2098 Davidem
2275 2059 2397 2098 esse
2431 2044 2670 2099 locutum
2703 2061 2811 2100 non
2863 2047 3217 2118 ambigimns,
3282 2063 3407 2104 cum
3459 2064 3560 2119 pro

1984 2136 2234 2205 patribus
2262 2144 2420 2189 natos
2468 2149 2591 2190 esse
2621 2135 2764 2192 ﬁlios
2799 2136 3085 2193 afﬁrmavit
3110 2138 3177 2193 θ’.
3216 2137 3282 2193 Ει
3330 2137 3560 2194 Paulum

1984 2228 2178 2292 etiam,
2215 2241 2338 2282 cum
2372 2227 2678 2297 discipulos
2724 2243 2857 2285 suos
2908 2230 3217 2300 alloquens,
3266 2246 3362 2288 eos
3412 2231 3560 2288 sein

1990 2317 2213 2374 Christo
2252 2318 2381 2375 Jesu
2417 2338 2515 2392 per
2539 2323 2892 2395 Evangelium
2949 2322 3207 2393 genuisse
3251 2305 3557 2379 scribit'”.

1984 2408 2134 2462 Alias
2166 2425 2299 2465 vero
2322 2420 2378 2464 et
2398 2412 2568 2481 gloria
2596 2411 2778 2468 allecti
2832 2419 2992 2478 sunt;
3044 2412 3137 2481 qui
3172 2412 3418 2468 inﬁrmos
3446 2410 3563 2482 qui-

1983 2501 2106 2556 dem
2135 2504 2390 2569 sanandi,
2418 2504 2510 2574 qui
2536 2504 2807 2560 daemonia
2837 2503 3118 2573 ejiciendi,
3167 2505 3261 2574 qui
3313 2514 3561 2560 mortuos

1981 2593 2144 2647 etiam
2177 2594 2482 2649 suscitandi
2508 2601 2833 2663 potestatem
2864 2605 3191 2663 acceperunt
3226 2595 3272 2628 ’ί
3303 2612 3318 2661 ;
3352 2597 3442 2665 qui
3464 2596 3561 2650 de-

1985 2685 2149 2753 uique
2177 2686 2357 2740 lumen
2391 2701 2451 2740 se
2482 2687 2724 2753 gentium
2779 2685 2896 2741 ﬁeri
2942 2685 3277 2740 audiverunt
3329 2685 3400 2739 ⁹².
3456 2684 3558 2740 Se-

1983 2775 2170 2846 quitur
2202 2776 2439 2832 deinde:
2474 2775 2537 2832 Et
2576 2775 2900 2832 vocabuntur
2944 2776 3307 2847 generationes
3328 2775 3562 2846 justitite

1286 2872 1321 2928 ii
1389 2873 1672 2940 nimirum,
1736 2874 1832 2943 qui
1890 2871 2205 2942 arceptabili
2243 2888 2381 2926 anno
2448 2873 2645 2944 dignos
2690 2887 2749 2928 se
2779 2870 3133 2943 praebuerint.
3160 2872 3268 2930 Sed
3311 2887 3412 2944 pro
3449 2889 3560 2942 quo

292 2967 664 3036 generationes
689 2968 971 3031 habemus,
995 2967 1310 3037 fortesdixit
1330 2967 1716 3039 Symmachus.
1780 2967 1921 3022 Sunt
1956 2970 2123 3033 enim,
2161 2968 2254 3039 qui
2303 2968 2370 3023 de
2426 2966 2682 3038 gentibus
2727 2967 3027 3033 exsistunt,
3078 2982 3251 3039 genus
3316 2968 3557 3056 electum,

292 3075 435 3131 gens
462 3069 673 3126 sancta,
697 3063 929 3132 populus
963 3062 1341 3133 aequisitionis
1361 3063 1427 3119 ".

371 3179 767 3245 Δικαιοσύνης
791 3179 848 3233 δὲ
866 3179 1067 3248 γενεαί
1093 3182 1190 3251 τῆς
1228 3182 1285 3235 ἐν
1338 3182 1556 3253 Χριστῷ
1579 3183 1672 3237 καὶ
1693 3183 1792 3255 τὴν
1815 3185 1874 3239 ἐν

2049 3181 2209 3253 703
2266 3180 2503 3236 Justitite
2544 3195 2665 3235 vero
2706 3177 3088 3250 generationes,
3122 3177 3264 3248 ejus,
3328 3191 3451 3247 quae
3503 3176 3561 3232 in

294 3267 453 3339 νόμῳ
480 3266 735 3338 νικώσης.
775 3287 793 3319 ι
836 3269 961 3321 Ἐὰν
990 3271 1100 3341 γὰρ
1144 3269 1219 3341 μὴ
1274 3271 1637 3343 περισσεύσῃ,
1686 3273 1875 3344 φησὶν,

294 3360 332 3428 ἡ
369 3357 682 3430 δικαιοσύνη
758 3360 911 3429 ὑμῶν
940 3359 1123 3414 πλεῖον
1176 3360 1285 3415 τῶν
1343 3362 1722 3433 Γραμματὲων
1782 3366 1878 3417 καὶ

292 3449 631 3522 Φαρισαίων,
662 3452 724 3506 ού
760 3451 834 3523 μὴ
876 3451 1156 3525 εἰσέλθητε
1209 3453 1290 3517 είς
1323 3454 1420 3525 τὴν
1450 3453 1729 3524 βασιλείαν
1772 3455 1879 3510 τῶν

292 3542 568 3613 οὐρανῶν,
608 3562 627 3595 ι
660 3543 727 3614 ῆν
751 3544 1010 3615 διήνυσαν
1050 3546 1286 3614 ἰσχυροί
1325 3547 1632 3615 γεγονότες,
1678 3548 1753 3611 ὡς
1792 3546 1879 3613 ἐξ·

293 3633 471 3687 έδωκε
494 3633 811 3705 Σύμμαχος.
830 3636 1106 3705 Φύτευμα
1123 3636 1178 3689 δὲ
1194 3637 1436 3705 Κυρίου,
1454 3637 1529 3701 ὡς
1549 3638 1684 3691 Θεοῦ
1705 3639 1880 3709 γεώρ-

293 3743 442 3794 γιον,
470 3727 598 3795 περὶ
622 3720 696 3780 ὧν
717 3726 946 3796 ἔψαλλεν
978 3729 1007 3781 6
1062 3727 1227 3781 Aa6i6
1252 3744 1269 3759 ·
1306 3748 1325 3779 ι
1361 3728 1766 3801 Πεφυτευμένοι
1820 3730 1879 3783 ἐν

292 3816 381 3887 τῷ
402 3818 534 3887 οῐκῳ
563 3818 793 3890 Κυρίου,
818 3820 875 3871 ἐν
895 3821 1015 3883 ταῖς
1042 3819 1233 3882 αὐλαῖς
1258 3818 1352 3873 τοῦ
1379 3818 1515 3873 Θεοῦ
1540 3820 1697 3890 ἡμῶν
1719 3820 1879 3887 ἐξαν-

294 3912 552 3979 θήσουσι.
594 3929 613 3961 s
658 3912 767 3964 Καὶ
786 3911 997 3974 Παῦλος
1048 3910 1107 3964 δέ
1140 3928 1306 3981 φησιν
1332 3927 1348 3944 ο
1384 3930 1403 3963 ι
1443 3910 1583 3978 Ἐγὼ
1606 3911 1880 3982 ἐφύτευσα

292 4004 472 4068 ὑμᾶς,
511 4002 784 4067 Ἀπολλὼς
814 4003 1084 4067 ἐπότισεν,
1109 4005 1138 4057 6
1161 4004 1218 4057 δὲ
1249 4002 1648 4072 Θεὸςηύξανεν.
1685 4024 1705 4056 ι
1742 4005 1879 4059 Συν-

293 4094 419 4167 ᾴδει
471 4094 565 4148 καὶ
595 4096 677 4158 τὸ,
736 4112 754 4145 ι
791 4094 1011 4157 Δίκαιος
1058 4094 1132 4159 ὡς
1162 4095 1336 4163 φοῖνιξ
1385 4094 1629 4166 ἀνθήσει.
1664 4114 1683 4147 ι
1767 4097 1880 4150 Καὶ

292 4186 816 4255 οὶκοδομήσουσιν
835 4184 1097 4257 ἐρήμους
1128 4188 1371 4254 αιωνίας
1401 4204 1416 4220 ·
1444 4186 1554 4241 τῶν
1588 4188 1719 4259 πρὶν
1746 4189 1882 4258 ἐρή-

283 4290 430 4343 μων
455 4275 625 4329 ἐθνῶν
651 4276 748 4339 τὰς
776 4275 972 4346 ψυχάς.
1023 4277 1248 4345 Ἥγουν,
1298 4278 1430 4346 φασί
1453 4295 1619 4343 τινες,
1653 4278 1714 4332 τὸ
1740 4279 1878 4350 πλῆ-

292 4367 394 4427 θος
427 4366 681 4435 ἐμφαίνει
706 4366 814 4419 τῶν
836 4366 925 4421 διὰ
964 4367 1205 4430 πίστεως
1231 4367 1608 4439 κεκλημένων,
1665 4371 1742 4434 ὼς
1772 4364 1879 4424 δεῖ·

296 4458 426 4510 σθαι
479 4459 718 4513 πόλεων
765 4457 969 4530 ἐτέρων
1024 4457 1095 4511 ἐν
1152 4457 1396 4528 ἐρήμοις
1446 4462 1829 4532 γενησομένων
1861 4479 1873 4493 '

1985 3275 2208 3332 Christo
2234 3282 2340 3339 est,
2371 3280 2426 3327 et
2462 3271 2686 3342 legalem
2712 3277 2956 3341 superat:
2988 3267 3136 3325 «Nisi
3152 3269 3299 3325 enim
3324 3267 3564 3324 abunda-

1986 3367 2144 3431 verit,
2163 3366 2361 3434 inquit,
2384 3363 2600 3434 justitia
2623 3370 2822 3425 vestra,
2837 3363 3138 3434 plusquam
3156 3360 3474 3417 Scribarum
3507 3370 3566 3415 et

1986 3456 2384 3513 Pharisaeorum
2410 3494 2426 3521 ,
2483 3469 2592 3510 non
2620 3454 2871 3525 poteritis
2916 3452 2974 3508 in
3012 3466 3243 3524 regnum
3295 3452 3561 3506 emlorum

1988 3548 2199 3619 ingredi
2230 3547 2315 3612 ";
2359 3563 2378 3598 ι
2422 3560 2658 3615 eamque
2684 3545 2993 3600 absolutam
3028 3554 3081 3600 et
3112 3542 3409 3613 perfectura
3437 3543 3563 3597 red-

1988 3636 2268 3701 diderunt,
2298 3633 2392 3704 qui
2429 3633 2595 3701 fortes
2646 3646 2728 3698 se,
2758 3641 2817 3685 ut
2850 3640 2936 3686 est
2990 3646 3019 3685 a
3060 3631 3397 3702 Symmacho
3440 3630 3566 3685 red-

1986 3726 2185 3789 ditum,
2248 3723 2645 3795 praestiterunt.
2679 3720 2776 3777 Est
2828 3737 2960 3777 vero
3002 3720 3268 3789 plantatt'o
3322 3720 3565 3785 Domini,

1986 3826 2248 3887 tanquam
2278 3814 2375 3870 Dei
2405 3814 2779 3886 agricultura:
2824 3811 2893 3868 de
2919 3812 3123 3883 quibus
3174 3820 3305 3867 sunt
3334 3812 3429 3865 illa
3458 3811 3563 3865 Da-

1985 3908 2168 3963 vidis:
2237 3927 2255 3959 ι
2296 3905 2532 3961 Plantati
2583 3905 2638 3960 in
2687 3906 2852 3960 domo
2912 3903 3149 3968 Domini,
3186 3904 3242 3958 in
3281 3902 3439 3957 atriis
3471 3902 3569 3957 Dei

1986 3999 2165 4055 nostri
2193 3998 2553 4053 ﬂorebunt”.
2584 4017 2603 4051 ι
2670 3997 2733 4051 Et
2778 3997 3025 4067 Apostoli
3054 4015 3067 4052 :
3134 4016 3153 4048 ‹
3186 3994 3299 4066 Ego
3324 3996 3563 4066 plantavi

1986 4109 2124 4160 vos;
2156 4094 2355 4162 Apollo
2380 4092 2611 4163 rigavit;
2666 4091 2812 4148 Deus
2838 4101 3019 4147 autem
3049 4091 3448 4146 incrementum
3472 4091 3561 4144 de-

1987 4189 2069 4244 dit
2101 4190 2168 4242 “.
2206 4206 2224 4239 ι
2294 4186 2506 4253 Quibus
2562 4184 2823 4239 convenit
2877 4192 2932 4239 et
2973 4182 3145 4237 illud:
3209 4200 3226 4233 ι
3258 4179 3452 4236 Justus
3508 4189 3565 4235 ut

1986 4281 2168 4349 palma
2223 4278 2525 4332 ﬂorebit".
2560 4295 2579 4327 ι
2624 4274 2889 4347 Sequitur
2911 4274 3151 4330 deinde:
3210 4273 3279 4327 Et
3331 4272 3566 4341 (edi/ica-

1989 4371 2114 4425 bunt
2138 4370 2350 4425 deserta
2387 4370 2742 4438 sempiterna,
2778 4367 2983 4439 quibus
3009 4367 3345 4422 desertarum
3401 4375 3567 4420 antea

1987 4463 2233 4531 gentium
2270 4462 2486 4517 animas
2549 4461 2828 4533 intelligit.
2866 4458 2962 4517 Vel
3002 4468 3154 4516 certe
3211 4461 3383 4528 (aiunt
3427 4475 3568 4514 non-

289 4550 467 4617 ἤγουν
501 4549 598 4612 τὰς
625 4550 923 4619 ἐκκλησίας
950 4549 1050 4612 τὰς
1082 4550 1214 4619 πρὶν
1250 4551 1493 4621 ἐρήμους
1545 4552 1875 4619 θεοσεὸείας.

1989 4554 2148 4621 nulli)
2197 4568 2388 4609 eorum
2449 4553 2727 4624 ingentem
2792 4552 2932 4608 adeo
2962 4568 3274 4617 numerum,
3316 4551 3410 4622 qui
3470 4566 3566 4620 per

290 4641 409 4694 Καὶ
425 4638 685 4706 ἥξουσιν
703 4641 1072 4710 ἀλλογενεῒς,
1096 4641 1514 4710 ποιμαίνοντες
1530 4643 1601 4698 τὰ
1619 4645 1875 4712 πρόϐατά

1994 4645 2152 4699 tidem
2179 4646 2357 4700 vocati
2385 4653 2537 4711 sunt,
2565 4646 2741 4702 fuisse
2772 4647 3147 4713 demonstrat;
3174 4656 3236 4699 ut
3265 4644 3570 4700 civitatibus

289 4748 437 4785 σου.
472 4731 592 4785 Τῶν
621 4731 730 4802 γὰρ
758 4734 1038 4803 προτέρων
1090 4732 1511 4804 ἐκϐεϐλημένων
1567 4735 1730 4806 (πρὸς
1786 4737 1875 4802 οῦς

1991 4734 2138 4795 aliis.
2177 4751 2299 4804 qua:
2334 4736 2387 4789 in
2417 4735 2796 4791 solitudinibus
2826 4744 3246 4802 construantur,
3285 4752 3422 4807 opus
3451 4737 3522 4792 sit
3548 4754 3562 4789 :

286 4839 380 4885 τις
420 4821 566 4891 λέγει
611 4826 897 4895 προφήτης
930 4840 944 4857 ο
988 4843 1006 4878 ι
1052 4819 1123 4877 Ὦ
1173 4825 1433 4896 ποιμένες
1474 4826 1693 4898 Ἰσραήλ
1722 4843 1738 4859 ⁸
1802 4829 1875 4898 μὴ

1988 4827 2073 4883 vel
2103 4828 2268 4882 etiam
2303 4827 2584 4885 Ecclesias
2614 4828 2767 4898 ipsas
2797 4829 3014 4895 innuit,
3046 4845 3168 4900 quae
3198 4831 3402 4898 pietate
3442 4829 3568 4883 Dei-

287 4914 585 4985 βόσκουσιν
642 4918 691 4969 oi
764 4916 1022 4987 ποιμένες
1069 4917 1337 4983 ἐαυτούς;
1371 4919 1495 4989 οὐχὶ
1525 4920 1595 4974 τὰ
1626 4920 1875 4991 πρόϐατα

1988 4930 2097 4982 que
2129 4915 2284 4970 cultu
2324 4915 2543 4969 fuerant
2582 4923 2743 4969 antea
2795 4914 3094 4971 destitutae.
3151 4915 3355 4986 Adjicit
3402 4932 3571 4986 porro

288 5010 586 5080 βόσκουσιν
622 5012 672 5064 oi
697 5012 988 5082 ποιμένες;
1027 5030 1046 5063 ›
1083 5013 1219 5083 πρὸς
1254 5011 1349 5076 οὒς
1370 5011 1558 5082 ἔλεγεν
1587 5014 1615 5066 6
1635 5014 1830 5083 Σωτήρ
1857 5029 1870 5043 ·

290 5122 315 5154 e
362 5103 692 5174 ’Δρθήσεται
734 5104 828 5173 ἀφ’
881 5102 1096 5174 ὑμῶνὴ
1146 5103 1395 5174 βασιλεία
1421 5104 1518 5158 τοῦ
1562 5103 1722 5167 Θεοῦ,
1781 5105 1876 5158 καὶ

282 5192 575 5265 δοθήσεται
636 5194 781 5250 ἔθνει
829 5193 1072 5249 ποιοῦντι
1105 5196 1232 5260 τοὺς
1282 5197 1531 5268 καρποὺς
1584 5195 1757 5266 αὐτῆς
1791 5197 1874 5265 ι),

285 5285 415 5338 ἀντὶ
461 5284 666 5339 τούτων
737 5285 946 5339 ἐθνικοὶ⁵
1003 5286 1284 5355 ποιμένες
1337 5287 1703 5357 κατέστησαν.
1757 5286 1875 5340 Ἐν-

280 5376 466 5430 ταῦθα
488 5377 544 5430 δὲ
583 5377 767 5445 σαφῶς
801 5378 896 5431 τοῦ
933 5378 1100 5448 νόμου
1161 5378 1473 5447 μετάθεσιν,
1503 5381 1597 5433 καὶ
1623 5380 1721 5449 τῆς
1750 5382 1874 5432 κατ’

279 5467 453 5522 αὐτὸν
496 5469 797 5539 ἱερωσύνης
845 5468 1165 5539 παρίστησι,
1202 5470 1400 5539 μηκέτι
1448 5469 1556 5523 τῶν
1613 5470 1679 5523 ἐκ
1724 5470 1869 5523 ΔΛευῒ

354 5642 797 5751 ﬁ“-
954 5648 1089 5751 ἕλιξ.-
1122 5649 1294 5751 ".98.-
1372 5648 1681 5751 ".3°.-':rr;..':
1720 5650 1813 5751 ⁴.ῐίο
1843 5721 1874 5751 ς,

1985 5651 2108 5706 ‘sal.
2150 5667 2295 5711 των.
2338 5652 2423 5705 Π.
2503 5651 2587 5702 ’⁸1
2617 5649 2744 5702 Cor.
2798 5664 2871 5708 Iv.
2922 5647 3005 5701 15.

2047 5723 2089 5751 ’³8
2163 5720 2200 5751 Ι)
2237 5723 2281 5751 ..Ι
2371 5736 2451 5751 om
2543 5720 2601 5751 ιι
2704 5719 2748 5749 98
2798 5717 2814 5751 Ι
2860 5721 2965 5751 Γηιο

666 5719 749 5768 14.
826 5719 911 5771 ⁵⁵1
952 5719 1102 5773 Pett'.
1175 5736 1233 5782 ιι,
1259 5720 1311 5773 9.
1420 5720 1465 5751 ”
1504 5719 1691 5775 Matth.
1752 5738 1799 5783 v,
1843 5721 1933 5776 20.

655 5787 701 5819 θ’*
736 5787 929 5843 ίίὶῑοςιι.
962 5803 1146 5853 xxxrv,
1213 5791 1267 5843 2.
1344 5791 1387 5823 "
1420 5788 1605 5849 Matth.
1657 5807 1771 5858 χχι,
1819 5792 1904 5845 45.

279 5717 334 5748 ⁸²
359 5713 548 5770 Matth.
574 5733 625 5780 ν,
666 5716 749 5768 14.
826 5718 911 5771 ⁵³1
952 5716 1102 5773 Pett'.
1175 5736 1233 5782 ιι,
1259 5720 1311 5773 9.

279 5801 400 5850 xm,
465 5785 546 5840 15.

1987 5015 2231 5060 venturos
2284 5021 2397 5059 esse
2447 5006 2798 5077 alienigenas,
2847 5008 2940 5077 qui
2998 5023 3115 5062 oves
3155 5007 3271 5077 ejus
3319 5020 3564 5077 pascant.

1983 5098 2271 5154 Prioribus
2303 5098 2452 5152 enim
2481 5100 2723 5168 expulsis
2750 5100 2817 5154 ad
2848 5116 2987 5171 quos
3010 5107 3141 5154 sunt
3170 5101 3260 5153 illa
3288 5103 3568 5171 propheta:

1983 5189 2391 5259 cujusdamztO
2416 5199 2666 5262 pastores
2702 5190 2894 5257 Israel,
2938 5192 3189 5261 nunquid
3238 5195 3565 5261 semetipsos

1985 5292 2220 5353 pascunt
2248 5296 2501 5355 pastores
2520 5284 2758 5340 YAnnon
2790 5300 2922 5340 oves
2949 5294 3179 5356 pascunt
3192 5293 3441 5357 pastores
3458 5285 3559 5337 θεῖ»

1985 5375 2051 5427 Et
2078 5375 2169 5428 illa
2211 5376 2552 5432 Salvatoris:
2596 5374 2923 5430 «Auferetur
2946 5391 2975 5429 a
3002 5377 3161 5433 vobis
3193 5392 3417 5445 regnum
3443 5374 3560 5438 Dei,

1977 5477 2033 5524 et
2067 5467 2288 5523 dabitur
2323 5469 2497 5541 genti,
2531 5484 2655 5540 qua:
2698 5467 2824 5522 edat
2882 5468 3101 5523 fructus
3161 5468 3373 5537 ejus".
3411 5486 3431 5520 ι
3504 5468 3582 5523 In.

3083 5646 3126 5678 "
3177 5644 3365 5699 Matth.
3412 5662 3463 5705 κ.
3504 5648 3557 5701 8.

2047 5723 2089 5753 ’³⁸
2163 5720 2305 5775 l’sal.
2370 5736 2478 5783 κει,
2543 5720 2626 5773 Η.
2704 5719 2748 5749 ⁹⁶
2798 5717 2965 5773 [Cor
3041 5730 3121 5779 tu,
3159 5716 3241 5771 6.’
3324 5716 3367 5746 "’
3416 5718 3557 5773 l‘aal.
