4000 6314
488 318 629 406 seu

1788 329 2142 392 PROCOPII
2171 331 2412 392 GAZIEI

3615 336 3753 400 εειε

488 449 680 508 gerum
713 433 893 490 lucum
916 437 1010 507 qui
1049 437 1117 494 de
1170 439 1426 511 gentibus
1465 442 1768 506 exsistunt,
1824 452 2044 514 pastore

2168 448 2348 498 λειτου
2359 444 2653 516 ρτούντων.
2681 443 2788 501 Ἦν
2814 445 2928 520 γὰρ
2947 447 3128 512 αὐτοῖς
3157 447 3422 521 ἀδόκιμον
3476 446 3542 502 τὸ
3589 448 3754 520 ἀργύ-

484 525 726 601 instituti
759 534 910 582 sunt.
939 525 1039 584 Hic
1073 531 1218 585 enim
1259 541 1450 601 aperte
1479 535 1612 604 legis
1657 541 1712 589 et
1761 535 2058 590 sacerdotii

485 616 606 686 ejus
636 619 1053 688 translationem
1087 619 1326 687 indicat;
1367 622 1516 677 nullo
1545 624 1780 695 amplius
1802 625 1869 680 de
1897 625 2059 682 Levi-

454 711 664 782 ltarum
727 720 927 774 genere
979 707 1308 776 superstite;
1353 724 1587 779 quorum
1632 721 1751 764 erat
1790 711 2050 782 improba-

484 807 622 870 tum,
656 801 801 856 etab
827 817 930 857 usu
963 811 1232 859 remotum
1281 815 1589 874 argentum.
1665 806 1788 874 Quo
1853 807 2040 864 factnn

483 901 592 963 est,
625 901 686 946 ut
715 893 782 948 de
810 895 1056 965 gentium
1089 911 1322 952 numero
1356 897 1412 952 in
1445 899 1664 954 illorum
1698 900 1874 954 vicem
1927 899 2055 961 sub-

486 983 632 1048 irent
656 996 896 1047 aratores
928 995 978 1042 et
1011 987 1282 1058 vinitores.
1313 987 1584 1056 Quoniam
1613 991 1756 1046 enim
1815 990 1908 1062 qui
1940 1005 2064 1048 cre-

484 1072 894 1148 dunt,persa3pe
919 1076 974 1132 in
1003 1076 1290 1150 Scriptura
1318 1081 1444 1136 vitis
1467 1090 1521 1136 et
1565 1081 1759 1136 hortus
1787 1081 2066 1150 appellan-

484 1175 609 1243 tur:
647 1175 702 1222 et
732 1167 822 1223 hic
855 1169 1020 1224 etiam
1045 1185 1154 1224 non
1185 1171 1423 1227 absimili
1454 1172 1756 1228 intentione
1783 1184 2061 1226 aratorum

485 1268 535 1332 et
567 1258 854 1318 vinitorum
882 1261 1105 1315 nomina
1135 1264 1447 1332 usurpavit.
1478 1263 1598 1318 Non
1635 1264 1710 1320 illi
1780 1264 1948 1335 igitur
2001 1263 2055 1317 id

485 1345 707 1414 honoris
733 1346 838 1402 sibi
859 1347 1182 1418 abripiunt;
1217 1349 1312 1405 sed
1347 1366 1376 1404 a
1412 1349 1522 1406 Deo
1551 1351 1726 1406 vocati
1761 1351 1942 1420 potius
1965 1363 2058 1402 ac-

483 1434 705 1508 pvdunt.
761 1435 934 1505 Fuere
991 1446 1255 1507 praeterea
1295 1449 1532 1508 pastores
1563 1440 1616 1494 in
1649 1441 1767 1508 lege
1813 1439 2064 1494 viticola-

2171 551 2304 605 ριον.
2339 535 2404 588 Οί
2430 534 2612 590 τοίνυν
2651 537 2712 603 ἐξ
2753 537 2923 591 ὲθνῶν
2978 539 3074 592 καὶ
3122 537 3417 608 ἀροτῆρες
3477 537 3751 607 γεγόνασι,

2168 624 2267 679 καί
2289 624 2720 696 ἀμπελουργοί.
2751 628 2906 698 Ἐπεὶ
2937 629 3045 701 γὰρ
3071 629 3305 700 ὲκλεκτὴ
3329 631 3402 702 γῆ
3460 629 3750 700 κέκληνται

2169 717 2498 789 πλεισταχοῦ
2523 719 2625 789 τῆς
2643 719 2878 791 Γραφῆς
2902 723 2952 774 oi
2998 721 3413 784 πιστεύσαντες,
3453 721 3553 776 καὶ
3579 721 3752 791 auus.

2167 807 2296 873 λὼν,
2350 809 2444 860 καὶ
2514 809 2690 879 κῆπος
2721 827 2738 843 ο
2762 809 3047 878 ἀναλόγως
3109 809 3411 880 ἀροτῆράς
3445 827 3608 880 φησι,
3663 811 3754 862 καὶ

2165 894 2647 964 ἀμπελουργούς.
2695 897 2910 950 Οὐκοῦν
2938 899 3039 951 οὐκ
3083 900 3268 963 αὐτοῖς
3291 899 3608 970 ἁρπάζουσι
3659 901 3754 968 τὴν

2162 983 2350 1056 τιμὴν,
2388 985 2694 1058 κέκληνται
2713 988 2770 1042 δὲ
2802 988 3004 1059 μᾶλλον
3035 991 3187 1062 παρὰ
3225 990 3383 1046 Θεοῦ.
3417 991 3532 1044 Καὶ
3547 990 3753 1043 οίκατά

2163 1073 2326 1144 νόμον
2351 1073 2408 1127 δὲ
2436 1077 2721 1143 ποιμένες
2774 1076 3101 1146 ἀμπελῶνος
3151 1077 3462 1150 ἐκλήθησαν
3487 1080 3748 1150 γεωργοὶ.

2165 1163 2295 1235 περὶ
2321 1157 2397 1217 ὧν
2423 1182 2590 1236 φησιν
2611 1167 2640 1219 ὁ
2667 1167 2860 1240 Σωτήρ
2889 1183 2906 1199 ο
2960 1169 3026 1222 Τί
3063 1147 3282 1241 ποιήσει
3316 1147 3356 1224 6-
3399 1147 3619 1242 κ’ῡριοξ
3655 1169 3750 1223 τοῦ

2163 1255 2486 1328 ἀμπελῶνος
2505 1261 2617 1324 τοῖς
2646 1263 2837 1325 κακοῖς
2861 1264 3134 1332 γεωργοῖς
3155 1281 3170 1330 ;
3205 1263 3332 1326 Τοῖς
3355 1259 3448 1317 οὖν
3470 1263 3598 1318 ἀντὶ
3630 1262 3751 1320 τού·

2166 1363 2274 1400 των
2313 1351 2341 1401 6
2374 1350 2658 1420 προφήτης
2703 1351 2868 1422 φησίν
2901 1367 2917 1383 ⁶
2970 1353 3164 1424 Ὑμεῖς
3200 1355 3258 1409 δὲ
3297 1355 3473 1424 ἱερεῖς
3502 1356 3748 1424 Κυρίου,

2171 1437 2558 1508 κληθήσεσθε
2606 1441 2946 1511 λειτουργοὶ
2986 1443 3094 1498 τοῦ
3149 1444 3299 1499 Θεοῦ
3329 1444 3519 1515 ἡμῶν.
3635 1472 3654 1491 ι
3765 1432 3776 1440 ’

482 1543 606 1606 [tum
643 1529 864 1584 nomine
898 1530 1214 1600 signiﬁcati;
1251 1533 1319 1587 ad
1349 1533 1495 1606 quod
1529 1533 1785 1589 Salvator
1816 1533 1934 1600 ipse
1968 1530 2292 1602 respiciens,
2324 1532 2454 1602 quid
2483 1533 2642 1590 malis
2695 1535 2867 1591 vineae
2933 1537 3240 1595 cultoribus
3307 1538 3586 1596 facturum
3644 1537 3751 1594 Do-

482 1624 690 1698 ;ninum
721 1620 884 1694 ’1οᾷ
910 1623 1264 1693 arbitremur,
1296 1625 1598 1697 interrogat
1633 1628 1673 1680 ί.
1703 1623 1831 1680 Illos
1873 1627 2058 1695 igitur,
2098 1623 2190 1694 qui
2229 1623 2283 1678 in
2313 1625 2548 1680 istorum
2581 1626 2761 1684 locum
2797 1630 3109 1696 subierunt.
3178 1633 3441 1706 pr0pheta
3511 1634 3750 1704 alloqui-

481 1732 614 1801 tur:
657 1723 789 1783 Cum
827 1723 1042 1776 Domini
1061 1729 1355 1778 sacerdotes
1383 1721 1482 1776 Dei
1515 1723 1684 1776 nostri
1737 1721 2008 1775 ministros
2067 1729 2311 1772 uocatum
2341 1720 2412 1773 iri
2437 1719 2647 1790 adjicit.

551 1815 784 1883 Quinam
817 1823 998 1882 autem
1022 1814 1138 1882 alii,
1172 1830 1336 1886 quam
1368 1813 1623 1871 Ecclesiae
1646 1813 1916 1875 vinitores.
1959 1811 2044 1881 for

2244 1811 2404 1874 Τίνες
2437 1812 2552 1865 ἀλλ’
2601 1815 2650 1867 oi
2671 1823 2697 1862 ε
2725 1814 2825 1884 τῆς
2857 1815 3186 1887 Ἐκκλησίας
3227 1819 3636 1890 (nuncupavi
3657 1861 3672 1883 .
3695 1821 3746 1876 οῖ

483 1907 758 1984 titudinem
790 1906 1023 1977 gentium
1052 1906 1136 1962 vel
1172 1905 1555 1961 abundantiam
1579 1905 1662 1977 (ut
1710 1905 1920 1976 Aquila:
1942 1905 2058 1974 pla-

479 1995 604 2067 cet)
635 1999 940 2054 comesturi
969 1998 1141 2054 sunt?
1168 1996 1360 2056 Nullus
1403 1999 1549 2054 enim
1589 1998 1752 2058 cibus
1773 2013 1926 2068 aeque
1953 2014 2056 2068 pa-

477 2090 714 2170 storibus
736 2089 996 2146 Ecclesiae
1019 2091 1293 2163 congruit.
1322 2099 1488 2162 atque
1504 2092 1622 2160 ipsa
1643 2093 1908 2162 gentium,
1935 2106 2057 2162 quat

480 2197 580 2270 per
604 2181 739 2236 istos
773 2181 1008 2236 salutem
1059 2181 1268 2249 adeptae
1302 2189 1452 2246 sunt,
1499 2180 1781 2250 fortitudo.
1829 2179 2056 2237 Fuerint

477 2289 608 2344 vero
636 2273 750 2339 isti,
779 2273 870 2342 qui
895 2271 1262 2342 fortitudinem
1287 2288 1439 2328 suam
1464 2272 1691 2330 ferendo
1706 2273 2052 2344 etpatiendo,

475 2367 531 2438 in
561 2367 814 2429 veritatis
837 2365 1144 2420 assertione
1175 2371 1548 2421 ostentat-unt.
1577 2365 1778 2435 Adjicit
1811 2379 1972 2434 porro
1998 2365 2052 2419 in

473 2457 678 2534 divitiis
693 2457 852 2524 etiam
882 2457 996 2528 fore
1029 2456 1400 2512 admirabiles.
1429 2454 1537 2512 Sed
1572 2456 1751 2512 estde
1806 2457 2049 2524 gentium

469 2548 673 2624 diuitiis
704 2547 1156 2618 intelligendum;
1191 2547 1260 2604 de
1287 2549 1490 2619 quibus
1523 2547 1590 2604 ad
1625 2547 1943 2605 Corinthios
1975 2549 2048 2603 ita

473 2639 669 2701 scribit
702 2639 1054 2717 'Apostolus:
1127 2659 1145 2692 ι
1183 2639 1404 2698 Gratias
1457 2656 1561 2710 ago
1607 2640 1718 2697 Deo
1766 2656 1890 2698 meo
1953 2656 2051 2712 per

468 2730 655 2810 desum
685 2730 992 2799 Christum,
1015 2733 1160 2802 quod
1185 2733 1239 2787 in
1265 2733 1522 2789 omnibus
1547 2733 1743 2790 divites
1768 2733 1898 2788 l'acti
1914 2734 2049 2792 estis

471 2825 526 2896 in
559 2824 652 2879 illo
675 2864 691 2889 ,
752 2825 809 2882 in
837 2825 984 2880 omni
1017 2824 1181 2880 verbo
1207 2834 1262 2879 et
1316 2826 1370 2879 in
1399 2826 1548 2879 omni
1600 2827 1856 2880 scientia:
1905 2827 2049 2881 sicut

471 2913 843 2973 testimonium
863 2913 1066 2971 Christi
1087 2912 1468 2968 confirmatum
1493 2922 1577 2970 est
1604 2915 1658 2970 in
1688 2915 1866 2982 vobis,
1891 2915 1965 2970 ita
1989 2925 2052 2970 ut

468 3005 608 3080 nihil
638 3005 780 3060 desit
832 3004 992 3060 vobis
1037 2990 1242 3058 in‘ulla
1275 3004 1447 3074 gratia
1477 3007 1518 3060 '.
1559 3024 1578 3056 ι
1643 3003 1784 3059 Sunt
1839 3013 2042 3067 tamen,

469 3094 564 3174 Qui
590 3111 686 3166 per
715 3094 1084 3164 fortitudinem
1122 3095 1378 3164 gentium,
1404 3096 1638 3152 collatos
1665 3111 1694 3150 a
1725 3097 2044 3168 potentissi-

466 3183 594 3247 mis,
617 3182 708 3252 qui
736 3185 800 3236 de
836 3183 1073 3250 gentibus
1131 3182 1310 3238 vocati
1364 3185 1496 3249 sint,
1543 3185 1786 3241 honores
1833 3187 2040 3240 intelli-

467 3281 618 3345 gant.
643 3271 739 3330 Vel
775 3275 826 3327 id
855 3275 975 3329 ideo
999 3275 1270 3344 adjectum
1288 3291 1430 3338 esse,
1460 3278 1603 3346 quod
1627 3279 1857 3348 gentium
1897 3279 2042 3335 vires

468 3365 608 3436 (sive
661 3363 908 3420 illustres
953 3366 1096 3433 apud
1150 3381 1265 3430 eas,
1316 3367 1432 3421 sive
1459 3369 1710 3423 saeculari
1770 3370 2041 3439 sapientia

464 3455 799 3512 exercitatos
825 3455 1119 3525 intelligas)
1151 3456 1366 3510 illorum
1393 3467 1715 3527 superatura
1740 3460 1810 3516 sit
1840 3461 2041 3516 oratio.

464 3545 706 3614 Laudem
739 3545 886 3598 enim
930 3556 981 3600 et
1024 3546 1252 3615 gloriam
1285 3547 1409 3603 ideo
1461 3549 1640 3616 adepti
1679 3559 1832 3616 sunt,
1895 3551 2039 3622 quod

466 3633 606 3704 ipsis
640 3634 959 3704 superiores
995 3649 1055 3696 se
1089 3636 1482 3711 praestiterunt.
1507 3636 1648 3694 Sunt
1671 3655 1907 3712 namque
1952 3643 2042 3696 do.

464 3735 676 3780 rtorum
735 3727 910 3798 gloria
943 3729 1034 3798 qui
1109 3729 1350 3800 mysticae
1423 3747 1615 3790 eorum
1676 3735 2040 3792 institutionis

465 3811 672 3872 auxilio
711 3818 944 3873 salutem
979 3818 1160 3890 adepti
1222 3829 1373 3876 sunt.
1423 3821 1743 3892 Cuiusmodi
1781 3825 1875 3894 qui
1919 3825 2040 3880 l’uea

468 3909 598 3973 rint,
633 3918 829 3964 terram
855 3910 1219 3980 possidebunt,
1270 3913 1527 3968 omnibus
1579 3915 1733 3984 potiti
1765 3916 2038 3980 videlicet,

464 4016 572 4076 non
611 4000 800 4067 Judma
827 4002 966 4064 sola,
1003 4013 1058 4055 ut
1084 4003 1119 4056 ii
1159 4003 1324 4058 olim:
1355 4003 1410 4058 in
1443 4020 1583 4074 quos
1611 4005 1785 4060 divisa
1813 4015 1896 4062 est
1931 4008 2036 4063 haav

461 4091 667 4169 reditas
701 4109 798 4165 per
829 4093 1016 4150 Jesum
1051 4093 1217 4161 Nave,
1248 4097 1339 4166 qui
1373 4097 1483 4151 veri
1514 4096 1645 4151 Jesu
1699 4109 1858 4168 typus
1911 4099 2034 4165 fuit,

461 4197 488 4244 ῃ
515 4183 810 4250 quoultera
839 4183 925 4236 illa
953 4192 1004 4237 et
1032 4185 1384 4253 praestantior
1399 4180 1751 4242 haereditatis
1783 4187 1924 4242 facta
1952 4199 2038 4245 est

459 4269 678 4334 divisio,
709 4269 778 4324 de
799 4285 904 4339 qua
935 4271 1017 4325 sic
1046 4271 1243 4340 legitur
1275 4271 1330 4329 in
1370 4271 1638 4327 Psalmis:
1702 4293 1721 4326 ‹
1755 4273 1976 4331 Postula
2005 4294 2034 4332 a

459 4375 567 4423 me,
597 4367 648 4418 et
680 4359 826 4416 dabo
848 4361 943 4416 tibi
969 4368 1158 4430 gentes
1194 4362 1574 4418 hereditatem
1611 4373 1782 4431 tuam,
1811 4376 1863 4420 et
1888 4369 2033 4422 fitni-

457 4453 640 4524 culum
665 4462 844 4517 tuum,
878 4455 1140 4507 terminos
1165 4462 1326 4508 terrae
1360 4455 1416 4518 ';
1457 4474 1475 4505 ι
1521 4471 1682 4525 quam
1707 4458 1896 4514 divisit
1928 4459 2033 4514 Do-

2160 1902 2256 1955 καὶ
2292 1902 2406 1972 τὴν
2435 1904 2620 1974 ἰσχὺν
2651 1907 2972 1963 κατέδονται
3013 1909 3134 1964 τῶν
3165 1909 3358 1965 ἐθνῶν
3379 1928 3398 1975 ;
3420 1912 3451 1981 ἢ
3475 1913 3622 1965 κατὰ
3655 1915 3744 1966 τὸν

2159 1994 2414 2060 Ἀκύλαν,
2475 1997 2590 2064 τὴν
2645 1999 2960 2067 εὐπορίαν.
2986 2001 3151 2056 Οὐδὲν
3182 2003 3290 2072 γὰρ
3320 2003 3742 2075 τοιοῦτοβρῶμα

2155 2088 2267 2148 τοῖς
2286 2087 2384 2158 τῆς
2445 2087 2774 2160 Ἐκκλησίας
2833 2093 3076 2162 ποιμέσι
3156 2093 3518 2164 κατάλληλον,
3570 2096 3649 2160 ῶς
3705 2099 3740 2168 ἠ

2159 2180 2337 2247 ἰσχὺς
2365 2181 2476 2234 τῶν
2495 2180 2561 2234 δι’
2585 2181 2766 2235 αὐτῶν
2825 2182 3148 2254 σωζομένων
3187 2185 3378 2240 ἐθνῶν.
3410 2179 3573 2240 Οὗτοι
3593 2187 3644 2241 δ’
3673 2187 3739 2241 ἂν

2155 2269 2265 2326 εἶεν
2313 2273 2362 2324 oi
2409 2272 2508 2344 τὴν
2555 2273 2742 2342 ίσχύν
2782 2274 2870 2329 διά
2919 2275 3020 2345 τῆς
3065 2276 3342 2346 ὑπομονῆς
3385 2279 3444 2330 ἐν
3469 2281 3536 2346 τῇ
3593 2278 3736 2348 ὑπὲρ

2154 2361 2413 2427 ἀληθείας
2443 2362 2844 2434 ἐπιδειξάμενοι
2879 2365 3172 2437 μαρτυρίᾳ.
3230 2366 3396 2419 Ἀλλά
3438 2368 3537 2421 καὶ
3563 2367 3735 2433 ἐνῖῷ
3779 2397 3793 2414 ο

2153 2453 2415 2520 πλούτῳ,
2450 2455 2605 2524 φησι,
2636 2454 3163 2524 θαυμασθήσεσθε.
3204 2457 3309 2509 Τὸν
3339 2455 3397 2508 δὲ
3431 2456 3542 2510 τῶν
3562 2455 3734 2508 ἐθνῶν

2153 2543 2446 2608 πλοῦτον,
2479 2545 2576 2614 ἀφ’
2595 2539 2671 2598 ὦν
2704 2547 2732 2598 ὁ
2755 2546 2966 2610 Παῦλος
2991 2547 3193 2618 γράφει
3241 2547 3574 2618 Κορινθίοις,
3605 2547 3734 2614 νοή-

2153 2649 2336 2703 σομενθ
2369 2653 2388 2686 ι
2415 2637 2736 2706 Εὐχαριστῶ
2763 2637 2839 2706 τῷ
2864 2636 2986 2708 Θεῷ
3016 2655 3119 2708 μου
3146 2639 3236 2693 διὰ
3265 2637 3440 2708 Ἰησοῦ
3465 2637 3728 2709 Χριστοῦ,

2148 2726 2229 2780 ὅτι
2255 2729 2312 2781 ὲν
2345 2729 2508 2780 παντὶ
2543 2729 2935 2799 ἐπλουτίσθητε
2972 2733 3031 2784 ὲν
3071 2731 3240 2800 αὐτῷ,
3271 2733 3328 2783 ἐν
3352 2731 3518 2784 παντὶ
3563 2730 3728 2799 λόγῳ,

2149 2816 2242 2868 καὶ
2301 2818 2452 2890 πάσῃ
2482 2819 2700 2884 γνώσει,
2737 2817 2922 2882 καθὼς
2950 2821 3010 2872 τὸ
3054 2821 3353 2891 μαρτύριον
3374 2817 3468 2872 τοῦ
3492 2818 3728 2889 Χριστοῦ

2149 2907 2453 2980 ἐϐεϐαιώθη
2486 2911 2543 2964 ἐν
2577 2910 2729 2982 ύμῖν,
2753 2910 2830 2975 ῶς
2856 2929 2917 2964 τε
2975 2911 3050 2983 μὴ
3103 2911 3445 2979 ὑστερεῖσθαι
3470 2913 3618 2982 ὑμᾶς
3672 2912 3728 2964 ὲν

2150 2999 2339 3070 μηδενὶ
2393 3001 2717 3070 χαρίσματι.
2759 3021 2778 3054 ι
2807 3002 2964 3065 Τινὲς
2993 3003 3050 3056 δὲ
3083 3003 3268 3072 ἰσχὺν
3297 3003 3511 3066 ἐθνῶν,
3536 3004 3638 3066 τὰς
3667 3005 3730 3064 ἐκ

2145 3093 2253 3144 τῶν
2277 3092 2667 3146 δυνατωτάτων
2693 3094 2866 3162 τιμὰς
2907 3095 3182 3163 λέγουσιν,
3225 3094 3384 3167 οῖπερ
3413 3095 3482 3150 ἂν
3525 3091 3636 3148 εἷεν
3658 3095 3730 3160 ἐξ

2145 3179 2336 3236 ἐθνῶν
2364 3182 2710 3253 κεκλημένοι,
2745 3183 2882 3254 ἢότι
2911 3187 2939 3238 δ
3001 3186 3132 3256 παρ’
3161 3184 3316 3256 ὑμῶν
3350 3187 3378 3226 ιι
3423 3186 3732 3256 ἐπικρατήε

2149 3286 2230 3322 σει
2293 3269 2450 3338 λόγος
2479 3271 2579 3340 τῆς
2608 3271 2892 3341 δυνάμεως
2921 3273 3041 3326 τῶν
3107 3273 3320 3341 ἐθνῶν,
3353 3274 3386 3346 ἢ
3431 3275 3541 3328 τῶν
3598 3274 3728 3345 παρ’

2144 3361 2374 3424 ἐκείνοις
2406 3361 2700 3434 λαμπρῶν,
2755 3363 2790 3436 ἢ
2821 3364 2930 3419 τῶν
2950 3364 3224 3436 κοσμικὴν
3257 3365 3587 3436 ἠσκημένων
3643 3380 3729 3416 σου

2144 3453 2293 3522 φίαν.
2363 3453 2582 3507 Τούτων
2655 3455 2766 3527 γὰρ
2841 3457 3273 3528 κατισχύσαντες
3333 3455 3723 3525 ὲδοξάσθησαν.

2143 3546 2424 3616 Καύχημα
2467 3545 2580 3616 γάρ
2622 3546 2960 3602 διδασκάλων
3013 3551 3064 3602 οί
3129 3549 3220 3602 διὰ
3274 3551 3373 3619 τῆς
3410 3547 3592 3601 αὐτῶν
3625 3563 3727 3600 σω-

2143 3637 2328 3700 θέντες
2413 3641 2804 3708 μυσταγωγίας
2836 3655 2852 3671 ’
2924 3641 2974 3694 oi
3030 3639 3088 3694 δὲ
3151 3639 3384 3694 τοιοῦτοι
3433 3643 3723 3707 κληρονο-

2135 3725 2408 3796 μήσουσι
2449 3726 2566 3792 τὴν
2589 3725 2730 3797 γῆν,
2757 3709 2974 3783 πάντων
3000 3731 3490 3802 ἐπικρατήσαντες,
3526 3729 3645 3782 ἀλλ’
3661 3729 3723 3782 ού

2127 3818 2314 3888 μόνης
2341 3817 2628 3881 Ἰουδαίας,
2683 3820 2826 3872 κατὰ
2854 3819 2983 3882 τοὺς
3006 3819 3176 3874 πάλαι
3225 3818 3722 3890 κληροδοτηθέντας

2140 3910 2246 3964 ὑπὸ
2281 3909 2456 3980 Ἰησοῦ
2482 3910 2659 3982 Ναυῆ,
2690 3910 2750 3974 ὃς
2773 3911 2943 3974 τύπος
2984 3907 3054 3981 ἦν
3077 3911 3170 3966 τοῦ
3199 3909 3454 3984 ἀληθινοῦ
3502 3908 3718 3978 Ἰησοῦ,

2138 4001 2232 4058 τοῦ
2271 4002 2372 4073 τὴν
2393 4001 2656 4072 δευτέραν
2692 4002 2789 4056 καὶ
2821 4003 3058 4074 κρείττω
3087 4003 3464 4076 πεποιημένου
3521 4001 3722 4072 κληρο-

2137 4092 2340 4157 δοσίαν,
2369 4093 2498 4164 περὶ
2535 4086 2606 4164 ἦς
2650 4109 2816 4162 φησιν
2863 4095 2922 4147 ὲν
2946 4093 3201 4164 Ψαλμοῖς
3229 4109 3244 4124 ·
3284 4113 3303 4146 ‹
3332 4094 3564 4164 Αίτησαι
3591 4093 3719 4162 παρ’

2137 4184 2294 4254 ἐμοῦ,
2321 4185 2416 4238 καὶ
2442 4182 2599 4238 δώσω
2630 4202 2712 4238 σοι
2738 4184 2865 4257 ἔθνη
2917 4187 3015 4257 τὴν
3054 4185 3420 4258 κληρονομίαν
3455 4202 3577 4252 σου,
3626 4183 3719 4236 καὶ

2135 4279 2233 4349 τὴν
2291 4276 2620 4347 κατάσχεσίν
2648 4293 2741 4329 σου
2767 4275 2834 4329 τὰ
2882 4276 3094 4346 πέρατα
3140 4277 3238 4346 τῆς
3274 4276 3401 4345 γῆς,
3440 4293 3460 4328 s
3518 4275 3584 4344 ἣν
3640 4272 3718 4325 δι-

2138 4369 2322 4438 ένειμε
2343 4370 2457 4430 τοῖς
2501 4367 2694 4422 ἑαυτοῦ
2744 4367 3038 4438 μαθηταῖς,
3088 4366 3281 4430 ἄλλους
3311 4365 3548 4434 ἀλλαχοῦ
3601 4363 3718 4417 δια-

2140 4459 2361 4530 πέμψας
2387 4458 2674 4530 χαίροντας
2707 4459 2765 4510 ὲν
2784 4457 2954 4528 αύτῷ,
2985 4458 3080 4512 καὶ
3135 4457 3326 4528 ὥσπερ
3358 4459 3478 4510 τινά
3515 4455 3714 4524 στέφα-

455 4544 641 4598 minus
679 4542 968 4611 discipulis
1009 4544 1148 4605 suis,
1193 4558 1318 4597 cum
1374 4544 1511 4602 alios
1567 4546 1678 4600 alio
1726 4549 2026 4608 dimitteret

2148 4569 2220 4605 ιον
2251 4549 2669 4622 περικειμένους
2719 4549 2835 4618 τὴν
2869 4549 3281 4619 εὐφροσύνην,
3326 4548 3427 4600 οὐκ
3449 4547 3510 4599 ὲν
3543 4561 3712 4615 προσ-

333 4623 348 4631 ’
457 4633 668 4686 alacres
699 4633 906 4695 animo,
941 4640 996 4688 et
1027 4633 1194 4688 veluti
1226 4633 1463 4704 quadam
1487 4635 1686 4690 twtitire
1720 4651 1924 4694 corona
1946 4655 2036 4695 re-

452 4725 702 4787 dimitos.
742 4725 795 4780 id
833 4733 919 4783 est
950 4740 1059 4780 non
1092 4725 1291 4780 tltixam
1321 4734 1376 4782 et
1440 4740 1898 4798 momentaneam,
1937 4735 2033 4789 sed

454 4816 724 4884 honorum
767 4815 1068 4873 stabilitate
1142 4823 1462 4888 perpetuam
1515 4828 1568 4873 et
1639 4823 2030 4891 sempiternam

453 4905 765 4966 mercedem
801 4907 1082 4964 habentes.
1113 4907 1270 4964 Fient
1317 4925 1450 4964 vero
1482 4911 1610 4972 ista,
1642 4912 1848 4982 adjicit,
1893 4929 2031 4984 quo-

451 5003 598 5056 niam
621 5000 893 5071 justitiam
923 5002 1139 5072 quidem
1176 5002 1341 5072 diligo
1365 5021 1394 5069 ;
1440 5005 1702 5077 odi705
1721 5017 1902 5063 autem
1939 5025 2030 5062 ra-

449 5093 605 5174 pinas
643 5107 710 5147 ea:
731 5093 1014 5164 iniquitate
1045 5085 1673 5162 malorum‘dtemonum,
1713 5099 1804 5168 qui
1857 5099 2032 5155 homi-

451 5195 581 5237 num
606 5180 819 5236 animas
849 5180 1128 5252 quondam
1157 5182 1510 5252 diripiebant.
1537 5183 1656 5249 Quo
1691 5184 1894 5240 factum
1917 5199 2025 5253 est,

452 5282 510 5350 ιιι
533 5286 642 5328 non
669 5272 723 5328 in
749 5271 967 5342 Iudaeos
986 5283 1221 5336 tantum,
1241 5275 1336 5328 scd
1357 5275 1410 5328 in
1434 5277 1696 5333 mortales
1723 5279 1886 5333 etiam
1908 5296 2024 5334 orn-

449 5379 546 5446 pes
579 5367 810 5440 gratiam
837 5381 1013 5422 meam
1043 5365 1400 5420 effunderem.
1428 5364 1534 5422 Sed
1581 5369 1880 5424 notandum
1911 5381 2018 5438 est,

2141 4644 2355 4715 καίροις
2408 4642 2631 4712 ἔχοντας
2659 4641 2756 4711 τὴν
2793 4640 3163 4711 ἀντιμισθίαν,
3190 4639 3304 4693 ἀλλ’
3358 4639 3418 4691 ὲν
3472 4639 3562 4692 ἀεὶ
3599 4637 3710 4689 δια-

2141 4738 2392 4810 μένουσιν
2457 4734 2704 4804 ἀγαθοῖς.
2755 4735 2950 4788 Ἔσται
2978 4732 3036 4786 δὲ
3065 4732 3262 4797 ταῦτα,
3305 4731 3494 4802 φησιν,
3522 4728 3709 4798 ἐπειδὴ

2136 4827 2536 4895 δικαιοσύνην
2573 4825 2670 4897 μὲν
2710 4824 2939 4894 ἀγαπῶ,
2976 4822 3138 4894 μισῶ
3164 4823 3222 4876 δὲ
3271 4823 3344 4877 τὰ
3369 4821 3440 4885 ἐξ
3474 4820 3711 4884 ἀδικίας

2133 4919 2488 4988 ἁρπάγματα
2515 4915 2620 4969 τῶν
2651 4914 2904 4986 πονηρῶν
2949 4915 3220 4984 δαιμόνων
3283 4912 3382 4974 τὰς
3432 4907 3707 4982 ἀνθρωπί-

2135 5027 2234 5074 νας
2285 5009 2454 5062 πάλαι
2509 5007 2920 5079 διαρπαζόντων
2971 5004 3170 5074 ψυχάς.
3227 5000 3392 5058 Ὅθεν
3443 5001 3546 5054 οὐκ
3577 4999 3708 5052 Ἰουο

2132 5101 2300 5164 δαίοις
2358 5100 2560 5168 μόνοις,
2613 5097 2748 5150 ἀλλὰ
2783 5097 2940 5161 πᾶσι,
3001 5094 3100 5164 τὴν
3129 5091 3370 5163 ὲμαυτοῦ
3422 5090 3585 5160 χάριν
3622 5087 3706 5154 ἐξ·

2131 5191 2302 5262 έχεον.
2344 5191 2490 5243 Ἀντὶ
2512 5188 2568 5242 δὲ
2591 5187 2684 5241 τοῦ
2707 5187 2982 5251 δικαίοις,
3015 5185 3086 5238 ἐν
3105 5183 3357 5250 ἀληθείᾳ
3386 5183 3588 5244 πάντες
3615 5181 3703 5250 ἑρ-

2133 5284 2407 5352 μήνευσαν
2433 5279 2692 5334 οίλοιποί.
2717 5279 2814 5340 Ὦς
2839 5293 2897 5330 τε
2923 5277 2986 5329 ού
3000 5273 3463 5344 διαψευσθήσεται
3483 5270 3701 5326 αὐτῶνό

2128 5373 2344 5443 μόχθος·
2369 5371 2485 5426 ἀλλ’
2507 5372 2578 5426 ἐν
2604 5370 2853 5438 ἀληθείᾳ
2884 5369 2979 5423 καὶ
3021 5367 3206 5428 αὐτοῖς
3271 5364 3694 5436 φυλαχθήσεται.

449 5472 556 5520 quo
579 5460 699 5514 loco
722 5459 883 5529 justis
906 5460 1194 5524 habemus,
1235 5461 1289 5512 in
1319 5459 1537 5513 veritate
1563 5469 1792 5518 caeteros
1826 5478 2014 5518 omnes
2058 5465 2404 5534 interpretari
2439 5484 2452 5521 :
2486 5464 2627 5519 unde
2651 5477 2758 5519 non
2786 5476 2910 5516 esse
2967 5458 3210 5514 laborum
3245 5457 3498 5512 mercede
3565 5455 3699 5509 raris

449 5563 599 5620 pzros
625 5555 973 5618 constiterit;
1001 5553 1095 5607 sed
1120 5551 1371 5606 eumdem
1421 5553 1530 5608 illis
1570 5557 1625 5607 in
1675 5558 1891 5610 veritate
1935 5559 2158 5614 recondi
2191 5564 2533 5630 servarique.

518 5641 534 5674 '
571 5641 762 5696 Matth.
794 5658 907 5700 ut.
946 5645 1029 5698 40.
1107 5643 1168 5696 ’1
1207 5643 1334 5697 Cor.
1367 5644 1546 5708 ι,ι-7.
1625 5646 1644 5678 ³
1671 5647 1808 5702 Psal.
1851 5667 1911 5710 ll.
1944 5651 1997 5705 8.

1730 5741 1961 5797 mum
2002 5743 2405 5812 LECTIONES.

551 5842 572 5879 ε
599 5843 684 5892 3'1).
718 5825 886 5888 ἄλλοι,
1045 5828 1071 5866 1·
1105 5827 1188 5882 ισ.
1221 5829 1420 5889 αὐτῶν.
