3966 6318
139 349 297 421 εειν

1274 354 1806 417 COMMENTARII
1864 357 1889 415 Ι
1898 358 1946 416 Ν
2006 358 2293 419 ISAIAM.

1978 131 2015 177 Ι

3277 361 3419 424 2850

215 468 378 531 Τινὲς
408 467 466 522 δέ
510 485 674 538 φασιν
704 468 885 523 αἰτίαν
926 464 1064 522 εἶναι
1095 466 1316 530 τούτους
1364 468 1492 549 πρὶν
1521 467 1726 536 ἀπελη-

1909 468 2049 522 Sunt
2083 480 2263 523 tamen
2318 469 2412 539 qui
2453 484 2675 525 causam
2712 488 2835 529 esse
2885 472 3094 536 dicant,
3130 487 3232 528 cur
3276 474 3416 528 istos

140 559 357 615 λάσθαιΔ
377 562 667 630 ποιμένας
696 561 979 632 πλεονεξίᾳ
1013 561 1327 631 χαίροντας.
1355 560 1513 631 οἵπερ
1550 561 1561 599 ί
1599 560 1733 613 ’ἀδί-

141 667 263 714 κως
301 651 676 719 πλουτοῦντες,
703 653 848 707 καθά
876 669 1042 724 φησιν
1075 656 1102 707 6
1128 654 1416 724 προφήτης
1436 669 1448 682 ο
1478 671 1497 702 ι
1516 650 1730 721 Θησαυ-

142 741 393 813 ρίζοντες
451 746 664 808 ἑαυτοῖς
723 743 1000 806 ἀσέϐειαν,
1042 745 1138 797 καὶ
1182 744 1600 814 ταλαιπωρίαν,
1653 747 1731 807 είς

142 833 371 903 ἑτέρους
416 833 558 887 αὐτὰ
590 833 1079 903 παραπέμπουσιν.
1105 852 1123 884 ι
1152 833 1299 901 Ἔφη
1337 832 1468 900 γοῦν
1502 835 1531 886 6
1569 833 1731 885 Σολοο

144 924 292 992 μῶν.
321 927 402 979 ὅτι
434 924 666 989 πλοῦτος
696 925 898 988 ἀδίκως
927 924 1293 993 συναγόμενος
1315 926 1401 989 iis
1413 924 1728 995 μεθήσεται.

144 1013 286 1082 Περὶ
340 1006 401 1068 οὗ
460 1016 808 1087 συστήματος
863 1017 956 1070 καὶ
987 1018 1014 1069 6
1059 1015 1223 1069 Δαϐίδ
1274 1010 1471 1086 φησινδ
1517 1034 1535 1066 ι
1584 1014 1731 1085 Πλὴν

142 1103 329 1172 μάτην
370 1107 721 1177 ταράσσεται.
759 1100 1116 1177 Θησαυρίζεί,
1162 1107 1258 1161 καὶ
1289 1107 1389 1159 οὐκ
1437 1102 1576 1158 οἶδεν
1621 1107 1731 1158 τίνι

143 1192 368 1257 συνάξει
394 1195 553 1248 αὐτὰ.
589 1214 607 1247 ι
635 1197 745 1248 Καὶ
774 1195 946 1258 ἄλλως
978 1196 1034 1249 δὲ
1065 1199 1177 1258 τοῖς
1222 1195 1291 1260 ἐξ
1323 1195 1518 1249 ἐθνῶν·
1570 1195 1728 1265 ὲδῦθη

139 1283 252 1335 τῶν
311 1285 615 1339 Ἰουδαϊκῶν
665 1287 1063 1340 διδασκάλωνό
1090 1287 1358 1361 μόχθος,
1422 1285 1566 1339 κατὰ
1622 1286 1682 1339 τό
1711 1302 1725 1316 ο

146 1392 165 1424 ι
191 1374 517 1445 ’Δρθήσεται
549 1376 642 1445 ἀφ’
680 1378 833 1447 ὑμῶν
872 1378 905 1446 ἡ
971 1377 1220 1447 βασιλεία
1271 1376 1365 1430 τοῦ
1397 1375 1531 1430 Θεοῦ
1563 1417 1577 1440 ,
1635 1376 1731 1429 καὶ

139 1466 430 1537 δοθήσεται
455 1467 600 1522 ἔθνει
631 1469 873 1522 ποιοῦντι
902 1471 1026 1532 τοὺς
1071 1470 1318 1539 καρποὺς
1342 1458 1533 1539 αὐτῆς.
1573 1487 1593 1520 ι
1629 1464 1734 1535 Οἷς

140 1559 241 1613 καί
282 1560 578 1630 διαθήκην
605 1562 846 1616 aliIn-tor
879 1561 1263 1629 διαθήσομαι.
1295 1562 1357 1614 οὐ
1390 1562 1463 1615 ’τὰ
1490 1561 1733 1623 Μωσέως

140 1650 481 1721 ἐντάλματα,
511 1652 572 1705 τὸ
600 1651 657 1705 δὲ
700 1651 799 1722 τῆς
843 1651 1039 1721 καινῆς
1093 1651 1356 1722 διαθήκης
1398 1653 1728 1723 μυστήριον·

140 1741 173 1812 ἢ
209 1741 309 1813 τὴν
331 1742 521 1797 ἐλπίδα
540 1744 641 1814 τήν
667 1743 1044 1814 ἀτελεύτητον.
1078 1740 1213 1798 Εἶτά
1237 1761 1370 1814 φησι
1394 1752 1411 1774 ⁸
1440 1743 1551 1799 Καὶ
1583 1761 1730 1814 γνω-

1834 569 2072 628 pastores
2101 560 2343 615 avaritia:
2388 561 2603 617 deditos
2636 564 2790 632 prius
2829 565 3071 634 abegerit
3103 584 3116 619 :
3163 565 3290 635 quia
3327 566 3412 619 in-

1831 650 1979 720 juste
2008 650 2352 716 ditescendo,
2393 659 2452 706 ut
2496 661 2582 709 est
2627 656 2769 722 apud
2819 656 3165 724 prophetam,
3207 673 3228 706 ι
3266 654 3414 708 Tlte-

1835 743 2179 797 saurizantes
2230 742 2335 799 sibi
2379 743 2714 813 impietatem
2777 756 2830 801 et
2858 748 3161 811 miseriam,
3195 747 3249 800 in
3278 745 3414 799 alios

1833 847 1895 886 ca
1926 834 2307 888 transmittunt
2338 835 2378 890 ⁵.
2436 855 2455 887 ι
2499 835 2716 906 Optime
2755 838 2919 907 igitur
2957 837 3239 902 Salomon,
3285 851 3409 890 cum

1835 925 2055 980 divitias
2087 928 2271 995 inique
2324 937 2616 998 congestas
2663 931 2840 983 evomi
2897 929 3120 984 tandem
3157 944 3409 1000 pronun-

1836 1018 2070 1074 tiavit“.
2188 1018 2260 1074 De
2298 1021 2554 1091 congerie
2594 1020 2867 1088 ejusmodi
2933 1019 3138 1075 fuerint
3198 1027 3253 1074 et
3315 1020 3410 1074 illa

1834 1109 2064 1165 Davidis
2128 1129 2140 1165 :
2201 1130 2218 1163 ι
2278 1110 2672 1166 Verumtamen
2757 1110 2961 1166 frustra
3022 1111 3415 1170 conturbatur.

1834 1198 2226 1265 Thesaurizat,
2301 1209 2356 1256 et
2406 1201 2620 1270 ignorat
2657 1201 2744 1256 cui
2807 1201 3165 1273 congregabit
3207 1214 3271 1254 ea
3301 1200 3345 1254 ³.
3384 1217 3404 1251 ι

1834 1290 1901 1345 Ει
1936 1306 2068 1345 vero
2104 1291 2241 1345 alias
2271 1291 2339 1345 ad
2386 1307 2481 1348 eos
2511 1294 2701 1359 etiam,
2736 1294 2828 1364 qui
2867 1292 2935 1348 de
2964 1293 3203 1362 gentibus
3256 1299 3408 1357 sunt,

1834 1384 2056 1438 transiit
2086 1382 2437 1439 Judaicorum
2483 1385 2783 1440 doctorum
2817 1384 3005 1449 labor,
3043 1383 3198 1452 juxta
3228 1382 3361 1436 illud
3391 1403 3407 1438 :

1841 1493 1861 1527 ι
1890 1472 2183 1529 Auferetur
2213 1490 2242 1528 a
2276 1475 2432 1530 vobis
2467 1490 2694 1544 regnum
2734 1475 2850 1540 Dei,
2895 1483 2951 1530 et
2987 1474 3207 1529 dabitur
3235 1471 3408 1543 genti,

1836 1582 1958 1636 qua:
2009 1564 2173 1620 iaciat
2218 1566 2432 1620 fructus
2469 1568 2589 1635 ejus
2630 1566 2673 1620 τ.
2712 1585 2732 1617 ι
2775 1567 2866 1619 Ait
2897 1574 3161 1636 praeterea
3205 1580 3262 1619 se
3290 1579 3409 1617 cum

1835 1661 1911 1714 eis
1942 1657 2113 1728 foedus
2142 1660 2514 1725 sempiternum
2561 1659 2859 1722 initurum;
2906 1674 3014 1712 non
3050 1657 3218 1712 Musis
3267 1672 3408 1725 prte-

1836 1759 2013 1818 cepta,
2057 1749 2153 1804 sed
2194 1751 2427 1804 recentis
2464 1751 2778 1805 testamenti
2811 1751 3095 1821 mjsteria,
3134 1750 3217 1802 vel
3245 1748 3404 1803 ﬁdem

141 1834 435 1900 σθὴσεται
468 1836 538 1890 ὲν
589 1835 714 1901 τοῖς
746 1836 953 1890 ἔθνεσι
999 1835 1069 1890 τὸ
1113 1835 1354 1905 σπέρμα
1395 1834 1628 1889 αὐτῶν·
1667 1835 1726 1888 οὐ

1834 1854 2126 1911 perennem
2155 1846 2209 1893 et
2245 1839 2611 1895 immortalem
2664 1840 3000 1911 intelligens.
3039 1838 3243 1893 Deinde
3271 1838 3408 1907 adji-

139 1924 203 1976 τὸ
231 1925 564 1996 σωματικὸν,
598 1928 683 1996 ἐφ’
707 1919 860 1999 ᾧπερ
905 1927 1169 1996 αὐχοῦσιν
1197 1927 1467 1987 Ἰουδαῖοι,
1496 1926 1632 1980 ἀλλά
1669 1926 1730 1979 τὸ

140 2016 362 2084 λογικὸν
388 2019 488 2088 τῆς
510 2020 862 2088 Ἐκκλησίας,
899 2018 929 2073 ὃ
956 2020 1135 2074 παντί
1166 2019 1482 2089 γνώριμον,
1518 2018 1595 2083 ὡς
1627 2019 1733 2073 ὑπὸ

140 2108 277 2163 Θεοῦ
306 2110 407 2180 τὴν
444 2109 671 2183 αὔξησιν
698 2112 833 2182 ἔχει.
862 2113 1104 2181 Σπέρμα
1138 2112 1246 2183 γάρ
1273 2113 1304 2183 ἢ
1343 2112 1440 2184 τὴν
1464 2112 1727 2166 διδασκα-

140 2197 286 2265 λίαν,
332 2199 367 2270 ἢ
412 2202 539 2264 τοὺς
587 2201 832 2270 μαθητὰς
892 2203 1160 2273 προσήκει
1195 2204 1335 2256 νοεῖν
1362 2243 1377 2267 ,
1411 2204 1461 2256 οἳ
1521 2204 1618 2257 καὶ
1672 2204 1730 2271 ἐξ

142 2291 317 2362 αὐτῆς
344 2291 523 2361 ὅψεως
570 2293 658 2348 διὰ
685 2294 784 2363 τῆς
814 2294 1190 2366 ἀγαθουργίας
1242 2295 1554 2364 ὑπάρχουσι
1590 2295 1730 2364 γνώ-

145 2397 317 2450 ριμοι,
352 2381 427 2445 ὼς
454 2382 624 2451 ἁγίων
668 2383 970 2453 ὑπάρχουσι
1005 2382 1272 2452 μαθηταὶ,
1306 2384 1549 2453 σπέρμα
1576 2384 1734 2448 ὄντες

143 2470 516 2543 εὐλογημένον
556 2474 662 2527 ὐπὸ
708 2473 866 2526 Θεοῦ.
912 2473 1108 2528 Ὀποῖα
1134 2474 1203 2527 τὰ
1256 2476 1378 2529 θεῖα
1409 2476 1519 2527 τῶν
1568 2493 1731 2545 μοναο

147 2559 348 2624 ἰόντων
383 2564 729 2634 συστήματα,
770 2566 901 2636 περ)⁸
951 2559 1027 2619 ὧν
1057 2568 1085 2619 6
1119 2565 1331 2630 Παῦλος
1379 2583 1575 2636 φησιν·
1610 2586 1629 2619 ι
1667 2567 1731 2620 Oi

144 2652 202 2706 δὲ
230 2652 325 2707 τοῦ
356 2653 594 2725 Χριστοῦ
637 2646 837 2726 Ἰησοῦ,
891 2657 990 2728 τὴν
1027 2659 1205 2728 σάρκα
1233 2658 1591 2727 ἐσταύρωσαν
1628 2657 1727 2710 σὺν

145 2745 259 2808 τοῖς
314 2744 611 2814 παθήμασι
649 2748 744 2799 καὶ
781 2749 901 2811 ταῖς
935 2747 1285 2818 ὲπιθυμίαιςυ
1319 2767 1337 2799 ι
1378 2749 1428 2800 οἳ
1454 2748 1547 2801 καὶ
1575 2750 1729 2806 αὐτοὶ

147 2834 671 2906 εὐφρανθήσονται
711 2838 810 2892 ἐπὶ
856 2838 938 2905 τῷ
988 2841 1200 2908 Κυρίῳ,
1248 2835 1338 2893 οἷα
1374 2840 1439 2910 δὴ
1472 2842 1731 2895 τοιούτων

151 2928 375 2998 σπέρμα
409 2929 712 2999 γενόμενοι,
739 2931 873 3001 περὶ
901 2924 976 2984 ὧν
1003 2931 1211 3000 ἔλεγεν·
1242 2932 1353 2986 Καὶ
1381 2934 1728 3002 εὐφροσύνη

149 3018 385 3085 αιώνιος
420 3019 573 3091 ὑπὲρ
605 3022 878 3090 κεφαλῆς
921 3023 1142 3077 αὐτῶν.
1173 3024 1331 3086 Τινὲς
1373 3024 1430 3077 δὲ
1473 3023 1570 3096 τὴν
1598 3025 1757 3095 ὅλην-

153 3109 309 3180 ρῆσιν
332 3108 593 3165 δύνασθαί
626 3129 760 3181 φασι
787 3114 881 3166 καὶ
929 3113 1005 3178 ὡς
1032 3114 1139 3167 ἀπὸ
1170 3114 1265 3168 τοῦ
1302 3117 1585 3185 προφήτου
1633 3116 1723 3168 λε-

150 3201 389 3271 γομένην
434 3205 594 3257 νοεῖν.
639 3205 790 3259 Ἐπεὶ
834 3206 942 3277 γὰρ
976 3205 1421 3276 ὑπερϐάλλουσαν
1470 3207 1573 3279 ἔφη
1624 3208 1719 3261 τοῦ

150 3292 422 3347 Δεσπότου
455 3295 871 3369 φιλανθρωπίαν
899 3298 994 3350 ἐπὶ
1017 3299 1074 3351 τὸ
1107 3301 1358 3369 κρεῖττον
1388 3299 1565 3353 πάντα
1594 3317 1726 3365 μετ-

151 3381 388 3448 οίσοντος
411 3424 426 3449 ,
461 3387 575 3439 Οὐκ
598 3386 729 3458 ἐμὸς
748 3390 776 3441 6
806 3388 987 3456 λόγος,
1027 3392 1161 3461 φησὶ
1181 3429 1195 3452 ,
1219 3389 1321 3459 τῆς
1352 3390 1410 3443 δὲ
1432 3390 1523 3443 τοῦ
1555 3392 1726 3444 Πνεύ-

155 3492 323 3545 ματος
356 3479 671 3550 ὲνηχήσειιις
700 3478 838 3533 Θεοῦ
884 3498 952 3550 με
997 3484 1138 3552 πρὸς
1164 3481 1562 3552 εὐαγγελισμὸν
1593 3484 1725 3537 ἀνα-

150 3566 419 3634 δείξαντος
448 3571 557 3624 τῶν
594 3571 899 3641 μελλόντων
946 3573 1165 3641 ἀγαθῶν
1194 3576 1303 3638 τοῖς
1333 3575 1393 3629 tv
1430 3575 1609 3641 πενίᾳ
1635 3590 1726 3642 γε·
1773 3601 1780 3607 ο

150 3661 488 3733 νησομένων,
511 3663 589 3727 ὠς
628 3663 695 3717 ἂν
728 3663 872 3718 ἴασιν
894 3664 1179 3736 δεξάμενοι
1219 3665 1459 3743 ψυχικὴν
1488 3667 1720 3734 ἐπανέλ-

152 3749 315 3808 θωσιν
339 3755 447 3809 ἀπὸ
474 3754 576 3825 τῆς
605 3754 751 3809 κατὰ
781 3756 988 3827 ταύτην
1015 3760 1453 3828 αἰχμαλωσίας,
1483 3759 1606 3829 ἥτις
1631 3758 1725 3811 καὶ

152 3844 356 3915 κυρίως
414 3845 585 3901 ἐστίν.
664 3847 1002 3916 Σωματικῶς
1056 3848 1166 3921 γὰρ
1225 3849 1294 3903 ἐν
1348 3850 1726 3917 αἰχμαλωσίᾳ

152 3935 398 4004 Δανιὴλ,
430 3938 528 3991 καὶ
566 3937 617 3990 oi
650 3942 800 4009 τρεῖς
831 3938 1113 4010 γενόμενοι
1162 3940 1350 4013 παῖδες
1371 3980 1385 4005 ,
1421 3939 1723 3993 ἀδούλωτον

152 4026 306 4099 ἔσχον
334 4031 396 4084 τὸ
452 4032 742 4102 φρόνημαο
779 4031 984 4103 μᾶλλον
1016 4032 1071 4086 δὲ
1128 4032 1224 4085 καὶ
1276 4032 1336 4084 τὸ
1389 4033 1550 4101 σῶμα
1586 4034 1721 4102 μήτε

147 4120 338 4188 πυρὸς,
375 4122 511 4191 μήτε
562 4121 789 4190 θηρίων.
805 4120 1268 4191 καθικνουμένων.
1320 4122 1632 4185 Ἐνιαυτός
1665 4122 1722 4174 δὲ

146 4213 366 4279 Κυρίου
405 4212 637 4279 δεκτὸς,
667 4214 725 4265 ἐν
754 4205 799 4281 ᾦ
861 4213 1161 4283 μεταδαλεί
1195 4214 1331 4282 πρὸς
1365 4214 1424 4266 τὸ
1468 4216 1718 4284 κρεῖττον

145 4297 287 4369 ψυχὴ
317 4300 395 4369 τῷ
446 4301 553 4353 τῶν
592 4301 782 4371 ψυχῶν
824 4302 1054 4372 γεωργῷ
1086 4302 1183 4371 τὴν
1231 4302 1537 4372 εὐκαρπίαν
1574 4320 1721 4374 παρ-

148 4387 366 4458 έχουσα,
406 4390 660 4463 καθάπερ
713 4392 884 4461 φορὰν
929 4393 1260 4463 σπερμάτων
1314 4394 1532 4463 ἐτήσιον
1587 4392 1720 4461 βλα-

1832 1932 1907 1987 cit
1935 1946 1949 1984 :
1980 1930 2047 1984 Et
2079 1939 2422 2002 cognoscetur
2463 1933 2518 1985 in
2550 1933 2792 2003 gentibus
2827 1948 3001 1987 semen
3033 1947 3215 1985 eorum
3242 1945 3262 1983 :
3295 1945 3405 1983 non

1831 2039 2156 2094 corporeum
2190 2025 2412 2094 quidem
2450 2025 2609 2089 illud,
2667 2040 2777 2095 quo
2840 2024 3152 2095 gloriantur
3192 2022 3404 2087 Judaei;

1832 2121 1925 2172 sed
1955 2116 2022 2171 ad
2050 2115 2352 2170 Ecelesiam
2401 2116 2665 2182 relatum;
2699 2116 2843 2186 quod
2885 2125 2971 2170 est
3028 2116 3270 2170 omnibus
3318 2132 3409 2169 ro-

1829 2209 2056 2279 gnitum,
2102 2216 2360 2277 tanquam
2398 2209 2542 2278 quod
2585 2223 2612 2261 a
2650 2208 2760 2261 Deo
2817 2209 3141 2263 incrementi
3191 2207 3274 2262 sui
3318 2224 3409 2262 ra-

1833 2300 2038 2354 tionem
2089 2298 2309 2353 babeat.
2365 2296 2597 2353 Seminis
2655 2298 2800 2353 enim
2873 2299 3263 2367 appellatione,
3324 2300 3402 2347 τοι

1831 2391 2163 2454 doctrinam,
2221 2391 2305 2445 vel
2358 2391 2663 2459 discipulos
2722 2389 2878 2444 decet
2930 2390 3264 2459 intelligere;
3311 2390 3406 2459 qui

1832 2484 1952 2555 ipso
1982 2485 2265 2537 oculorum
2294 2498 2454 2537 sensu
2483 2492 2701 2552 propter
2733 2497 2961 2551 operum
2987 2484 3281 2535 bonitatem
3313 2497 3407 2535 eoo

1832 2576 1991 2647 gniti,
2044 2573 2211 2629 veluti
2262 2583 2587 2627 sanctorum
2642 2573 2925 2640 discipuli,
2989 2588 3163 2625 semen
3199 2587 3229 2625 a
3299 2571 3406 2626 Deo

1832 2668 2175 2723 benedictum
2205 2664 2501 2721 exsistunt.
2536 2663 2861 2733 Cujusmodi
2908 2664 3243 2733 sunt,sancti
3286 2676 3409 2716 mo-

1832 2761 2133 2817 nachorum
2164 2765 2361 2822 cintus,
2395 2757 2463 2812 de
2492 2757 2693 2827 quibus
2742 2757 2882 2825 apud
2931 2756 3158 2810 Paulum
3204 2744 3257 2810 in
3290 2755 3405 2808 haec

1831 2854 1994 2907 verba
2056 2852 2286 2921 legimus
2323 2867 2372 2903 τι
2398 2849 2500 2916 Qui
2551 2858 2732 2903 autem
2791 2849 2921 2903 Jesu
2983 2849 3194 2902 Christi
3255 2834 3411 2907 sunt,

1832 2957 2053 2997 carnem
2086 2940 2481 2995 cruciﬂxerunt
2523 2953 2647 2993 cum
2701 2938 2988 2993 all'ectibus
3034 2946 3088 2991 et
3135 2938 3408 3005 cupidita-

1833 3036 1980 3089 tibus
2003 3034 2047 3088 ⁸.
2074 3052 2105 3084 »ι
2134 3034 2300 3087 Iidem
2325 3043 2379 3086 et
2416 3032 2473 3084 in
2509 3031 2735 3085 Domino
2781 3031 3125 3084 exsultabant
3155 3070 3168 3092 ,
3206 3031 3409 3098 quippe

1833 3126 1925 3194 qui
1955 3126 2061 3180 tale
2088 3139 2271 3180 semen
2296 3123 2594 3184 evaserint,
2621 3121 2689 3176 de
2719 3122 2924 3192 quibus
2956 3122 3243 3187 intellexit,
3280 3136 3403 3175 cum

1830 3218 2075 3275 laetitiam
2100 3218 2470 3285 sempiternam
2496 3216 2548 3266 in
2570 3224 2725 3281 caput
2758 3229 2941 3267 eorum
2975 3212 3092 3267 fore
3129 3212 3411 3281 significa-

1828 3311 1926 3365 vit.
1956 3310 2098 3363 Sunt
2124 3318 2329 3371 tamen,
2358 3306 2453 3374 qui
2486 3315 2657 3360 totam
2705 3305 2997 3359 verborum
3031 3304 3251 3369 seriem,
3282 3312 3409 3357 tan-

1828 3414 1990 3471 quam
2026 3414 2056 3452 a
2093 3399 2370 3469 prophetae
2400 3382 2631 3468 persona
2664 3397 2816 3464 sint,
2865 3397 3275 3467 intelligendam
3309 3411 3409 3466 pu-

1827 3499 1960 3545 tent.
1991 3490 2154 3561 706
2175 3488 2624 3560 Quandoquidem
2653 3489 2797 3543 enim
2851 3488 3251 3557 permaximam
3289 3502 3412 3542 esse

1828 3581 2046 3638 Domini
2083 3580 2478 3650 benignitatem
2520 3578 2683 3644 dixit,
2735 3580 2827 3648 qui
2882 3579 3066 3632 omnia
3107 3579 3161 3632 iu
3214 3578 3411 3632 melius

1827 3674 2158 3738 transferat;
2195 3686 2304 3726 non
2362 3685 2525 3725 suum
2573 3669 2708 3738 jam,
2742 3669 2836 3723 sed
2881 3668 3193 3722 resonantis
3246 3669 3299 3720 in
3352 3685 3412 3723 se

1825 3764 2062 3836 Spiritus
2103 3765 2198 3817 Dei
2230 3776 2542 3818 sermonem
2577 3775 2700 3814 esse
2741 3758 2900 3819 dicit,
2930 3760 3021 3827 qui
3063 3774 3120 3812 se
3162 3758 3226 3810 ad
3259 3758 3407 3811 futu-

1824 3869 2008 3909 rorum
2066 3853 2333 3906 bonorum
2397 3846 2875 3903 denuntiationem
2934 3847 3002 3899 iis
3063 3846 3407 3916 designavit,

1823 3959 1960 4015 quos
1988 3950 2129 3999 esset
2162 3951 2446 4011 paupertas
2482 3939 2742 3994 invasura
2774 3955 2788 3991 :
2827 3947 2885 3990 ut
2921 3937 3090 3990 animi
3125 3937 3404 3991 medelam

1822 4034 2053 4104 experti,
2078 4033 2323 4100 ejusdem
2354 4031 2430 4084 illi
2454 4045 2513 4085 se
2540 4029 2870 4098 captivitate,
2900 4040 3020 4097 quae
3052 4042 3179 4081 vere
3203 4034 3258 4081 et
3284 4042 3409 4095 pro-

1820 4126 1939 4195 prie
1995 4122 2225 4185 dicitur,
2277 4121 2597 4175 liberarent.
2656 4118 2901 4187 Corpore
2956 4117 3225 4186 siquidem
3282 4118 3408 4170 licet

1825 4212 2043 4276 Daniel,
2099 4209 2362 4280 puerique
2428 4219 2537 4263 tres
2560 4248 2575 4270 ,
2610 4206 2972 4276 captivitatem
3010 4214 3322 4275 paterentur
3347 4207 3404 4271 ’,

1824 4303 2006 4357 animo
2035 4309 2214 4356 tamen
2248 4315 2355 4354 non
2388 4298 2720 4354 sentiebant.
2766 4295 2877 4350 lmo
2924 4313 2992 4351 ne
3043 4311 3246 4364 corpus
3276 4296 3403 4365 qui-

1821 4394 1943 4449 dem
1974 4393 2192 4448 illorum
2231 4391 2313 4446 vel
2347 4389 2514 4460 ignis,
2539 4390 2626 4445 vel
2672 4387 2802 4443 ferte
2846 4388 3169 4458 attigerunt.
3223 4386 3405 4440 Fuerit

149 4483 449 4535 στανόντων
483 4484 580 4553 μὲν
630 4485 688 4535 ὲν
718 4482 967 4553 χειμῶνι,
1001 4485 1060 4537 ὲν
1107 4482 1230 4553 ἔαρι
1275 4483 1333 4536 δὲ
1379 4482 1715 4553 αὐξομένων,

1829 4498 1954 4537 vero
1986 4498 2157 4536 annus
2199 4480 2419 4535 Domini
2445 4477 2812 4547 acceptabitis,
2865 4479 2920 4531 in
2953 4491 3062 4545 quo
3102 4476 3404 4530 animarum

148 4570 240 4625 ἐπὶ
270 4574 327 4629 δὲ
359 4575 552 4644 θέρους
582 4574 999 4643 τελειουμένων.

1826 4572 2047 4637 cultori,
2078 4572 2257 4625 anima
2289 4571 2406 4641 ipsa
2434 4570 2489 4624 in
2522 4570 2717 4624 melius
2743 4576 3098 4629 commutata,
3128 4567 3405 4621 fructuum

148 4663 535 4720 abundantiam
583 4667 861 4721 ediderit:
904 4682 1012 4721 non
1069 4668 1229 4723 aliter
1285 4683 1448 4738 quam
1501 4669 1712 4723 semina
1753 4666 1976 4738 quidem
2005 4668 2123 4736 ipsa
2172 4667 2472 4734 quotannis
2505 4664 2685 4720 hieme
2712 4662 3056 4733 germinare;
3123 4676 3251 4740 vere
3312 4676 3409 4714 au-

148 4763 251 4812 tem
282 4775 531 4818 crescere
588 4770 643 4818 et
673 4763 881 4832 augeri,
927 4772 1114 4818 aestate
1152 4763 1384 4833 denique
1426 4763 1614 4834 perﬁci
1642 4763 1915 4818 videmus.

214 4846 307 4914 Οίς
347 4853 479 4907 ἀντὶ
525 4855 784 4922 πένθους
832 4857 1221 4925 εὐφροσύνην
1250 4857 1705 4927 εὐαγγελίζεται,

148 4940 242 4994 καὶ
268 4944 367 5013 τῆς
396 4946 729 5017 κατεχούσης
754 4949 949 5011 αὐτοὺς
982 4948 1251 5019 ἑκατέρας
1274 4949 1706 5019 αἰχμαλωσίας,

146 5026 193 5079 οἳ
225 5032 317 5084 καὶ
373 5034 860 5108 ἀνοικοδομήσουσι
907 5039 1007 5102 τὰς
1059 5039 1317 5102 πλείστας
1367 5057 1712 5111 κατεστραμ-

151 5115 337 5185 μένας,
371 5116 553 5188 ἓξουσί
579 5141 640 5178 τε
669 5127 796 5189 τοὺς
816 5127 1153 5196 ’ἀλλοφύλους
1187 5128 1245 5179 ὲν
1283 5127 1573 5197 ὑπηρετῶν
1617 5126 1714 5179 τά-

147 5223 318 5277 γματι
372 5215 682 5285 εὐχομένων
728 5218 984 5286 θητεῦσαι
1038 5221 1148 5283 τοῖς
1212 5218 1578 5287 Ἰσραηλίταις
1630 5217 1710 5289 τῷ

151 5294 292 5372 λόγῳ
324 5303 425 5372 τῆς
464 5304 772 5371 θεοσεϐείας
811 5308 1145 5378 ἱερωμένοις.
1190 5309 1312 5361 Ὅτι
1344 5310 1448 5380 γάρ
1482 5308 1713 5372 ἕκαστος

149 5388 337 5457 ἱερεὺς
361 5389 501 5447 εἶναι
526 5395 752 5451 δύναται
781 5398 875 5452 τοῦ
907 5399 1064 5464 Θεοῦ,
1091 5399 1330 5487 δείκνυσι
1351 5401 1444 5453 καὶ
1476 5399 1537 5452 τὸ
1575 5400 1696 5454 κατ’

217 5496 425 5557 ‘Amos
468 5518 564 5571 ιιι,
602 5509 685 5565 ιο.

171 5579 187 5617 Ι
230 5580 283 5627 et
310 5586 391 5626 ιιι.

778 5511 800 5544 ⁸
841 5509 979 5579 Ιηιο,
1010 5507 1110 5567 Job
1138 5525 1227 5576 xx,
1258 5510 1345 5564 l3.
1419 5511 1441 5542 ⁸
1469 5508 1612 5565 Psal.
1647 5525 1851 5564 xxxvttt
1877 5549 1891 5574 ,
1917 5508 1973 5560 7.
2052 5508 2072 5540 ⁷
2106 5503 2295 5559 Matth.
2331 5519 2421 5558 xu
2444 5545 2457 5569 ,
2501 5502 2590 5558 ιδ.

1884 4853 2110 4907 'I‘alibus
2169 4850 2335 4913 igitur
2386 4863 2481 4914 pro
2534 4846 2676 4900 luctu
2770 4846 3015 4917 (tentiam
3082 4842 3406 4908 denuntiat,

1812 4942 2174 5016 quantumvis
2216 4956 2313 4994 eos
2346 4947 2643 5007 utrumque
2678 4946 2910 5007 occupet
2939 4937 3266 5004 captivitatis
3310 4952 3406 5003 ge-

1813 5050 1936 5089 nus.
1966 5030 2296 5086 Excitabuut
2328 5035 2381 5081 et
2414 5026 2515 5094 ipsi
2540 5026 2752 5079 animas
2781 5023 3257 5097 quamplurimas,
3281 5038 3409 5088 quae

1815 5129 2109 5195 prostratae
2138 5117 2418 5189 jacebant,
2472 5115 2863 5183 habebuntque
2913 5113 3249 5182 alienigenas
3282 5126 3404 5163 ser-

1815 5228 2008 5270 vorum
2038 5212 2178 5274 loco,
2227 5209 2323 5278 qui
2378 5206 2645 5261 lsraelitis
2677 5206 2899 5275 pietatis
2946 5220 3074 5275 ergo
3135 5218 3291 5256 saera
3328 5202 3406 5269 las

1817 5306 2115 5366 cientibus,
2151 5299 2403 5355 famulari
2435 5307 2715 5367 exoptem.
2769 5295 3230 5374 Unumqucmqne
3255 5293 3404 5361 enim

1821 5395 1911 5450 Dei
1947 5391 2270 5447 sacerdotem
2296 5404 2420 5443 esse
2445 5402 2607 5457 posse
2644 5386 2888 5442 ostendit
2924 5394 2979 5439 et
3004 5399 3125 5453 qua:
3166 5397 3261 5452 per
3288 5381 3389 5455 do-

2682 5501 2704 5532 ⁸
2733 5496 2916 5553 Ὀειειι.
2952 5513 3003 5563 ν,
3037 5496 3129 5549 24.
3204 5495 3225 5525 ⁵
3251 5493 3390 5569 Dant
3432 5472 3433 5479 γ

1429 5661 1657 5718 ἾΑΒΙΛΕ
1694 5660 2101 5718 LECTIONES.

225 5743 239 5784 ί
304 5743 391 5799 Ic.
421 5746 501 5799 ὃτι
532 5765 656 5819 περ.
