3966 6318
532 347 665 414 2651

1901 357 2256 422 ΡΒΟΟΟΡΗ
2291 363 2535 425 ῦΑΖιλΕῘ

2529 208 2554 234 κ

3685 366 3821 431 εεῑε

534 478 652 519 mos
683 463 926 535 singulas
960 465 1082 521 ovis
1113 467 1484 534 mactabatur,
1518 478 1574 524 et
1614 485 1736 541 quae
1786 488 1885 543 per
1913 475 2120 544 quosli-

2229 472 2373 530 οἷκον
2416 478 2680 548 θυόμενον
2713 477 3008 550 πρόϐατον,
3038 471 3193 548 καὶὴ
3227 477 3319 531 διὰ
3371 476 3554 544 λόγων
3584 478 3790 530 ἑκάς-τε

533 557 620 610 bet
648 570 836 623 preces
869 555 981 611 Deo
1001 555 1326 612 offeruntur.
1358 558 1459 624 Qui
1494 561 1658 630 igitur
1683 561 1870 632 pietati
1895 563 2110 618 incum-

532 648 683 712 bent,
715 649 951 716 gentium
987 649 1362 704 oblationibus
1401 650 1590 706 divites
1621 651 1823 718 effecti,
1868 655 2111 710 admira-

533 740 667 795 biles
697 740 862 794 etiatn
893 739 1061 794 futuri
1092 751 1247 808 sunt,
1279 753 1582 812 terramque
1605 744 1792 810 aliam,
1825 760 1935 800 non
1963 754 2111 802 vete-

531 847 670 896 rem,
699 833 1020 899 possessuri,
1076 847 1184 886 non
1227 833 1340 902 jam
1401 834 1494 903 qui
1536 834 1752 889 fuerant
1799 843 1980 899 antea,
2013 834 2110 890 sed

531 925 646 985 alii,
678 933 732 978 et
772 925 932 980 amici
976 924 1234 995 iudicati.
1291 925 1406 996 Ego
1437 928 1602 991 enim,
1657 928 1827 994 addit,
1876 929 2112 998 justitite

531 1033 648 1070 sum
689 1017 968 1082 Dominus,
1011 1019 1104 1088 qui
1163 1033 1275 1072 non
1331 1034 1494 1075 omne
1547 1035 1719 1090 genus
1774 1022 2106 1088 rapinarum,

531 1107 624 1161 sed
655 1109 800 1177 quod
824 1122 891 1162 ex
945 1109 1230 1178 iniquitate
1259 1117 1358 1175 est,
1401 1110 1525 1164 odio
1567 1127 1878 1181 prosequor.
1927 1111 2108 1182 Diligo

531 1198 802 1266 siquidem
829 1209 883 1254 et
909 1214 1028 1265 eos,
1059 1201 1152 1270 qui
1199 1216 1426 1271 regnum
1473 1201 1740 1256 cmlorum
1787 1205 2001 1269 rapiunt
2043 1205 2106 1258 '°.

532 1286 634 1354 Qui
670 1297 848 1345 autem
895 1289 1098 1360 injuste
1146 1293 1400 1361 rapiunt,
1447 1309 1553 1348 non
1599 1295 1668 1349 iis
1717 1303 1952 1360 tantum,
1989 1313 2110 1366 quae

532 1390 844 1448 rapuerunt,
880 1383 1102 1452 privati,
1137 1385 1382 1454 nudique
1429 1385 1631 1438 abituri
1681 1393 1831 1450 sunt,
1863 1387 1954 1440 scd
1993 1401 2109 1454 pte-

533 1487 633 1526 nas
655 1471 822 1526 etiam
878 1473 984 1528 isto
1036 1476 1257 1529 nomine
1315 1475 1526 1529 luituri.
1587 1473 1735 1528 Justi
1781 1490 1930 1541 vero,
1983 1472 2109 1546 quia

532 1579 746 1629 eorum,
811 1581 933 1634 qua:
1008 1575 1316 1636 ceperunt,
1377 1569 1504 1621 boni
1573 1567 1986 1636 dispensatores
2051 1584 2110 1624 se

533 1657 902 1726 praebuerunt,
936 1660 1299 1728 praesentibus
1356 1659 1516 1714 bonis
1604 1669 1657 1714 et
1718 1660 1938 1715 aeter’nis
1994 1669 2107 1714 tum

534 1751 752 1803 demum
801 1751 1028 1820 potituri
1065 1759 1213 1816 sunt,
1247 1767 1371 1806 cum
1425 1767 1544 1818 eos,
1595 1759 1856 1822 tanquam
1899 1753 2109 1807 benedi-

534 1840 726 1894 ctionis
756 1840 1004 1897 ltaaredes
1039 1845 1256 1912 agnosci
1287 1843 1447 1914 707
1487 1844 1782 1914 contigerit
1816 1862 1830 1898 :
1863 1861 1972 1899 non
2010 1845 2113 1899 ali-

536 1942 618 1986 ter
656 1947 722 1986 ac
771 1933 1056 1989 sceleratis
1093 1950 1195 1989 sua
1243 1950 1353 1990 non
1385 1935 1638 1990 defutura
1680 1943 1764 1992 est
1799 1937 1958 2002 ultio,
2003 1936 2114 1992 illis

537 2023 783 2078 Iustitiam
818 2025 1194 2095 sempiternam
1216 2025 1630 2094 possidentibus.

607 2155 772 2227 708
801 2154 965 2210 Vens.
1009 2157 1096 2220 10,
1136 2157 1222 2209 fl.
1263 2155 1510 2210 Exsultet
1553 2159 1737 2211 anima
1772 2175 1888 2212 mea
1921 2161 1978 2212 in
2005 2158 2114 2214 Do-

539 2244 703 2298 mino.
764 2244 954 2299 Induit
1001 2248 1141 2300 enim
1191 2264 1270 2301 me
1303 2248 1618 2301 vestimento
1671 2249 1890 2314 salutis,
1940 2262 1990 2304 et
2029 2261 2117 2304 tu-

539 2335 659 2390 nica
727 2333 950 2389 twtitiaz.
1011 2335 1286 2404 Tanquam
1329 2352 1580 2403 sponsum
1628 2339 1978 2394 circumdedit
2037 2357 2118 2396 me

541 2426 723 2485 mitra,
754 2435 800 2477 et
837 2434 1092 2496 tanquam
1127 2442 1387 2495 sponsam
1416 2429 1625 2481 ornavit
1661 2445 1742 2482 me
1767 2430 1964 2484 mundo
1996 2447 2115 2485 mu-

540 2517 714 2584 liebri,
749 2532 856 2574 etc.

611 2629 737 2684 Post
767 2646 859 2685 eas
901 2632 1320 2701 promissiones,
1376 2649 1516 2705 quas
1567 2635 1846 2703 Christus,
1901 2653 2023 2693 cum
2059 2639 2116 2695 in

541 2722 1024 2792 terriS'apparuit,
1075 2725 1367 2794 praestitit;
1424 2726 1568 2780 inter
1619 2742 1756 2796 quas
1804 2729 1899 2782 illa
1951 2729 2117 2782 etiam

543 2813 667 2878 fuit,
713 2829 820 2883 qua
855 2815 1132 2870 laetaturas
1161 2818 1214 2870 in
1246 2816 1477 2872 Domino
1511 2818 1830 2885 afﬁrmavit,
1861 2819 2120 2875 Ecclesiae

539 2907 652 2975 jam
689 2922 981 2976 personam
1012 2922 1075 2962 ea
1111 2909 1227 2978 ipsa
1255 2950 1269 2970 ,
1297 2925 1416 2978 quae
1455 2910 1650 2980 adepta
1688 2919 1793 2976 est,
1827 2926 1951 2965 cum
1987 2929 2120 2983 gau-

541 2996 631 3049 dio
669 3007 717 3048 et
747 2996 941 3050 lwtitia
973 2997 1308 3066 confitentem
1343 2997 1552 3053 inducit
1590 3001 1787 3055 oratio.
1812 3001 1940 3057 Suis
1973 3003 2118 3058 enim

543 3087 708 3140 veluti
750 3087 1030 3153 membris,
1087 3089 1142 3144 id
1197 3099 1301 3156 est,
1351 3105 1544 3145 eorum
1599 3093 1964 3162 plenitudine,
2023 3094 2116 3164 qui

547 3178 854 3245 salvantur,
903 3181 1242 3249 resumptis;
1305 3190 1566 3252 tauquam
1632 3185 1866 3254 pulchro
1901 3193 1957 3241 et
2005 3188 2120 3242 ele-

542 3269 692 3336 ganti
721 3283 952 3337 corpore
983 3272 1208 3340 praedita
1241 3289 1456 3340 sponsa,
1497 3273 1712 3346 adjecto
1739 3279 1902 3330 etiam
1941 3279 2124 3346 sponsi

544 3373 758 3424 ornatu,
789 3375 896 3413 non
937 3362 1216 3416 immerito
1241 3363 1478 3416 animam
1503 3381 1659 3418 suam
1680 3366 1735 3419 in
1765 3365 1994 3422 Domino
2025 3386 2123 3424 cu-

544 3454 622 3519 pit
641 3450 930 3506 exsultare.
956 3452 1122 3522 709
1152 3454 1245 3508 Est
1279 3470 1518 3524 namque
1546 3471 1653 3510 una
1684 3473 1899 3526 eorum,
1935 3476 1964 3514 a
1996 3463 2122 3530 qui-

545 3543 650 3594 bus
679 3539 960 3608 impletur,
988 3552 1210 3612 propter
1243 3553 1493 3602 mutuum
1525 3562 1884 3615 consensum,
1917 3555 2122 3620 anima,

541 3631 695 3699 juma
728 3631 860 3687 illud
896 3651 909 3687 :
953 3652 972 3685 ι
1011 3633 1142 3688 Erat
1173 3648 1354 3691 autem
1387 3637 1727 3696 credentium
1757 3637 2000 3698 om'uium
2031 3662 2126 3702 cor

549 3738 740 3785 unum,
773 3733 826 3777 et
869 3724 1054 3779 anima
1111 3741 1220 3780 una
1256 3727 1320 3784 ¹¹.
1379 3747 1398 3780 ι
1467 3727 1624 3795 Quod
1660 3732 1831 3786 multo
1865 3735 2040 3804 magis
2070 3735 2124 3789 in

548 3829 689 3866 novo
721 3816 924 3872 saeculo
959 3815 1204 3872 futurum
1251 3828 1354 3881 est,
1399 3820 1453 3874 in
1498 3837 1610 3892 quo
1637 3824 1897 3892 superius
1932 3826 2126 3881 allatas

549 3920 711 3962 voces
767 3916 1092 3978 usurpatura
1157 3920 1260 3965 est.
1308 3909 1402 3966 Est
1456 3928 1585 3968 vero
1643 3914 1883 3985 idipsum
1925 3919 2126 3972 ‘ealutis

547 4013 740 4062 causa,
769 3999 914 4068 quod
948 4017 1004 4054 se
1050 4003 1360 4056 vestimento
1403 4004 1600 4059 salutis
1645 4023 1676 4058 a
1707 4005 1934 4060 Domino
1965 4008 2126 4062 indu-

550 4101 661 4142 tum
682 4107 794 4144 esse
815 4091 1034 4160 adjecit.
1065 4091 1390 4162 lmplebitur
1411 4095 1558 4149 enim
1590 4111 1792 4167 corpus
1830 4098 2007 4167 ipsum
2041 4114 2130 4154 re-

549 4183 912 4238 surrectionis
941 4183 1100 4252 luce;
1127 4201 1227 4240 nec
1259 4187 1453 4243 mortis
1475 4203 1600 4243 esse
1625 4188 1840 4243 dicetur
1868 4190 2124 4260 amplius;

546 4271 700 4340 juxta
724 4271 875 4326 Pauli
897 4289 1231 4340 sermonem,
1267 4277 1360 4332 ubi
1390 4278 1516 4346 quis
1543 4295 1603 4334 se
1630 4279 1698 4334 de
1723 4293 1954 4348 corpore
1982 4297 2130 4337 tnor—

552 4373 622 4416 llS
656 4362 821 4432 hujus
861 4363 1197 4422 liberaturus
1232 4368 1324 4433 sit,
1355 4369 1552 4438 quaerit
1581 4371 1645 4424 “.
1676 4369 1940 4425 Iitduetur
1965 4374 2129 4428 etiam

2217 569 2608 642 προσαγομένη
2639 569 2716 638 τῷ
2762 569 2880 640 Θεῷ
2920 570 3217 639 προσευχὴ.
3269 567 3580 639 Θεοσεὸείᾳ
3646 571 3819 622 τηεν-..ν

2218 659 2611 728 προσκείμενοι
2639 658 2884 724 δέξονται
2919 657 3074 728 παρὰ
3104 656 3224 710 τῶν
3250 658 3448 714 ἐθνῶν
3487 661 3816 728 προσφορᾶς

2212 743 2625 815 πλουτοῦντες
2663 749 2757 802 καὶ
2784 748 3242 818 θαυμαζόμενον
3281 749 3380 804 καὶ
3421 751 3552 803 ἀντὶ
3583 749 3692 816 τῆς
3729 753 3822 817 ἀρ·

2215 841 2376 910 χαίας
2434 842 2629 913 ἑτέραν
2685 840 3217 910 κληρονομήσουσι
3289 841 3446 910 τῆν,
3495 844 3618 896 ἀντ’
3653 843 3822 896 ἄλλων

2215 932 2363 988 ἄλλοι
2396 935 2741 1004 φαινόμενοι,
2777 936 2870 988 καὶ
2899 935 3043 1004 φίλοι
3059 933 3233 998 ὄντες.
3268 937 3688 1000 Δικαιοσύνης
3718 933 3823 998 ἐγὼ

2212 1024 2326 1093 γάρ
2351 1029 2465 1093 εἰμι
2497 1027 2729 1093 Κύριος,
2765 1025 2886 1096 οὐχὶ
2910 1025 3090 1079 πάντα
3108 1025 3182 1079 τὰ
3213 1025 3584 1094 ἁρπάγματα
3597 1023 3818 1092 μισῶν,

2213 1115 2350 1168 ἀλλὰ
2385 1117 2450 1169 τὰ
2473 1116 2542 1180 ἐξ
2565 1116 2823 1184 ἀδικίας.
2863 1118 2973 1170 Καὶ
2997 1117 3109 1187 γὰρ
3129 1116 3276 1180 τοὺς
3308 1115 3703 1183 ἁρπάζοντας
3723 1114 3820 1182 τὴν

2213 1203 2495 1273 βασιλείαν
2518 1205 2626 1260 τῶν
2656 1205 2903 1276 οὐρανῶν
2933 1203 3165 1275 ἀγαπῶ.
3203 1207 3267 1256 Ui
3297 1203 3352 1256 δὲ
3377 1204 3592 1266 ἀδίκως
3627 1203 3818 1268 ἀρπά-

2211 1295 2409 1362 ζοντες
2440 1297 2638 1366 γυμνοί
2667 1314 2727 1349 τε
2755 1297 2864 1349 τῶν
2887 1295 3291 1364 ἁρπαγμάτων
3331 1294 3562 1356 ἀπίασι,
3600 1294 3703 1344 καὶ
3731 1293 3822 1360 τὴν

2211 1387 2349 1458 ὑπὲρ
2378 1388 2555 1442 αὐτῶν
2591 1388 2910 1441 ἀποτίσουσι
2959 1386 3138 1456 δίκην.
3172 1389 3238 1438 Οί
3276 1385 3333 1437 δὲ
3373 1385 3546 1438 δίκαι
3587 1401 3643 1438 οι
3672 1385 3824 1436 καὶοῖ

2210 1478 2317 1532 τῶν
2343 1479 2656 1548 ληφθέντων
2699 1479 2974 1549 οἰκονόμοι
3002 1477 3313 1546 γενόμενοι,
3339 1476 3440 1530 καὶ
3469 1476 3590 1528 τῶν
3617 1476 3821 1543 παρόν-

2211 1571 2448 1634 των,καὶ
2471 1571 2578 1624 τῶν
2606 1571 2842 1624 αἰωνίων
2871 1569 3091 1638 ἀγαθῶν
3121 1568 3567 1631 ἀπολαύσουσιν,
3603 1567 3722 1628 ὅτε,
3749 1566 3820 1627 ὡς

2211 1663 2488 1730 εὐλογίας
2519 1662 2671 1726 ὄντες
2707 1661 3062 1732 κληρονόμοι,
3093 1659 3590 1730 τνωσθήσονται,
3627 1659 3818 1725 ὥσπερ

2214 1749 2308 1807 οὖν
2350 1753 2448 1805 καὶ
2481 1753 2530 1804 οἱ
2581 1751 2807 1821 πονηροὶ
2838 1735 3214 1822 κολαζόμενοι,
3259 1749 3819 1819 κληρονομούντων

2145 1810 2188 1868 Β
2219 1838 2446 1892 ἐκείνων
2473 1810 2866 1908 εὐφροσύνην
2895 1810 3157 1893 αιῶνιον.

2291 2167 2342 2224 ι’,
2381 2164 2472 2212 ια’.
2502 2157 2919 2228 Ἀγαλλιάσθω
2947 2159 2986 2228 ἠ
3005 2159 3177 2229 ψυχή
3196 2176 3316 2230 μου
3337 2160 3440 2214 ἐπὶ
3478 2158 3568 2226 τῷ
3596 2163 3814 2231 Κυρίῳ.

2230 2250 2518 2306 Ἐνέδυσε
2547 2249 2662 2318 γάρ
2695 2265 2772 2318 με
2807 2247 3039 2318 ἱμάτιον
3085 2252 3413 2320 σωτηρίου,
3452 2251 3560 2305 καὶ
3596 2251 3818 2321 χιτῶνα

2217 2341 2625 2409 εὐφροσύνης.
2664 2341 2758 2406 Ὡς
2800 2341 3038 2409 νυμφίῳ
3076 2340 3391 2409 περιέθηκέ
3413 2360 3520 2411 μοι
3577 2344 3817 2410 μίτραν,

2219 2433 2316 2487 καὶ
2347 2435 2425 2500 ὡς
2453 2437 2698 2504 νύμφην
2735 2437 3166 2504 κατεκόσμησέ
3195 2453 3273 2506 με
3309 2439 3554 2506 κόσμῳ,
3589 2455 3648 2492 κ.
3684 2456 3739 2492 τ.
3769 2439 3814 2493 λ.

2289 2630 2443 2684 Μετὰ
2485 2631 2586 2694 τὰς
2624 2631 2979 2700 ἐπαγγελίας,
3017 2631 3083 2696 ὃς
3121 2632 3315 2702 φανεὶς
3364 2633 3394 2684 ό
3435 2632 3690 2703 Χριστὸς
3725 2634 3816 2685 ἐπὶ

2223 2719 2327 2788 γῆς
2359 2719 2719 2791 ἐπληρώσατο
2749 2723 2830 2791 (ὲν
2868 2716 2956 2784 αἷς
2989 2717 3058 2791 ἦν
3089 2721 3184 2774 καὶ
3214 2722 3298 2786 τὸ,
3324 2721 3817 2792 Εὐφρανθήσονται

2219 2811 2314 2864 ἐπὶ
2343 2811 2590 2882 Κύριον),
2617 2815 3022 2882 προσωποποιεῖ
3045 2813 3146 2881 τὴν
3187 2813 3519 2883 Ἐκκλησίαν
3573 2815 3604 2866 ὁ
3637 2814 3814 2881 λόγος,

2222 2903 2308 2971 ἐφ’
2337 2897 2419 2966 οἷς
2463 2901 2649 2972 ἔτυχεν
2681 2902 3248 2972 ἐξομολογουμένην
3297 2905 3400 2958 καὶ
3454 2906 3815 2973 χαίρουσαν.

2235 2993 2610 3048 Ἀπολαϐοὖσα
2648 2996 2757 3065 γὰρ
2780 2995 2969 3066 ὥσπερ
2997 2995 3106 3048 [δια
3135 2993 3302 3066 μέλη,
3333 2997 3444 3048 τῶν
3491 2995 3818 3064 σωζομένων

2225 3086 2284 3138 τὸ
2319 3086 2613 3156 πλήρωμα,
2648 3085 2724 3148 ὡς
2756 3087 2820 3138 ὲκ
2847 3085 3100 3156 σώματος
3139 3085 3456 3156 εὐπρεποῦς
3479 3089 3816 3156 συγκειμένη

2235 3179 2478 3247 νύμφη,
2541 3179 2634 3231 καὶ
2691 3179 2782 3230 τὸν
2831 3180 2898 3230 ὲκ
2945 3177 3040 3231 τοῦ
3095 3178 3362 3246 νυμφίου
3433 3176 3819 3248 προσλαϐοῦσα

2231 3272 2483 3338 κόσμον,
2515 3270 2738 3332 εἰκότως
2769 3271 2963 3337 φησίν·
3000 3269 3402 3338 Ἀγαιλιιὶσθω
3434 3271 3474 3336 ἠ
3505 3268 3682 3338 ψυχή
3705 3284 3818 3336 μου

2230 3361 2330 3413 ἐπὶ
2361 3360 2438 3424 τῷ
2483 3361 2695 3428 Κυρίῳ.
2741 3360 2854 3414 Μία
2885 3363 2996 3431 γὰρ
3041 3361 3150 3412 τῶν
3179 3360 3349 3430 αὐτὴν
3394 3359 3819 3430 πληροῦνταινή

2231 3451 2320 3506 διὰ
2343 3453 2436 3521 τῆς
2470 3452 2606 3521 πρὸς
2646 3451 2913 3520 ἀλλήλους
2958 3451 3266 3522 συμπνοίας
3300 3450 3503 3519 ψυχὴ,
3535 3451 3688 3503 κατὰ
3723 3449 3816 3502 τό·

2185 3582 2190 3588 .
2238 3562 2260 3595 ι
2284 3543 2394 3596 Καὶ
2426 3538 2494 3612 ἦν
2543 3543 2759 3596 πάντων
2795 3544 2904 3595 τῶν
2953 3543 3320 3596 πιστευόντων
3352 3543 3387 3612 ή
3424 3541 3631 3613 καρδία
3664 3542 3759 3594 καὶ
3787 3543 3820 3610 ἡ

2231 3633 2376 3705 ψυχὴ
2418 3634 2535 3704 μία.
2567 3654 2584 3686 ι
2625 3637 2692 3687 Ὃ
2727 3635 2909 3704 πολλῷ
2937 3635 3141 3706 μᾶλλον
3185 3635 3282 3688 ἐπὶ
3326 3635 3425 3688 τοῦ
3480 3635 3682 3698 αἰῶνος
3727 3634 3818 3686 τοῦ

2233 3727 2356 3779 νέου
2404 3725 2718 3795 γενήσεται,
2759 3727 2816 3778 ὲν
2869 3718 2915 3793 ᾧ
2968 3727 3066 3789 τὰς
3121 3725 3498 3796 προκειμένας
3553 3724 3818 3779 ἀποδιίισει

2235 3815 2440 3884 φωνάς.
2466 3817 2541 3870 Τὸ
2590 3816 2649 3870 δὲ
2679 3815 2788 3883 τῆς
2821 3818 3125 3884 σωτηρίας
3155 3815 3353 3880 αἴτιον,
3382 3815 3682 3870 Ἐνέδυσε
3715 3814 3818 3882 γάρ

2239 3925 2309 3976 με
2344 3906 2582 3976 ἱμάτιον
2615 3909 2936 3975 σωτηρίου.
2981 3908 3056 3961 Τὸ
3100 3907 3210 3978 γὰρ
3250 3907 3414 3975 σῶμα
3449 3907 3553 3975 τῆς
3587 3907 3820 3959 ἀναστὰ-

2236 4016 2374 4064 σεως
2413 4001 2590 4070 φωτὸς
2621 4000 2774 4055 ἔσται
2805 3999 3032 4072 πλῆρες,
3060 4000 3162 4052 οὐκ
3196 3999 3280 4052 ἔτι
3323 3998 3562 4052 θανάτου
3595 3997 3819 4069 λεγόμε-

2234 4108 2345 4154 νον,
2378 4090 2520 4145 κατὰ
2557 4091 2637 4155 τὸ,
2682 4090 2779 4154 Τίς
2830 4107 2896 4159 με
2935 4089 3158 4162 ῥύσεται
3183 4091 3249 4143 ἐκ
3292 4089 3389 4142 τοῦ
3431 4088 3692 4159 σώματος
3733 4086 3820 4140 τοῦ

2237 4183 2473 4238 θανάτου
2499 4182 2691 4236 τούτου
2717 4199 2732 4250 ;
2759 4181 3060 4250 Σωτηρίου
3090 4180 3146 4234 δὲ
3179 4179 3412 4249 ίμάτιον
3440 4179 3822 4248 περιτεθήσε-

2237 4289 2329 4327 ται
2353 4271 2427 4340 τῇ
2451 4271 2646 4341 ψυχῇ,
2669 4271 2768 4324 καὶ
2797 4269 2981 4339 χιτὼν
3002 4269 3698 4340 εὐφροσύνης.”Εκαστος
3721 4269 3822 4336 rip

2238 4365 2336 4430 τὰς
2367 4365 2504 4428 ιδίας
2534 4362 2902 4434 ἀνδραγαθίας
2936 4363 3243 4425 ἐνδύσεται,
3272 4361 3506 4424 ταύταις
3537 4362 3822 4428 ἑνευφραι-

549 4457 854 4510 vestimento
885 4458 1098 4520 salutis,
1124 4459 1322 4526 inquit,
1357 4461 1541 4513 anima
1565 4499 1580 4524 ,
1614 4472 1664 4514 et
1693 4464 1874 4517 tunica
1905 4463 2120 4520 lwtitirc.

2238 4457 2485 4526 νόμενος.
2517 4455 2728 4521 Ἤγουν
2751 4449 2977 4522 χιτῶνὰ
3019 4466 3150 4520 φησι
3173 4451 3266 4503 τὸν
3296 4449 3560 4518 Χριστὸν,
3595 4449 3742 4502 κατὰ
3768 4447 3821 4498 :5

554 4546 630 4598 Ita
665 4547 810 4600 enim
863 4563 1334 4618 unumquemque,
1376 4565 1500 4620 quae
1550 4552 1765 4607 fortiter
1817 4557 2010 4625 gessit,
2041 4557 2138 4611 ha-

553 4635 835 4700 biturum;
860 4634 1103 4704 illisque,
1130 4642 1394 4706 tanquam
1431 4638 1792 4707 vestimentis,
1810 4643 2135 4699 delectatum

553 4726 618 4779 iri
650 4713 941 4796 significat.
976 4725 1073 4781 Vel
1103 4737 1255 4784 certe
1307 4709 1501 4786 tunica:
1547 4733 1789 4800 nomine,
1851 4736 2134 4792 Christum

553 4821 756 4888 ipsum,
817 4818 972 4882 juxta
1031 4819 1185 4876 Pauli
1257 4828 1588 4878 sententiam
1617 4866 1631 4891 ,
1663 4826 1994 4899 intelligit;
2040 4829 2133 4897 qui

555 4909 843 4964 Dmuinutn
876 4924 1122 4967 nostrum
1167 4912 1356 4969 Jesum
1394 4914 1678 4971 Christum
1729 4918 1961 4974 induere
1993 4937 2134 4990 prae-

553 5001 688 5068 t'ipil.
725 5001 808 5068 ¹³;
837 5002 983 5072 quod
1024 5004 1120 5074 qui
1150 5003 1364 5070 fecerit,
1400 5020 1508 5059 non
1541 5007 1772 5062 salutem
1806 5007 1988 5073 modo,
2040 5009 2135 5063 sed

554 5093 803 5147 laetitiam
849 5093 1014 5148 etiam
1066 5094 1300 5166 adeptus
1355 5095 1564 5152 fuerit:
1610 5098 1770 5168 quale
1819 5109 1904 5154 est
1952 5099 2132 5156 illud:

561 5205 581 5238 ι
619 5187 728 5256 Ego
768 5187 888 5242 veni
929 5198 984 5242 ut
1018 5189 1181 5242 vitam
1227 5190 1488 5254 habeant,
1523 5203 1576 5244 et
1621 5189 1996 5247 abundantius
2035 5193 2135 5247 ha-

555 5280 724 5334 beant
770 5279 836 5334 “.
891 5299 909 5331 ι
951 5281 1005 5334 1η
1065 5296 1175 5351 quo
1227 5281 1648 5338 abundantioris
1688 5283 1932 5346 nomine,
1963 5284 2133 5338 vitam

557 5383 702 5434 eam,
731 5385 852 5437 quae
875 5371 1078 5425 lwtitire
1095 5371 1547 5441 conjunctionem
1572 5372 1795 5437 habeat,
1825 5373 2094 5428 intellexit
2118 5393 2130 5428 :

559 5474 724 5528 quam
755 5461 801 5516 si
831 5462 953 5531 quis
984 5464 1358 5528 nanciscatur,
1405 5475 1602 5517 ornatu
1641 5465 1885 5534 quolibet
1931 5465 2136 5520 intelli-

561 5551 709 5618 gibili
744 5553 1122 5611 coronabitur.
1160 5553 1317 5620 Quod
1350 5556 1397 5609 si
1440 5557 1492 5610 in
1525 5557 1701 5610 virum
1739 5557 1978 5612 evaserit
2012 5573 2132 5627 per-

639 5745 681 5779 ¹⁰
713 5744 905 5801 Matth.
941 5764 1030 5815 ιιι,
1062 5749 1146 5802 12.
1227 5751 1265 5781 ¹¹
1297 5751 1416 5804 Act.
1447 5767 1518 5816 tv,
1561 5753 1655 5806 3‘2.
1731 5754 1772 5784 "
1809 5752 1969 5808 Rom.
2012 5768 2120 5820 t'tt,

2229 5784 2250 5807 η.
2331 5752 2372 5784 ⁸³
2403 5751 2560 5807 Rom.
2595 5768 2725 5818 xm,
2753 5752 2834 5805 ιι.

2238 4548 2316 4618 τῷ
2345 4545 2657 4615 Ἀποστόλῳ
2675 4543 2840 4616 ῥηθέν
2861 4560 2874 4573 ·
2911 4564 2928 4596 ι
2956 4541 3284 4596 Ἐνδύσασθε
3308 4541 3402 4594 τὸν
3428 4540 3640 4610 Κύριον
3673 4539 3820 4608 ἡμῶν

2247 4637 2459 4710 Ἰησοῦν
2485 4636 2579 4690 τὸν
2610 4634 2870 4707 Χριστόν.
2897 4635 3028 4688 »Ὃν
3061 4635 3089 4686 ὁ
3126 4633 3414 4703 δεχόμενος
3443 4631 3584 4702 πρὸς
3623 4633 3694 4700 τῇ
3725 4646 3821 4682 σω-

2233 4732 2432 4804 τηρίᾳ,
2484 4729 2582 4782 καὶ
2633 4728 2700 4782 τὸ
2743 4729 2823 4781 ἐν·
2861 4718 3272 4796 εὐφροσῶἀις
3323 4723 3466 4778 εἶναι
3519 4721 3812 4792 κερδαίνει.

2249 4823 2468 4878 Ὀποίόν
2498 4823 2616 4874 ἐστι
2657 4820 2720 4873 τό
2740 4835 2753 4848 ·
2785 4837 2804 4869 ι
2846 4817 2990 4888 Ἐγὼ
3010 4813 3198 4888 ἦλθον,
3233 4817 3324 4870 ἴνα
3353 4815 3500 4886 ζωὴν
3521 4815 3708 4883 ἔχωσι,
3736 4814 3819 4866 καὶ

2239 4914 2502 4986 περισσὸν
2537 4912 2724 4984 ἔχωσι.
2762 4930 2781 4964 ι
2821 4911 3091 4984 Περισσὸν
3139 4909 3315 4976 λέγων
3370 4910 3470 4977 τὴν
3505 4909 3565 4958 ὲν
3597 4906 3639 4974 ᾖ
3678 4901 3819 4974 χαρᾷ

2244 5005 2620 5078 γενησόμεθα·
2653 5005 2712 5058 ὃν
2739 5005 2876 5067 εῐτις
2901 5003 3079 5068 λάϐοι,
3112 5002 3596 5073 στεφανωθήσεται
3628 5002 3819 5067 κόσμῳ

2211 5099 2410 5170 ,παντὶ
2442 5097 2638 5168 νοητῷ.
2688 5097 2828 5148 Ἀλλ’
2869 5097 2918 5148 εἰ
2955 5095 3054 5165 μὲν
3081 5095 3162 5158 εἰς
3199 5094 3372 5165 ἄνδρα
3405 5093 3714 5160 κατήντησε
3743 5090 3819 5140 sic

2237 5191 2404 5256 λειον,
2435 5191 2517 5255 ὡς
2570 5188 2830 5257 νυμφίος
2855 5186 3356 5256 στεφανωθήσεται.
3396 5183 3736 5236 ’Υποσαίνων
3767 5179 3816 5230 δὲ

2239 5285 2354 5345 τοῖς
2381 5281 2618 5353 μέτροις,
2639 5281 2719 5347 ὡς
2737 5281 2941 5348 νύμφη
2964 5277 3292 5346 κοσμεῖται,
3309 5275 3614 5344 δυναμένου
3639 5271 3730 5326 τοῦ
3749 5273 3815 5329 εἰς

2246 5375 2444 5444 μέτρον
2476 5373 2695 5443 ἡλικίας
2735 5371 3033 5439 ὲφθακότος
3064 5372 3239 5424 εἰπεῖν
3256 5386 3270 5401 ο
3292 5389 3311 5420 ι
3337 5361 3443 5422 Τὸν
3464 5368 3632 5422 καλὸν
3649 5366 3814 5434 ἀγῶνα

2245 5465 2580 5535 ἠγώνισμαι,
2598 5465 2688 5518 τὸν
2703 5465 2902 5536 δρόμον
2919 5463 3197 5530 τετέλεκα,
3214 5462 3312 5532 τὴν
3333 5463 3520 5515 πίστιν
3538 5464 3814 5530 τετήρηκα.

2243 5556 2429 5610 λοιπὸν
2465 5556 2754 5610 ἀπόκειταί
2782 5573 2869 5626 μοι
2908 5558 2936 5609 ὁ
2975 5556 3075 5626 τῆς
3105 5554 3454 5623 δικαιοσύνης
3483 5555 3758 5622 στέφανος.
3793 5568 3810 5601 ι

2950 5751 2994 5782 ⁸⁸
3031 5749 3188 5804 Joatt.
3225 5765 3278 5806 ι.
3315 5748 3402 5803 f0.
