3966 6318
2377 277 2626 318 _N

121 393 327 496 2653.
1288 395 1819 457 COMMENTARII
1861 397 1944 457 1N
1977 399 2268 468 ISAIAM.
2378 411 2384 416 τ
3261 403 3433 482 esse
3505 445 3508 450 .

127 503 410 570 fectum;
455 512 708 593 tanquam
759 523 986 576 sponsus
1025 507 1402 562 coronabitur.
1445 507 1542 562 Sin
1597 515 1777 562 autem
1831 523 2007 579 supra,
2051 511 2274 568 modum
2302 524 2626 587 exsuperet;
2655 528 2906 590 tanquam
2961 537 3157 591 sponsa
3203 521 3426 576 ornabi-

131 605 270 658 tur,
325 611 454 650 cum
503 597 802 668 possitqui
845 612 1157 652 mensuram
1209 600 1390 653 atatis
1460 599 1662 668 attigit,
1727 596 1949 654 dicere:
2017 619 2036 653 ι
2082 601 2292 660 Bonum
2351 614 2630 663 certamen
2713 613 2938 678 certavi,
2990 627 3212 669 cursum
3299 625 3422 666 con-

123 688 454 752 siunmavi,
487 687 644 744 ﬁdem
701 690 913 744 servavi
937 692 982 724 ¹⁸
1017 705 1033 756 ;
1064 690 1326 760 deinceps
1370 693 1654 746 recondita
1692 696 1779 742 est
1833 689 1966 744 mihi
2001 708 2205 748 corona
2236 697 2480 766 juslitiaz.
2523 719 2543 752 ι
2579 766 2592 776 .

217 779 444 848 Ἠγουν
461 781 588 843 τοὺς
605 781 822 848 αὐτοὺς,
835 781 924 835 διὰ
937 783 1036 854 μὲν
1058 787 1160 856 τὴν
1180 783 1453 854 ἀνδρείαν,
1473 783 1725 854 νυμςρίοτ1

1912 784 2006 842 Vel
2036 797 2186 843 certe
2213 806 2309 846 eos
2335 792 2486 864 ipsos
2517 809 2612 862 per
2639 811 2913 862 sponsum,
2947 795 3040 866 qui
3074 796 3244 854 fortes
3269 811 3421 873 sunt,

127 869 337 924 καλεῖ.
393 871 493 925 Διά
543 873 601 924 δὲ
657 872 719 926 τὸ
771 875 1109 944 καρπογὼον
1168 875 1307 947 μετὰ
1351 875 1446 928 τοῦ
1492 874 1725 928 ποικίλοι

1838 876 2141 946 signiﬁcat;
2199 889 2257 934 ut
2324 898 2420 952 per
2483 900 2765 952 sponsam,
2821 889 2914 955 qui
2985 887 3272 942 fecundam
3327 869 3424 945 ha;

125 959 210 1024 ἐξ
227 959 454 1030 ἀρετῶν
482 959 627 1031 ἔχειν
655 963 715 1015 τὸ
767 964 962 1027 κάλλος
987 1005 1000 1028 ,
1029 967 1296 1035 νύμφην.
1329 966 1556 1038 Εἴρηται
1585 963 1725 1031 γοῦνι

1838 968 2021 1032 beant,
2095 980 2149 1024 et
2221 984 2346 1026 cum
2424 975 2688 1026 virtutum
2750 978 3012 1032 varietate
3067 978 3419 1048 coniunctam

134 1069 162 1103 α
177 1052 294 1104 Διά
318 1051 412 1104 τὸν
428 1052 592 1121 φόϐον
613 1069 726 1118 σου,
743 1053 938 1124 Κύριε,
954 1055 1012 1107 ὲν
1023 1071 1160 1123 γαστ
1169 1057 1222 1126 9i.
1236 1055 1520 1124 ἐλάϐομεν,
1535 1075 1553 1108 ι
1572 1056 1725 1108 καὶτὲ

1839 1059 2318 1128 pulchritudinem.
2342 1063 2613 1118 Scribitur
2643 1066 2815 1121 enim:
2857 1089 2874 1116 ι
2907 1067 3132 1137 Propter
3164 1071 3416 1127 timorem

132 1143 301 1213 μετὰ
341 1142 536 1197 ταῦτα.
581 1144 640 1196 'O
675 1144 731 1196 δὲ
765 1144 1018 1208 Ἀκύλας,
1065 1146 1160 1211 Ὡς
1192 1145 1456 1214 νυμφίον
1487 1148 1725 1214 ίερατευ·

1841 1159 2018 1214 tuum,
2061 1151 2310 1220 Domine,
2349 1157 2402 1208 in
2435 1162 2593 1209 utero
2620 1158 2975 1226 concepimus
3010 1158 3084 1232 f‘;
3136 1179 3155 1211 ι
3206 1170 3262 1216 et
3295 1179 3418 1233 qua:

122 1232 372 1303 μένον,
424 1235 522 1288 καί
567 1235 649 1299 ὠς
695 1236 940 1305 νύμφην
981 1237 1411 1306 κοσμουμένην·
1454 1238 1725 1291 σκεύεσιν

1843 1246 2120 1318 deinceps.
2151 1247 2255 1301 Sed
2281 1259 2366 1303 est
2395 1253 2696 1304 notandum
2723 1251 2972 1320 Aquilam
2991 1254 3244 1323 quidem:
3273 1232 3418 1310 Tan-

128 1325 389 1395 αὐτῆς,
430 1326 716 1392 ἐξέδωκεν.
752 1329 810 1381 '0
857 1328 915 1382 δὲ
956 1329 1285 1401 Σύμμαχος·
1325 1331 1551 1399 Ὠσπερ
1595 1347 1725 1399 νιομι

1841 1353 1999 1406 quant
2047 1339 2324 1406 sponsum'
2354 1341 2654 1396 sacerdotio
2713 1345 2974 1412 functum,
3053 1337 3116 1400 et.
3165 1358 3412 1416 tanquam

130 1419 306 1486 φίον
346 1420 809 1488 κεκοσμημένον
861 1421 1175 1489 στεφάνῳ,
1226 1421 1325 1476 καὶ
1361 1423 1442 1487 ὡς
1497 1423 1725 1492 νύμφην

1839 1445 2089 1496 sponsam
2112 1445 2359 1486 ornatam
2390 1435 2534 1488 vasis
2575 1437 2712 1501 suis,
2753 1437 3129 1504 transtulisse;
3163 1439 3416 1508 Symma-

132 1509 586 1579 περικειμένην
639 1511 754 1578 τὴν
803 1513 1041 1580 σκευὴν
1092 1511 1304 1581 αὐτῆς.
1376 1513 1440 1566 Ἦ
1501 1513 1559 1566 δὲ
1599 1511 1725 1566 αὐτὶ

1840 1520 2004 1575 chum
2058 1530 2242 1576 autem
2287 1525 2442 1592 quasi
2501 1540 2750 1591 sponsum
2799 1539 3046 1580 ornatum
3100 1545 3318 1592 corona,
3363 1536 3416 1583 et

127 1603 362 1672 νύμφη
390 1619 472 1664 τις
510 1598 646 1656 οὖσα
692 1601 786 1657 τοῦ
833 1604 1086 1674 Νυμφίου
1121 1605 1315 1672 Λόγου,
1361 1606 1453 1656 καὶ
1495 1603 1563 1656 τὰ
1601 1605 1725 1674 παρ¹

1839 1611 1992 1678 quasi
2017 1625 2266 1678 sponsam
2310 1615 2698 1668 circumdatam
2741 1616 3066 1682 supellectile
3096 1618 3258 1688 710
3292 1635 3412 1674 sua.

135 1692 328 1747 αὑτοῦ
381 1694 675 1764 σπέρματα
731 1695 1135 1766 ὑποδεξαμένη,
1190 1687 1459 1764 καρποὺς
1497 1694 1725 1764 ὡραίους

1838 1699 1970 1766 Quae
1989 1710 2169 1756 autem
2197 1701 2465 1772 ejusmodi
2497 1713 2580 1759 est
2609 1706 2806 1774 Sponsi
2831 1705 2993 1761 Verbi
3027 1687 3237 1775 sponsa,
3263 1711 3414 1780 (quia

135 1782 487 1837 ἀποδιδοῦσα
520 1784 612 1838 καὶ
652 1785 899 1848 εὐανθεῖς
936 1785 1104 1854 λέγει,
1133 1785 1228 1839 καὶ
1265 1786 1347 1852 ὡς
1373 1784 1489 1855 γῆν
1512 1777 1725 1849 αὔξου-

1838 1790 1908 1846 ab
1957 1791 2078 1862 ipso
2131 1795 2377 1864 germina
2429 1796 2641 1864 exet-pit
2678 1798 3064 1866 (tempestivos
3112 1777 3318 1868 {ructus
3359 1807 3414 1854 et

138 1890 282 1928 σαν
317 1875 385 1927 τὸ
413 1872 598 1938 ἄνθος
635 1873 847 1942 αὐτῆς.
880 1875 970 1938 Ὠς
1001 1875 1066 1929 ἂν
1098 1875 1154 1927 δὲ
1184 1873 1259 1946 μὴ
1293 1872 1725 1945 συναρπάζοντες

1840 1896 2038 1938 suaves
2067 1884 2258 1950 edens,
2291 1900 2348 1940 sc
2376 1885 2510 1940 sicut
2532 1895 2747 1952 terram,
2770 1904 2886 1958 qua:
2903 1888 3090 1957 ﬂorent
3118 1906 3270 1943 suum
3290 1905 3414 1960 pro-

137 1967 234 2030 είς
259 1965 488 2029 ἑαυτοὺς
525 1966 766 2020 Ἰουδαῖοι
793 1965 962 2020 ταῦτα
985 1967 1335 2038 λαμϐάνοιεν,
1363 1965 1725 2020 διαστέλλεται

1839 1973 1941 2041 {ert
1975 1973 2312 2032 lactamesse
2340 1977 2436 2032 ait.
2462 1978 2540 2032 Ac
2576 1994 2640 2032 ne
2676 1951 2914 2048 iSla'prO‘
2936 1997 2993 2035 se
3015 1980 3123 2034 dici
3157 1951 3414 2050 putarent

136 2058 331 2128 λέγων
351 2074 364 2089 ·
427 2059 536 2112 Καὶ
587 2059 935 2129 ὰγαλλίαμα
992 2061 1272 2113 ἐναντίον
1321 2059 1566 2112 πάντων
1614 2057 1725 2111 τῶν

1838 2061 2042 2128 Judaei;
2077 2065 2182 2118 alia
2237 2068 2398 2119 etiam
2442 2081 2566 2120 cum
2610 2068 2962 2123 distinctione
3007 2070 3234 2138 adjicit;
3285 2085 3412 2126 cum

67 2149 80 2158 “
133 2148 367 2206 ἐθνῶν.
413 2151 634 2216 ’Δνθος
687 2150 747 2203 δέ
781 2167 967 2218 φασιν,
1024 2150 1058 2221 ἢ
1112 2149 1204 2204 τὸν
1257 2149 1492 2220 Χριστὸν
1552 2149 1642 2232 τδν
1677 2150 1725 2202 ὲν

1838 2155 2250 2208 exsultationem
2293 2173 2477 2210 coram
2522 2159 2762 2228 gentibus
2807 2160 3050 2214 omnibus
3081 2161 3414 2216 emissurum

137 2240 396 2314 ’ᾼσμασι
417 2241 665 2310 λέγοντα*
694 2261 714 2292 ι
735 2242 874 2311 Ἐγὼ
890 2243 1048 2306 ἄνθος
1074 2242 1169 2297 τοῦ
1196 2241 1598 2312 πεδίου,κρῖνον
1623 2240 1725 2294 τῶν

1838 2241 2120 2298 Dominum
2163 2244 2416 2298 aliirmat.
2449 2245 2552 2300 Per
2593 2248 2780 2317 ﬂorem
2822 2249 3054 2314 deinde,
3108 2253 3188 2304 vel
3235 2251 3366 2307 Chri
3392 2282 3414 2293 η

135 2333 444 2395 κοιλάδων,
480 2352 499 2386 ι
536 2334 569 2406 ἢ
605 2334 666 2388 τὸ
681 2333 1034 2402 εὐαγγελικδν
1075 2335 1368 2406 κήρυγμα,
1407 2329 1471 2386 οὗ
1502 2333 1615 2401 τὴν
1647 2333 1732 2386 δι-

135 2427 495 2493 καιοσύνην
519 2429 548 2480 6
575 2427 857 2498 κατορθῶν
885 2427 1386 2496 εὐφρανθήσεται,
1409 2426 1536 2480 ὅταν
1563 2425 1728 2479 exos-

138 2531 256 2588 σῃ·
303 2533 322 2568 ι
359 2512 454 2576 Εὖ,
477 2515 632 2570 δοῦλε
679 2517 852 2586 ἀγαθὲ
909 2517 1005 2571 καὶ
1069 2517 1270 2584 πιστὲ,
1317 2517 1410 2570 ἐπὶ
1461 2515 1618 2584 ὀλίγα
1661 2510 1730 2586 ἧς

137 2607 344 2672 πιστός
365 2624 380 2639 ο
419 2609 513 2660 ἐπὶ
545 2609 758 2663 πολλῶν
787 2625 847 2662 σε
881 2609 1232 2680 καταστήσω.
1265 2607 1490 2663 Είσελθε
1521 2608 1602 2671 είς
1627 2609 1728 2680 τὴν

136 2701 328 2782 χαρὰν
348 2699 446 2754 τοῦ
479 2700 691 2773 Κυρίου
724 2717 840 2756 σου.
873 2719 893 2754 ι

734 2878 984 2932 ΚΕΦΔΛ.
1025 2878 1124 2932 ΞΒ⁰

221 2967 378 3040 ιιι-ιβ’.
406 2969 509 3024 Διὰ
546 2967 703 3024 Σιὼν
739 2971 813 3023 οὐ
839 2967 1246 3038 σιωπήσομαι,
1274 2969 1376 3023 καὶ
1393 2969 1490 3023 διὰ
1523 2968 1727 3039 Ἰερουσ-

139 3059 363 3130 σαλὴμ
393 3063 502 3115 οὐκ
531 3061 764 3128 ἀνήσω,
793 3059 904 3126 ἕως
937 3059 1014 3113 ἂν
1046 3059 1262 3129 ἐξέλθῃ
1293 3061 1372 3126 ὡς
1409 3061 1536 3130 φῶς
1574 3062 1612 3130 ἠ
1645 3059 1730 3115 δι-

139 3151 448 3219 καιοσύνη
477 3168 628 3220 μου,
672 3151 741 3204 τὸ
770 3149 840 3204 δὲ
880 3150 1182 3220 σωτήριόν
1210 3169 1330 3220 μου
1375 3151 1457 3217 ὡς
1487 3153 1730 3222 λαμπὰς

1831 2344 1977 2390 stum
2014 2334 2288 2404 intelligit,
2315 2335 2409 2406 qui
2437 2351 2495 2392 se
2522 2336 2578 2390 in
2615 2339 2875 2404 Canticis,
2922 2342 3098 2408 campi
3121 2341 3331 2402 ﬂorem,
3358 2351 3414 2396 et

1830 2425 2004 2479 lilium
2061 2425 2388 2481 convallium
2449 2428 2686 2498 appellat
2736 2430 2817 2480 "z
2870 2431 2955 2484 vel
3015 2431 3190 2500 ipsam
3245 2431 3411 2485 etiam

1829 2514 2107 2585 Evangelii
2132 2518 2620 2587 promulgationem
2648 2535 2662 2582 ;
2689 2519 2848 2588 cujus
2869 2522 2960 2589 qui
2978 2521 3253 2590 justitiam
3280 2521 3415 2588 fece-

1829 2603 1922 2666 rit,
1955 2601 2140 2656 latitia
2169 2603 2477 2668 exsultabit,
2527 2620 2650 2658 cum
2685 2605 2795 2660 ista
2845 2606 3084 2662 audierit
3120 2627 3134 2662 :
3190 2627 3207 2658 ι
3241 2607 3412 2676 Euge,

1829 2709 1986 2750 serve
2012 2695 2153 2748 bone
2211 2703 2264 2750 et
2309 2695 2519 2761 ﬁdelis;
2567 2713 2732 2767 super
2770 2699 2937 2754 multa
2974 2710 3026 2755 te
3057 2701 3409 2764 constituam,

1827 2782 1973 2839 intra
2003 2785 2058 2839 in
2089 2785 2345 2856 gaudium
2372 2785 2585 2840 Domini
2621 2789 2696 2840 ttti
2733 2788 2798 2842 ¹⁸.
2840 2808 2860 2842 ι

2430 2876 2585 2929 CAP.
2628 2875 2786 2931 LXII.

1900 2966 2070 3024 Vatis.
2117 2967 2269 3021 l-l2.
2331 2966 2564 3036 Propter
2619 2966 2751 3022 Sion
2815 2985 2920 3023 non
2981 2971 3188 3046 tacebo,
3250 2985 3412 3039 neque

1826 3071 2042 3131 propter
2077 3058 2384 3114 Jerusalem
2424 3061 2718 3130 quiescam,
2771 3059 2934 3115 donec
2979 3062 3312 3132 egrediatur,
3353 3073 3414 3115 ut

1833 3152 2262 3222 lumen,justitia
2295 3161 2501 3216 mea,et
2521 3153 2761 3206 salutare
2793 3169 2988 3220 meum,
3009 3155 3144 3208 sicut
3183 3156 3410 3224 lampas,

143 3242 537 3310 καυθήσεται.
573 3244 682 3297 Καὶ
719 3243 970 3312 ὄψονται
1005 3244 1152 3312 ἔθνη
1183 3243 1300 3311 τὴν
1331 3243 1725 3312 δικαιοσύνην

1838 3244 2177 3297 accendatur.
2223 3241 2292 3296 Et
2332 3243 2578 3296 videbunt
2623 3252 2798 3314 gentes
2833 3243 3114 3314 justitiam
3147 3254 3328 3308 _tuam,
3363 3252 3413 3298 et

143 3347 292 3399 σου,
323 3331 422 3386 καί
452 3330 739 3398 βασιλεῖς
768 3329 884 3400 τὴν
926 3329 1116 3396 δόξαν
1158 3345 1298 3394 σου,
1341 3331 1441 3385 καὶ
1477 3329 1725 3385 καλέσει

144 3441 228 3480 σε
271 3421 338 3477 τὸ
370 3421 560 3492 ὄνομα
588 3436 706 3476 σου
758 3421 826 3476 τὸ
867 3423 1102 3488 καινὸν,
1140 3421 1170 3476 ὃ
1195 3426 1228 3476 ό
1263 3423 1483 3491 Κύριος
1509 3421 1726 3491 ὀνομά-

143 3529 250 3569 σει
289 3514 454 3570 αὐτό.
489 3513 598 3567 Καὶ
645 3512 764 3578 ἔσῃ
805 3513 1107 3582 στέφανος
1149 3514 1422 3580 κάλλους
1453 3515 1523 3568 ἐν
1575 3513 1726 3584 χειρί

147 3607 396 3678 Κυρίου,
446 3607 545 3661 καὶ
591 3603 854 3675 διάδημα
903 3605 1230 3674 βασιλείας
1260 3607 1331 3661 ἐν
1379 3606 1529 3676 χειρί
1577 3605 1725 3660 Θεοῦ

149 3715 292 3761 σου.
323 3716 378 3753 κ.
407 3715 460 3753 τ.
490 3697 542 3754 λ.
1657 3719 1664 3727 ·

237 3806 360 3860 Ἐπὶ
410 3806 467 3860 δὲ
504 3808 615 3871 τοῖς
660 3805 974 3877 εἰρημένοις
1019 3806 1048 3860 6
1099 3806 1390 3878 προφήτης
1435 3805 1724 3869 διατεθεὶς.

150 3899 250 3956 καὶ
279 3893 386 3954 οἷον
417 3896 604 3961 ἔνθους
628 3898 718 3967 ὑφ’
749 3897 946 3968 ἡδονῆς
963 3897 1273 3968 γενόμενος,
1292 3899 1396 3960 Διὰ
1422 3898 1595 3962 Σιὼν,
1627 3915 1728 3967 φη-

150 3989 260 4051 σὶν,
293 3989 364 4040 οὐ
398 3984 804 4054 σιωπήσομαι.
851 3985 950 4040 Διά
982 3987 1182 4048 παντὸς
1215 3987 1324 4058 γὰρ
1365 3986 1545 4057 βοήσω
1591 3990 1728 4058 πρὸς

146 4078 245 4132 τὸν
273 4079 402 4132 θεὸν
446 4077 707 4131 ἱκετεύων
755 4077 816 4130 τὸ
863 4077 974 4131 τῶν
1017 4079 1325 4150 εἰρημένων
1371 4079 1499 4132 ἰδεῖν
1528 4080 1729 4133 ἀποτέ-

147 4169 344 4237 λεσμα,
385 4167 524 4238 ὅπερ
597 4164 750 4218 ἔσται
783 4163 874 4217 ἐπ’
925 4165 992 4219 ἂν
1034 4167 1074 4234 ἠ
1109 4165 1464 4232 δικαιοσύνη
1515 4166 1614 4220 καί
1662 4165 1728 4219 τὸ

148 4255 450 4325 σωτήριον
511 4253 915 4324 Ἰερουσαλὴμ
986 4255 1081 4308 ἐπὶ
1140 4255 1352 4318 πάντας
1410 4253 1729 4326 ἀνθρώπους

151 4347 430 4419 ἐκλάμψῃ.
469 4347 546 4400 Τδ
579 4348 690 4418 γὰρ
722 4346 850 4416 φῶς
890 4346 1061 4417 αὐτῆς
1088 4349 1174 4413 είς
1211 4347 1284 4400 τὰ
1311 4347 1456 4416 ἔθνη
1485 4347 1602 4417 μετ’
1632 4348 1730 4400 αὐ-

151 4439 255 4510 τὴν
281 4439 612 4509 διαϐήσεται.
659 4437 720 4492 '0
759 4437 868 4510 γὰρ
913 4437 1022 4490 τῶν
1067 4436 1381 4491 ἀποστόλων
1425 4438 1582 4508 χορὸς
1629 4437 1728 4509 τὴν

155 4530 500 4585 διδασκαλίαν
543 4531 637 4584 ἐπὶ
687 4529 890 4596 πάσας
938 4529 1047 4596 τὰς
1071 4530 1398 4596 βασιλείας
1441 4529 1728 4594 ἐξέτεινεν,

1755 3295 1803 3358 ο

1835 3349 1979 3404 rcges
2038 3347 2217 3385 omnes
2252 3331 2482 3402 gloriam
2529 3345 2700 3398 tuam,
2753 3327 2802 3386 et
2853 3332 3059 3386 vocabit
3107 3343 3153 3387 te
3205 3334 3416 3387 nomine

1832 3423 2048 3484 recenti,
2081 3421 2220 3492 quod
2273 3421 2536 3478 Dominus
2589 3422 2908 3476 nominabit.
2946 3421 3013 3476 Et
3061 3423 3167 3476 eris
3215 3439 3416 3476 corona

1830 3513 2244 3581 pulchritudinis
2269 3513 2324 3565 in
2354 3530 2514 3567 manu
2550 3512 2787 3580 Domini,
2809 3523 2858 3568 et
2885 3515 3136 3568 diadema
3184 3515 3330 3584 regni
3359 3514 3412 3566 in

1832 3617 1994 3654 manu
2035 3599 2131 3654 Dei
2159 3601 2258 3665 tui,
2287 3607 2397 3656 etc.

1905 3788 1976 3844 lis
2004 3790 2170 3860 igitur
2197 3804 2318 3859 quae
2361 3789 2506 3844 dicta
2547 3799 2699 3858 sunt,
2739 3790 3005 3861 prepheta
3047 3804 3412 3862 praeparatus,
3509 3799 3517 3824 ‘

1833 3891 1887 3937 et
1909 3881 2207 3950 voluptate,
2243 3879 2408 3933 veluti
2439 3881 2663 3934 numine
2701 3881 2994 3946 excitatus,
3045 3891 3258 3951 propter
3290 3881 3416 3936 Sio-

1834 3989 1950 4027 nem
1978 3988 2083 4026 non
2107 3986 2220 4025 esse
2265 3985 2320 4024 se
2346 3971 2631 4024 tacitarum
2663 3970 2916 4028 alIirmat.
2962 3972 3234 4041 Perpetuo
3268 3973 3412 4027 enim

1835 4081 1895 4122 se
1944 4065 2378 4129 clamitatnrum,
2435 4065 2805 4135 precibusque
2853 4064 3301 4136 elllagitaturum,
3357 4077 3416 4120 ut

1834 4173 2048 4224 eorum,
2084 4172 2207 4226 qua).
2253 4157 2400 4211 dicta
2451 4165 2604 4220 sunt,
2655 4167 2909 4212 eventum
2967 4159 3284 4212 intueatur:
3319 4159 3412 4228 qui

1837 4257 1950 4304 tum
1982 4250 2200 4304 demum
2233 4247 2456 4304 futurus
2491 4257 2597 4315 est,
2620 4264 2746 4303 cum
2775 4248 3052 4318 justitiam
3086 4258 3137 4303 et
3174 4249 3416 4303 salutare

1834 4339 2134 4395 Jerusalem
2176 4339 2503 4395 mortalibus
2533 4339 2794 4395 omnibus
2844 4339 3066 4395 illucere
3097 4341 3412 4410 contigerit.

1837 4436 1994 4491 Tunc
2029 4435 2174 4490 enim
2211 4435 2388 4488 lumen
2438 4434 2612 4504 ipsius
2645 4435 2714 4488 ad
2755 4445 2930 4505 gentes
2981 4443 3101 4504 post
3133 4450 3252 4489 eam
3293 4451 3416 4491 esse

1837 4526 2228 4583 transiturum.
2251 4523 2407 4590 Quod
2434 4525 2808 4606 apostolorum
2835 4524 3084 4578 doctrina
3112 4527 3413 4594 praestitum
3436 4566 3448 4576 .

151 4621 278 4692 ἥτις
322 4619 391 4694 ἦν
445 4623 540 4678 καὶ
588 4621 698 4676 τῶν
750 4622 919 4675 πάλαι
971 4621 1321 4692 πληρούντων
1367 4623 1430 4675 τὸ
1479 4621 1725 4685 Θεοσεϐὲς

1842 4633 1958 4688 est;
1990 4634 2112 4691 qua:
2145 4618 2200 4673 in
2234 4617 2413 4671 omnia
2447 4633 2606 4687 regna
2636 4624 2936 4687 propagata
2981 4633 3107 4672 vere
3142 4617 3230 4670 illa
3264 4626 3416 4670 vetus

157 4716 288 4786 παρ’
319 4715 592 4780 Ἰουδαίοις
620 4715 927 4786 πολίτευμα
949 4714 1282 4786 καλούμενον
1317 4713 1724 4784 Ἰερουσαλήμ.

155 4807 312 4870 Τινὲς
347 4807 405 4860 δὲ
451 4808 549 4878 τὴν
601 4807 730 4861 νέαν
777 4808 962 4876 φασίν.
987 4807 1099 4877 Τῆς
1155 4808 1263 4878 γὰρ
1310 4805 1635 4876 Ἐκκλησίας
1677 4805 1728 4858 oi

157 4897 443 4950 ἀπόστολοι
493 4897 786 4966 γεγόνασιν
832 4897 1078 4966 ἀπαρχὴ.
1125 4898 1247 4948 Οὐκ
1289 4895 1499 4961 ἀνήσω
1547 4894 1728 4948 τοίνυν

152 4988 325 5064 μέχρι
361 4985 624 5059 πληρώσῃ
671 4985 803 5050 Θεὸς
849 4986 986 5056 αὐτῇ
1043 4985 1115 5039 τὰ
1169 4985 1591 5056 ἐπηγγελμένα,
1629 4985 1728 5056 τὴν

158 5077 248 5130 διὰ
276 5075 509 5148 Χριστοῦ
542 5075 742 5148 δηλαδὴ
771 5075 1076 5143 σωτηρίαν
1107 5074 1256 5146 πάσῃ
1293 5077 1358 5145 τῇ
1389 5077 1484 5145 γῇ.
1516 5075 1590 5128 Οὐ
1619 5076 1726 5144 γὰρ

177 5167 430 5221 Ἰουδαίων
461 5168 638 5238 μόνων
669 5168 698 5222 6
723 5165 877 5234 Θεὸς,
925 5165 1062 5219 ἀλλὰ
1107 5165 1202 5219 καὶ
1254 5165 1443 5219 ἐθνῶν.
1485 5165 1642 5229 Τινὲς
1670 5165 1726 5218 δὲ

52 5266 64 5272 ’
161 5257 260 5331 (ὡς
289 5258 381 5312 τοῦ
411 5258 578 5330 ῥητοῦ
608 5257 824 5329 ἔχοντος
842 5275 858 5291 ο
886 5257 1002 5326 τὴν
1025 5257 1426 5324 δικαιοσύνην
1449 5275 1592 5326 μου,
1627 5258 1726 5310 κιιί

161 5353 228 5404 τὸ
253 5349 548 5418 σωτήριόν
561 5333 705 5420 μού)
726 5349 836 5403 ἀπὸ
858 5348 1146 5420 προσώπου
1171 5347 1265 5402 τοῦ
1289 5347 1426 5401 Θεοῦ
1454 5349 1548 5402 τὸν
1571 5349 1726 5416 λόγον

163 5440 300 5497 εἷναί
326 5459 490 5510 φασιν
517 5441 991 5511 ἐπαγγελλομένω
1013 5439 1186 5494 ταῦτα
1220 5439 1482 5510 πληροῦν.
1508 5443 1729 5494 Amato-

163 5533 316 5599 σύνη
337 5531 406 5586 δὲ
433 5531 531 5588 καί
569 5530 866 5602 σωτήριον
909 5535 938 5587 6
982 5533 1241 5601 Χριστὸς,
1277 5528 1374 5588 οἷά
1410 5551 1493 5596 τις
1547 5535 1605 5588 ὲν
1637 5533 1727 5587 κό-

236 5777 342 5833 "ll
377 5779 513 5835 Tim.
553 5798 624 5842 tv.
661 5780 710 5838 7.
792 5784 834 5814 ¹⁰
947 5787 1044 5844 lsa.
1081 5806 1223 5857 xxvi,
1262 5791 1347 5859 l8,

1834 4712 2134 4772 Jerusalem
2165 4711 2287 4774 fuit,
2317 4725 2438 4779 qua:
2466 4711 2614 4778 piutn
2642 4717 2696 4762 et
2721 4717 2970 4762 sanctum
3025 4709 3168 4778 apud
3199 4706 3413 4764 Judaeos

1836 4806 2075 4866 civitatis
2105 4804 2418 4858 institutum
2447 4799 2798 4868 sequebatur.
2830 4797 2970 4853 Sunt
3000 4808 3202 4864 tamen,
3229 4801 3320 4869 qui
3348 4800 3413 4854 ad

1835 4913 2032 4955 novam
2063 4895 2387 4951 retulerunt.
2421 4889 2673 4945 Fuerunt
2699 4891 2845 4944 enim
2893 4892 3124 4960 apostoli
3161 4890 3417 4946 Ecclesia:

1835 4988 2105 5060 primitiae.
2137 4983 2262 5037 Non
2285 4983 2555 5052 quiescam
2584 4980 2768 5050 igitur,
2794 4981 2991 5049 inquit,
3019 4979 3180 5034 donec
3205 4994 3270 5033 ea
3309 4979 3414 5033 im-

1835 5077 2062 5148 pleverit
2077 5074 2358 5136 Dominus,
2373 5087 2496 5142 quae
2515 5071 2618 5140 ipsi
2635 5070 2917 5139 pollicitus
2935 5078 3018 5126 est
3037 5089 3050 5127 :
3073 5069 3127 5124 id
3144 5079 3228 5125 est
3243 5068 3416 5126 donec

1833 5169 2064 5222 salutem
2107 5165 2380 5220 universae
2427 5171 2589 5216 terra:
2622 5178 2720 5232 per
2748 5161 3034 5218 Christum
3075 5161 3412 5232 praestiterit.
3499 5211 3505 5220 ,

1835 5258 2120 5322 Non.enim
2147 5265 2232 5312 est
2262 5256 2405 5310 Deus
2431 5253 2746 5309 Judaaorum
2782 5263 3016 5320 tantum,
3047 5252 3144 5308 sed
3170 5251 3412 5321 gentium

1834 5353 1997 5405 etiam
2031 5351 2096 5404 ".
2134 5347 2397 5404 Nonnulli
2437 5362 2592 5412 vero,
2625 5355 2891 5416 tanquam
2927 5345 3207 5416 justitiam
3239 5361 3412 5400 meam

1833 5453 1884 5498 et
1914 5442 2151 5496 salutare
2197 5456 2366 5494 meum
2411 5438 2665 5507 propheta
2714 5437 2935 5501 habeat,
2967 5438 3034 5493 ad
3080 5435 3272 5502 Deum,
3315 5437 3411 5505 qui

1842 5535 1951 5591 ista
1979 5549 2039 5589 se
2060 5531 2335 5588 facturum
2367 5531 2716 5601 polliceatur,
2746 5529 3072 5584 retulerunt.
3107 5528 3199 5586 Est
3229 5537 3412 5585 autem

1443 5785 1484 5818 "
1515 5785 1675 5841 Cant.
1744 5802 1802 5852 ll,
1861 5787 1908 5842 l.
1989 5787 2030 5818 "
2086 5784 2275 5839 Matth.
2320 5783 2558 5848 xxvﬂl.
2637 5781 2869 5836 “Rom.
2923 5779 3134 5848 ltl,29.
