4000 6314
533 327 690 391 τίδ’ῐὸ

1865 323 2217 386 PROCOPH
2249 328 2492 389 ΟΑΖΕΙ

3691 314 3826 378 ἳῦἷιδ

533 445 744 500 iustitia
789 453 840 498 et
875 443 1114 497 srr'utare
1139 481 1152 501 .
1184 440 1441 496 Christus
1478 441 1616 508 ipse,
1647 439 1807 493 relati
1839 439 2045 509 lampas
2077 442 2130 494 in

2241 459 2359 514 σμῳ
2389 443 2656 516 λαμπὰς,
2691 441 2892 496 είπὼν·
2924 441 3044 495 Ὄτ’
3072 439 3138 494 ἂν
3187 430 3232 491 ὧ
3263 439 3322 492 ἐν
3348 433 3428 505 τῷ
3451 433 3676 503 κόσμῳ,
3717 431 3826 502 φῶς

476 553 487 558 ·
537 535 738 589 mundo
761 549 778 601 ;
803 535 890 601 qui
914 549 970 586 se
989 529 1231 600 quandin
1254 530 1306 582 in
1334 527 1538 583 mundo
1559 531 1901 592 versabalur,
1929 529 2118 584 mundi

535 626 718 680 lumen
739 639 862 678 esse
883 622 1025 677 dixit
1054 621 1123 686 ιθ,
1158 621 1210 675 in
1243 635 1354 690 quo
1384 629 1572 674 essent
1595 635 1787 676 omnes
1819 621 2119 690 impietatis

532 725 590 770 ct
607 717 876 770 scelerum
910 712 1154 768 tenebris
1182 713 1334 782 prius
1357 711 1608 766 involuti.
1634 710 1922 782 Significat
1953 725 2118 782 porro

469 862 486 872 ,
535 824 636 880 per
674 809 832 880 711
867 807 1143 877 justitiam
1193 815 1242 868 et
1287 806 1539 876 gloriam,
1585 805 1866 861 Christum
1903 809 2120 877 ipsum;

536 901 594 956 in
629 900 889 971 quojusti
914 941 929 966 ,
959 907 1016 956 et
1052 899 1212 966 cujus
1246 898 1424 968 gloria
1457 898 1658 954 divites
1692 898 1878 954 effecti
1905 913 2123 954 sumus.

610 992 748 1058 Quia
783 990 980 1046 deinde
1001 991 1125 1044 vitae
1148 990 1446 1044 novitatem
1471 990 1922 1061 amplectebatur,
1943 990 2134 1046 habuit

536 1092 592 1139 et
621 1099 799 1138 recens
832 1079 1060 1136 nomen:
1094 1097 1205 1136 non
1248 1079 1537 1152 Synagoga
1568 1081 1680 1151 jam
1715 1091 1775 1136 ut
1821 1090 2004 1148 antea,
2033 1081 2130 1136 sed

539 1173 810 1238 Ecclesia,
841 1182 897 1228 et
929 1173 1146 1240 domus,
1183 1179 1238 1226 et
1284 1173 1480 1227 civitas
1525 1171 1619 1227 Dei
1679 1181 2018 1242 nuncupata.
2055 1170 2128 1228 De

541 1281 648 1334 qua
675 1273 760 1320 est
814 1266 958 1334 apud
997 1263 1281 1326 Davidem,
1317 1280 1426 1334 quo
1459 1265 1579 1320 loco
1631 1265 1803 1334 ipsam
1835 1266 2122 1336 alloquens

541 1355 782 1424 gloriosa
813 1355 879 1409 de
913 1353 1004 1407 Dei
1036 1353 1259 1406 civitate
1289 1353 1436 1406 dicta
1470 1369 1594 1408 esse
1627 1352 1920 1409 afﬁrmavit
1953 1355 2019 1408 “.
2051 1351 2122 1408 Ut

540 1455 724 1499 autem
761 1446 1088 1516 elegantem,
1136 1445 1423 1514 formaque
1457 1456 1653 1515 praeter
1700 1456 1932 1502 caeteras
1983 1447 2124 1503 insi-

545 1551 727 1605 gnem,
761 1534 876 1590 fore
923 1535 1173 1602 doceret;
1216 1552 1468 1590 coronam
1511 1537 1928 1602 pulchritudinis
1979 1537 2127 1606 futu-

546 1639 662 1677 ram
719 1640 832 1678 esse
885 1623 1114 1678 addidit.
1155 1624 1304 1678 Licet
1350 1626 1496 1679 enim
1542 1635 1786 1680 sanctam
1829 1628 2133 1696 quamlibet

547 1717 805 1778 animam,
833 1697 1242 1786 Ecclesinmque
1272 1725 1468 1783 totam,
1500 1718 1730 1772 similem
1759 1735 1987 1784 coronw,
2012 1737 2134 1790 qua:

2229 536 2346 602 είμι
2378 533 2471 588 τοῦ
2505 535 2736 605 κόσμου,
2772 531 3001 602 ἀσεϐείᾳ
3031 529 3124 583 καὶ
3149 527 3635 598 πλημμελήμασιν
3657 523 3825 576 iube

2227 640 2337 677 των
2369 624 2773 688 ὲσκοτισμένων
2801 622 2864 676 τὸ
2895 621 3183 692 πρότερον.
3205 616 3628 681 Δικαιοσύνην
3652 613 3710 666 δὲ
3731 613 3828 666 καὶ

2227 712 2422 779 δόξαν
2456 715 2620 768 πάλιν
2653 713 2812 768 καλεῖ
2843 713 2935 768 τὸν
2971 711 3229 782 Χριστόν.
3266 705 3694 776 Δεδικαιὼμεθα
3722 705 3828 772 γὰρ

2228 807 2287 860 ὲν
2325 809 2497 882 αὐτῷ,
2531 811 2625 865 καὶ
2649 810 2747 882 τὴν
2774 811 2906 880 παρ’
2935 806 3100 862 αὐτοῦ
3139 803 3618 875 πεπλουτήκαμεν
3651 798 3829 865 δόξαν.

2313 987 2783 1059 Πρὸς,καινὸτητα
2811 984 2869 1039 δὲ
2900 985 3176 1055 τραπείσα
3230 981 3400 1052 ζωῆς,
3433 977 3665 1034 καινὸν
3706 977 3832 1048 ἔσχε

2240 1082 2336 1136 καὶ
2389 1081 2650 1148 τοῦνομα
2677 1118 2693 1142 ,
2739 1079 2862 1132 ἀντὶ
2923 1074 3258 1144 Συναγωγῆς
3326 1071 3641 1142 Ἐκκλησία
3671 1109 3689 1131 ,
3741 1072 3832 1123 καὶ

2235 1168 2403 1236 οἶκος,
2454 1171 2549 1226 καὶ
2599 1169 2755 1232 πόλις
2810 1169 2967 1234 Θεοῦ,
3113 1165 3545 1238 φησινδΔασίδ·
3598 1163 3832 1229 Aeaei:-

2236 1265 2410 1333 σμὲνα
2467 1259 2704 1331 ἐλαλήθη
2752 1260 2883 1329 περὶ
2925 1258 3110 1329 acini]
3154 1257 3308 1320 πόλις
3355 1256 3448 1309 τοῦ
3504 1252 3676 1308 Θεοῦ.
3741 1255 3836 1307 Οτι

2231 1353 2289 1406 δὲ
2345 1353 2440 1406 καὶ
2472 1351 2753 1422 εὐπρεπὴς
2799 1349 2990 1416 ἔσται,
3046 1349 3141 1404 καὶ
3198 1346 3610 1416 ἅπαραὸλήτῳ-
3645 1345 3836 1398 κάλλει

2238 1443 2684 1512 κατεστεμμὲνη,
2741 1443 3056 1511 ἐπήγαγεν·
3121 1439 3270 1506 "Ean
3321 1435 3636 1506 στέφανος
3691 1434 3836 1488 κάλ-

2232 1537 2404 1599 λους.
2437 1535 2626 1588 Ilio-av
2655 1533 2766 1604 γὰρ
2785 1533 2949 1601 ἁγίαν
2971 1531 3208 1601 ψυχὴν,
3234 1529 3334 1582 καὶ
3359 1529 3458 1598 τὴν
3493 1526 3834 1592 Ἐκκλησίαν

2237 1627 2396 1696 ὅλην,
2449 1625 2732 1696 στεφάνῳ
2787 1623 3188 1693 παρεικαστέον
3228 1625 3295 1675 ὲκ
3342 1619 3560 1688 πολλῶν
3623 1618 3832 1671 ἀνθέων

2241 1720 2620 1790 συγκειμένῳ,
2663 1713 2968 1782 ,βασιλικῷ
3011 1732 3072 1768 τε
3132 1713 3471 1781 διαδήματι.
3524 1711 3672 1780 Φησὶ
3727 1710 3831 1782 γὰρ

545 1825 612 1862 ex
648 1807 801 1860 vario
846 1807 1039 1860 ﬂorum
1087 1823 1284 1877 genere
1321 1809 1655 1870 contexitur,
1695 1812 1936 1880 regioque
1967 1813 2130 1868 etiam

2241 1807 2379 1862 εἶναι
2419 1809 2519 1880 τὴν
2563 1807 2891 1878 Ἐκκλησίαν
2933 1804 3102 1858 Δαϐὶδ
3146 1805 3204 1856 ὲν
3233 1799 3520 1874 ἱματισμῷ
3551 1798 3833 1870 διαχρύσῳ

547 1898 839 1952 diademati
873 1899 1098 1952 dicere:
1138 1915 1262 1953 cum
1297 1915 1416 1953 eam
1457 1900 1601 1970 apud
1639 1899 1896 1956 Davidcm
1928 1905 2130 1958 vestitu

547 1989 819 2041 deaurato
876 1987 1126 2040 indutam
1199 2003 1344 2052 esse,
1393 1998 1450 2043 et
1501 1989 1862 2058 variegatam,
1942 1995 2131 2046 eadem

549 2079 713 2148 plane
749 2087 914 2147 atque
953 2080 1041 2130 hic
1077 2079 1314 2141 ratione,
1345 2080 1592 2148 legamus
1631 2083 1697 2134 ".
1744 2081 1898 2146 Quod
1937 2083 2136 2139 deinde

550 2171 604 2222 in
638 2187 803 2223 manu
835 2169 1048 2223 Domini
1080 2170 1239 2235 dixit,
1270 2170 1388 2238 ejus
1421 2175 1823 2242 protectionem
1863 2175 2138 2230 defensio-

551 2275 788 2331 nemque
833 2260 1211 2330 signifiravit;
1249 2265 1342 2332 qui
1390 2279 1505 2320 sua:
1555 2279 1757 2319 manus
1799 2246 2139 2334 proiectione

549 2366 672 2404 eam
705 2366 764 2405 se
793 2360 1173 2420 protecturum
1218 2353 1527 2408 affirmavit.
1567 2355 1780 2430 Asserit
1811 2371 1947 2410 vero
1971 2358 2136 2420 etiam

551 2440 810 2496 Christus
848 2443 964 2512 ipse
1003 2443 1277 2498 neminem
1321 2461 1454 2501 suas
1481 2461 1612 2502 oves
1653 2447 1720 2502 de
1753 2446 1934 2502 Patris
1973 2463 2138 2503 manu

553 2548 677 2588 esse
703 2541 1028 2605 erepturum
1067 2535 1136 2590 ”.
1169 2536 1288 2592 Non
1335 2537 1536 2593 desunt
1575 2553 1766 2608 porro,
1805 2540 1900 2608 qui
1931 2556 2141 2595 rorante

549 2625 798 2691 nomine,
826 2641 920 2680 eos
960 2627 1114 2696 ipsos
1156 2628 1494 2698 intelligant,
1526 2630 1618 2699 qui
1669 2630 1723 2684 in
1749 2628 1974 2686 Christo
2013 2646 2140 2686 cum

555 2717 757 2771 virtute
781 2726 834 2772 et
859 2719 1019 2773 laude
1044 2720 1296 2774 vixerunt
1323 2740 1334 2774 :
1368 2737 1464 2790 per
1490 2723 1636 2792 regni
1673 2738 1802 2777 vero
1834 2723 2008 2792 ipsius
2032 2722 2144 2778 dia-

557 2807 738 2876 dema,
773 2824 871 2864 eos
901 2810 1094 2874 ctiam,
1128 2809 1220 2880 qui
1251 2811 1502 2865 eumdem
1541 2813 1810 2883 sanguine
1835 2830 1938 2868 suo
1959 2815 2143 2870 testati

553 2907 724 2954 sunt:
754 2916 894 2966 quos
922 2915 1020 2955 sua
1048 2902 1164 2970 ipsc
1188 2918 1348 2956 manu
1381 2903 1623 2974 seligens
1657 2904 1841 2968 Pater,
1876 2903 2020 2959 Filio
2049 2907 2144 2960 ad-

556 2988 762 3059 jungit,
787 2990 958 3044 veluti
1010 3007 1264 3072 coronam
1301 3007 1621 3064 apponens;
1664 2997 1908 3067 regioque
1951 2996 2142 3051 diade-

557 3089 718 3147 mate,
755 3081 806 3135 id
841 3093 948 3147 ρει,
986 3096 1174 3138 eorum
1216 3083 1528 3152 frequentia
1563 3086 1868 3152 honoratis,
1905 3089 1998 3157 qui
2045 3103 2144 3158 per

2239 1898 2752 1970 περιϐεϐλημένην,
2795 1895 3263 1967 πεποικιλμένην,
3329 1895 3424 1946 ῐσα
3473 1891 3660 1960 λέγων
3724 1894 3831 1954 τοῖς

2241 1991 2646 2062 προκειμένοις.
2685 1990 2780 2056 Τὸ,
2810 1989 2882 2044 ἐν
2915 1989 3065 2058 χειρὶ
3096 1989 3153 2042 δὲ
3182 1985 3353 2050 Θεοῦ,
3381 1984 3440 2038 τὸ
3485 1984 3594 2037 ὑπὸ
3622 1983 3832 2049 σκέπην

2233 2083 2386 2154 δηλοῖ
2415 2085 2512 2152 τὴν
2539 2083 2726 2136 αὐτοῦ.
2764 2084 2859 2146 Ὃς
2879 2082 2976 2135 καί
2996 2098 3184 2152 φησιν·
3220 2079 3332 2132 Καὶ
3354 2077 3460 2130 ὑπὸ
3495 2076 3716 2161 σκέπην
3739 2076 3831 2142 τῆς

2237 2177 2422 2246 χειρὸς
2449 2193 2551 2246 μου
2579 2175 2841 2229 σκεπὰσω
2864 2193 2944 2228 σε.
2979 2173 3090 2228 Καὶ
3121 2174 3149 2224 ὁ
3193 2171 3430 2241 Χριστὸς
3468 2169 3530 2222 δὲ
3565 2170 3703 2239 περὶ
3729 2167 3828 2220 τῶν

2241 2269 2386 2322 ίδίων
2425 2268 2718 2336 προϐάτων
2745 2265 2880 2338 φησί
2905 2281 2918 2294 °
2953 2265 3064 2318 Καὶ
3089 2263 3264 2326 οὐδεὶς
3304 2262 3550 2332 ἁρπάσει
3601 2262 3744 2314 αὐτὰ
3771 2263 3831 2312 ὲκ

2237 2357 2337 2426 τῆς
2359 2358 2540 2428 χειρὸς
2569 2358 2662 2410 τοῦ
2689 2357 2930 2428 Πατέρος
2965 2373 3091 2426 μου.
3109 2355 3262 2416 Τινὲς
3283 2353 3336 2406 δὲ
3365 2351 3687 2421 στέφανον
3702 2351 3828 2418 Χρι-

2243 2447 2372 2501 στοῦ
2401 2449 2528 2509 τοὺς
2572 2448 2639 2502 δι’
2668 2449 2833 2502 αὐτοῦ
2861 2447 3263 2518 κατορθοῦντας
3293 2447 3556 2515 εἰρήκασι
3577 2461 3592 2474 ·
3618 2444 3716 2496 καὶ
3737 2445 3828 2511 τῆς

2239 2533 2406 2594 αὺτοῦ
2429 2541 2757 2606 βασιλείας
2777 2539 3058 2607 διάδημα,
3080 2539 3205 2600 τοὺς
3231 2537 3379 2606 ὑπὲρ
3417 2535 3590 2589 αὑτοῦ
3624 2551 3828 2603 μαρτυ-

2243 2632 2534 2701 ρήσαντας,
2570 2629 2663 2694 οὓς
2691 2633 2757 2701 τῇ
2783 2629 2976 2682 ἑαυτοῦ
3012 2629 3159 2698 χειρί.
3191 2631 3219 2681 ὁ
3254 2627 3448 2696 Πατὴρ
3469 2624 3826 2694 ἐκλεξάμενος

2239 2721 2316 2792 τῷ
2347 2723 2461 2792 Υίῷ
2487 2721 2848 2792 περιτίθησιν,
2868 2719 3186 2791 στεφανῶν
3210 2720 3374 2774 αὑτὸν
3394 2719 3494 2772 καί
3520 2717 3830 2786 διαδήματι

2234 2813 2538 2878 ,ϐασιλικῷ
2557 2813 2754 2882 τιμῶν,
2773 2813 2848 2882 τῷ
2867 2812 3058 2881 πλήθει
3079 2811 3188 2864 τῶν
3205 2811 3272 2864 δι’
3299 2808 3468 2862 αὑτοῦ
3497 2809 3596 2862 καὶ
3609 2811 3711 2864 ὑπ’
3732 2809 3830 2862 αὐ,

2241 2903 2352 2956 τοῦ
2366 2903 2750 2973 σεσωσμένων.
2781 2903 2899 2972 Ἐφ’
2929 2896 3009 2967 οἷς
3030 2905 3142 2955 οὐκ
3165 2900 3255 2955 ἐτι
3285 2899 3666 2967 κληθήσεται
3699 2900 3738 2966 ἠ
3768 2896 3827 2950 τὸ

2243 2993 2456 3046 καινὸν
2489 2992 2679 3062 ὄνομα
2726 2993 3028 3060 λαϐοῦσα,
3059 2988 3546 3059 ὑπολελειμμένη
3581 2989 3681 3042 καὶ
3705 2987 3830 3054 ἕρη-

2238 3099 2354 3151 μος
2371 3122 2386 3146 ,
2410 3080 2548 3134 ἀλλὰ
2565 3083 2796 3151 θέλημα
2813 3083 2988 3152 ἐμόν,
3021 3081 3167 3136 τοῦτ’
3186 3083 3328 3143 ἐστι,
3363 3082 3508 3133 κατὰ
3531 3079 3594 3132 τὸ
3607 3073 3830 3146 θέλημά

556 3173 762 3242 ipsum,
791 3184 846 3226 et
895 3175 964 3228 ab
997 3175 1118 3246 ipso
1158 3177 1392 3231 salutem
1444 3177 1628 3246 adepti
1658 3187 1786 3232 Sunt
1819 3195 1833 3232 :
1871 3194 1902 3233 a
1939 3181 2135 3250 quibus

2241 3189 2382 3240 μου.
2402 3171 2482 3225 Δι’
2521 3164 2582 3227 οὗ
2616 3173 2769 3242 δηλοῖ
2793 3174 2887 3228 καὶ
2913 3173 2996 3238 τὸ,
3029 3171 3260 3244 θελητὴν
3291 3171 3464 3240 αὐτὴν
3489 3168 3716 3224 ἔσεσθαι
3737 3168 3826 3238 τὴν

559 3277 670 3316 non
718 3263 996 3316 vocabitur
1031 3267 1260 3332 amplius
1308 3282 1426 3336 qua:
1469 3283 1648 3320 recens
1679 3283 1866 3322 nomen
1907 3269 2139 3339 accepit,

557 3351 816 3408 derelicta
847 3363 898 3406 et
923 3353 1156 3420 deserta,
1187 3357 1280 3410 sed
1316 3357 1559 3410 voluntas
1589 3373 1734 3423 mea;
1767 3358 1817 3412 id
1843 3371 1922 3414 εει
1949 3375 2145 3415 secun-

565 3447 689 3498 dum
717 3445 1044 3500 voluntatem
1089 3462 1288 3501 meam:
1326 3447 1531 3516 quibus
1571 3463 1690 3502 eam
1734 3448 1900 3504 etiam
1930 3460 2140 3522 gratam

560 3537 675 3588 fore
699 3543 754 3588 et
772 3544 1052 3604 acceptam
1079 3536 1373 3607 signiﬁcat.
1408 3537 1540 3603 Quae
1561 3536 1772 3592 deserta
1798 3539 1868 3594 ob
1899 3541 1974 3604 id,
1998 3541 2144 3611 quod

561 3621 620 3675 in
658 3621 942 3677 Christum
979 3623 1295 3688 admiserat,
1333 3623 1477 3679 facta
1519 3623 1718 3688 fuerat,
1763 3625 1857 3682 sed
1904 3629 2144 3685 servatis

559 3713 831 3784 reliquiis,
863 3713 1206 3787 gentibusque
1239 3731 1363 3771 cum
1393 3715 1513 3786 ipso
1543 3716 1881 3784 conjunctis,
1909 3720 1964 3772 in
1995 3720 2145 3774 mul-

561 3807 849 3863 titudinem
882 3807 1060 3862 evasit
1098 3807 1393 3868 infinitam.
1433 3809 1540 3864 Deo
1576 3809 1752 3880 ipsam
1786 3810 2056 3880 probante
2093 3819 2148 3867 et

493 3932 498 3944 .
558 3899 964 3968 amplectente;
1033 3902 1411 3970 quantumvis,
1475 3903 1892 3959 exercitationis
1945 3905 2144 3976 gratia,

558 3989 813 4048 afflictam
853 4009 998 4066 saepe
1032 3995 1308 4066 negligere
1356 3996 1633 4051 videatur.
1673 3995 1905 4063 Quidam
1935 4006 2142 4061 autem,

557 4083 704 4150 quod
747 4095 796 4138 et
838 4095 983 4140 terra
1030 4095 1120 4140 tua
1163 4085 1413 4140 habitata
1465 4087 1628 4153 dixit,
1663 4086 1732 4141 ad
1773 4103 1953 4143 recens
1994 4089 2146 4160 regni

2247 3265 2377 3335 πρὶν
2405 3264 2840 3334 ἐρημωθεῖσαν,
2867 3264 2985 3319 ἀνθ’
3017 3260 3096 3324 ὧν
3145 3263 3416 3334 ηθέτησεν
3444 3263 3528 3325 είς
3561 3260 3825 3332 Χριστόν·

2247 3355 2386 3409 ἀλλὰ
2416 3355 2682 3420 σωθέντος
2723 3355 2818 3410 τοῦ
2873 3355 3342 3426 καταλείμματος,
3377 3355 3476 3406 καὶ
3526 3352 3828 3406 ἑνωθέντων

2247 3447 2397 3517 αὖτῷ
2427 3447 2536 3500 τῶν
2565 3448 2634 3512 ἐξ
2660 3445 2878 3511 ἐθνῶν,
2915 3449 2996 3511 εἰς
3030 3445 3236 3516 πλῆθος
3267 3445 3552 3499 ἐπέδωκεν
3565 3444 3827 3512 ’ἄπειμι-ι,

2249 3538 2600 3600 εὐδοκοῦντος
2638 3541 2696 3592 ὲν
2731 3540 2868 3610 αὐτῇ
2901 3539 3058 3606 Θεοῦ,
3090 3539 3140 3592 εί
3173 3537 3268 3590 καὶ
3318 3535 3544 3607 παρορᾷ.
3577 3533 3828 3596 πολλάκις

2250 3631 2558 3701 γυμνασίας
2579 3631 2742 3702 χάριν
2772 3631 3134 3702 διωκομένην.
3169 3628 3328 3692 Τινὲς
3351 3628 3408 3682 δὲ
3433 3628 3517 3688 τδ,
3553 3627 3657 3681 καὶ
3689 3628 3728 3692 ἡ
3758 3624 3826 3694 γῆ

2251 3738 2368 3776 σου
2415 3722 2774 3791 οἰκουμένη,
2816 3723 2884 3778 ὲν,
2914 3720 2996 3786 τῷ
3027 3720 3212 3786 καινῷ
3257 3720 3416 3774 αἰῶνι
3457 3718 3559 3789 τῆς
3600 3715 3824 3789 Χριστοῦ

2257 3813 2535 3884 βασιλείας
2576 3813 2709 3884 φασὶ
2752 3799 2880 3876 ⁸ιῖοὺς
2917 3813 3026 3866 τῶν
3069 3810 3418 3880 ἐπαγγελιῶν
3458 3809 3649 3878 ἀξίους
3685 3809 3824 3878 οἰκη-

2252 3923 2416 3978 τορας
2436 3905 2720 3973 ἓξουσαν*ο
2743 3905 2792 3958 οἳ
2822 3905 2918 3958 καὶ⁵
2935 3906 2992 3957 ὲν
3019 3903 3262 3975 τοσαύτῃ
3283 3901 3525 3973 θυμηδίᾳ
3542 3900 3824 3968 διάξουσιν,

2261 3997 2337 4062 ὡς
2359 3996 2620 4052 ἐοικέναι
2647 3995 2952 4060 νεανίσκῳ
2989 3995 3372 4064 συνῳκηκότι
3395 3995 3700 4063 παρθένῳ.

557 4173 764 4232 Christi
813 4180 1072 4233 sarculum
1101 4180 1432 4246 retulerunt,
1501 4181 1662 4250 712
1728 4196 1840 4252 quo
1901 4187 2147 4250 tempore
2201 4181 2410 4238 incolas
2469 4183 2933 4254 promissionibus
2977 4181 3200 4237 minime
3256 4181 3522 4253 indignos
3582 4181 3827 4236 habitura

557 4279 664 4331 est,
699 4267 794 4338 qui
827 4268 931 4322 vita
963 4269 1396 4340 etiamjucunda
1452 4273 1588 4327 adeo
1659 4280 1714 4326 et
1771 4273 2068 4344 tranquilla
2141 4273 2370 4344 potituri
2431 4283 2581 4342 sunt,
2649 4283 2709 4328 ut
2756 4273 2968 4342 juvenis
3021 4288 3140 4326 cum
3196 4271 3396 4342 virgine
3453 4271 3700 4326 habitare
3758 4272 3826 4325 vi-

559 4357 778 4412 dvatur.

634 4446 780 4500 Sunt
815 4455 1020 4513 tamen,
1055 4447 1148 4518 qui
1201 4465 1268 4503 ex
1320 4448 1526 4504 Iudaeis
1568 4451 1807 4520 primum
1845 4453 2135 4510 Ecclesiair

2327 4453 2484 4515 Τινὲς
2529 4451 2586 4504 δέ
2618 4469 2786 4521 φασιν
2829 4451 2905 4515 ὡς
2927 4449 2987 4514 ἐξ
3041 4451 3309 4504 Ἰουδαίων
3341 4452 3578 4523 συνέστη
3623 4453 3686 4506 τὸ
3724 4453 3825 4506 κατ’

561 4539 731 4594 velint
763 4541 1116 4609 constitisse;
1153 4543 1299 4597 inter
1325 4559 1467 4612 quos
1494 4547 1710 4601 caeteris
1741 4545 1948 4602 Christi
2009 4563 2135 4619 pra:-

2257 4545 2452 4617 ἀρχὰς,
2487 4537 2562 4598 ὧν
2593 4541 2924 4614 προῦχοντες
2955 4538 3096 4614 ἦσαν
3121 4543 3170 4594 οἰ
3207 4541 3302 4595 τοῦ
3329 4543 3572 4613 Χριστοῦ
3601 4543 3825 4613 μαθηταὶ

562 4631 865 4686 stantiores
895 4635 1130 4702 apostoli
1159 4643 1310 4687 tanto
1338 4649 1464 4703 erga
1481 4649 1600 4688 eam
1619 4650 1803 4690 amore
1828 4636 2135 4707 flagraruut

2257 4638 2354 4700 τὴν
2394 4639 2474 4700 είς
2496 4637 2663 4707 ἄκρον
2686 4635 2908 4704 ἀγάπην
2930 4631 3018 4698 ei:
3035 4633 3202 4705 αὐτὴν
3228 4632 3610 4700 διασώζοντες,
3645 4635 3722 4698 ὡς
3747 4637 3822 4688 καὶ

563 4730 625 4778 ιιι
659 4740 758 4792 pro
787 4724 866 4780 eis
902 4727 1194 4780 anathema
1228 4723 1343 4780 fieri
1374 4723 1581 4782 Paulus
1622 4729 1902 4797 exoptarit
1932 4731 2000 4784 “.
2040 4731 2135 4786 Sed

2254 4727 2546 4782 ὀδυνᾶσθαι
2594 4725 2688 4778 τὸν
2765 4724 2978 4778 Παῦλον
3027 4725 3168 4796 ὑπὲρ
3223 4724 3405 4778 αὐτῶν
3441 4726 3536 4777 καὶ
3587 4724 3820 4796 εῦχεσθτι

563 4824 648 4871 est
681 4831 863 4871 rerum
890 4817 1088 4888 ingens
1129 4817 1274 4872 facta
1303 4819 1612 4876 renovatio.
1661 4819 1826 4876 Vetus
1857 4821 2009 4877 enim
2044 4822 2135 4894 Sy-

2252 4820 2501 4891 ἀνάθεμα
2527 4815 2686 4872 εἶναι.
2732 4817 2905 4880 Πολὺς
2939 4817 2994 4870 δὲ
3041 4816 3152 4870 τῶν
3197 4817 3541 4888 πραγμάτων
3589 4821 3616 4870 ὁ
3664 4835 3820 4871 καινιο

565 4923 798 4980 nagoga,
833 4917 1108 4964 vetustate
1142 4909 1379 4978 quodam
1423 4919 1586 4980 pacto
1629 4912 1902 4978 obsoleta,
1949 4912 2135 4981 juven-

2252 4913 2411 4983 σμός.
2461 4910 2521 4965 Ἢ
2549 4911 2658 4982 γὰρ
2687 4907 2894 4980 ἀρχαία
2927 4907 3233 4979 Συναγωγὴ
3273 4909 3480 4978 τρόπον
3502 4907 3628 4962 τινὰ
3656 4925 3817 4962 7:27:1-

563 5000 703 5056 rulae
744 5013 1119 5070 comparatur.
1152 5001 1333 5070 Ipsius
1373 5003 1576 5059 deinde
1613 5004 1728 5068 lilii,
1767 5005 2018 5074 Apostoli
2067 5005 2134 5060 ni-

2249 5001 2529 5074 λαιωμένη
2563 5004 2628 5072 τῇ
2674 5001 3017 5070 παλαιότητι,
3062 4997 3267 5054 νεάνιδι
3314 5001 3736 5070 παρεικάζεται.
3769 4999 3816 5052 Ui

566 5094 791 5156 mirum,
816 5108 936 5146 cum
965 5108 1028 5147 ea
1061 5092 1395 5160 habitarunt,
1423 5110 1546 5150 cum
1564 5095 2020 5160 eamdem,veluli
2057 5111 2130 5149 nu

2251 5093 2308 5148 δὲ
2337 5093 2444 5146 υἱοὶ
2467 5091 2634 5160 αὐτῆς
2659 5089 2944 5142 ἀπόστολοι
2963 5088 3033 5142 ἑν
3061 5087 3217 5158 αὐτῇ
3244 5085 3584 5154 κατῴκουν,
3610 5088 3684 5152 ὡς
3716 5105 3816 5159 τρο-

571 5185 787 5249 Iricem,
826 5199 991 5240 manu
1025 5197 1318 5256 regerent;
1353 5203 1478 5243 cum
1512 5189 1655 5243 sicut
1691 5197 1922 5243 matrem
1954 5203 2135 5244 conso-

2255 5185 2356 5253 φὺν
2409 5180 2918 5254 χειραγωγοῦντες,
2974 5179 3424 5252 παρακαλοῦντες
3462 5181 3539 5244 ὠς
3597 5183 3812 5253 μητέρι,

572 5276 855 5344 larentur;
880 5291 1004 5333 cum
1044 5279 1284 5349 denique
1339 5281 1474 5350 legis
1506 5282 1732 5336 umbras
1767 5280 1943 5336 vitare
1975 5279 2135 5334 doce-

2259 5275 2482 5346 φεύγειν
2510 5275 2605 5328 τοῦ
2639 5276 2804 5346 νόμου
2843 5274 2943 5340 τὰς
3001 5279 3160 5340 σκιὰς
3199 5277 3614 5349 εἰσηγούμενοι,
3643 5279 3717 5342 ὡς
3744 5279 3815 5330 τὸν

575 5379 732 5440 rent:
771 5370 918 5426 unde
959 5388 1058 5442 pro
1091 5375 1344 5444 patrihus
1375 5389 1499 5430 esse
1529 5371 1692 5430 nat'os
1724 5375 1803 5429 illi
1837 5375 1978 5430 filios
2011 5387 2135 5443 aput

2268 5366 2432 5420 Δαὸὶδ
2463 5365 2674 5434 λέγειν·
2725 5365 2870 5420 Ἀντὶ
2912 5367 3020 5420 τῶν
3068 5367 3323 5438 πατέρων
3369 5383 3466 5420 σου
3505 5367 3814 5439 ἐγενήθησάν

579 5463 836 5536 liavidem
866 5465 1100 5535 legimus
1123 5469 1190 5522 ’³.
1217 5467 1354 5522 Cum
1378 5469 1523 5522 enim
1548 5467 1642 5522 ﬁlii
1665 5476 1873 5527 essent,
1897 5467 1951 5520 in
1973 5474 2135 5536 patre,

2264 5475 2348 5512 σοι
2379 5457 2506 5510 υἱοί.
2543 5458 2660 5510 Υἱοὶ
2700 5457 2807 5528 γὰρ
2833 5459 3007 5522 ὅντες,
3043 5459 3124 5520 εἰς
3156 5459 3404 5528 πατέρας
3440 5455 3812 5528 ὲγένοντο.Ὦν

578 5560 898 5606 evaserunt.
946 5553 1078 5619 Qua:
1115 5572 1240 5611 cum
1291 5558 1367 5610 ita
1415 5571 1473 5612 se
1527 5557 1791 5624 habeant;
1827 5556 1902 5610 ita
1955 5555 2130 5623 inquit

2262 5549 2434 5612 οὕτως
2467 5549 2720 5618 ἐχόντων,
2748 5548 2921 5612 οὕτως
2963 5548 3445 5618 εὐφρανθήσεται
3485 5553 3691 5621 Κύριος
3729 5549 3812 5604 ἐπὶ

651 5669 694 5697 ’⁸
723 5665 882 5743 Jo_a_n.
931 5688 1047 5737 vui,
1105 5675 1186 5728 l2.
1231 5678 1270 5708 "
1305 5676 1448 5731 Psal.
1505 5692 1724 5743 vaxw,
1760 5679 1812 5731 5.
1890 5679 1933 5709 ¹²
1963 5675 2111 5732 Psul.

2241 5689 2286 5737 ν,
2323 5672 2406 5723 l0.
2507 5667 2550 5698 ³⁸
2587 5663 2744 5721 Joan.
2779 5683 2830 5732 κ,
2855 5667 2947 5724 ‘28.
3053 5666 3098 5698 "'
3133 5667 3291 5720 Rom.
3323 5683 3402 5732 ιτ,
3432 5667 3486 5722 5.
3599 5669 3642 5700 ⁸⁸
3673 5666 3802 5722 Psal.

779 5671 882 5789 i’a7n.
931 5688 1047 5737 vui,
1105 5675 1186 5728 l2.
1231 5678 1270 5708 "
1305 5676 1448 5731 Psal.
1505 5692 1724 5743 vaxw,
1760 5679 1812 5731 5.
1890 5679 1933 5709 ¹²
1963 5675 2111 5732 Ρετιι.

2241 5689 2286 5737 r,
2323 5672 2406 5723 l0.
2507 5667 2550 5698 ³⁸
2587 5666 2744 5721 Joan.
2779 5683 2830 5732 κ,
2855 5667 2947 5724 ‘28.
3053 5666 3098 5698 "'
3133 5667 3291 5720 Rom.
3323 5683 3402 5732 ιτ,
3432 5667 3486 5722 5.

587 5749 733 5806 μιν,
779 5749 862 5790 Π.
