3966 6318
80 249 213 314 2657

1206 237 1740 300 COMMENTARII
1769 236 1851 296 IN
1895 236 2180 295 ISAIAM.

3199 227 3341 290 2658

81 363 198 424 σοὶ,
243 357 510 426 καθάπερ
573 355 778 426 ἀμέλει
835 352 931 407 καὶ
985 352 1241 420 νυμφίος
1279 351 1379 404 ἐπὶ
1430 351 1658 418 νύμφῃ.

1784 362 1919 416 :uper
1951 356 1997 400 te
2031 345 2302 400 (celabitur
2339 343 2618 408 Dominus,
2647 341 3092 414 quemadmodum
3119 340 3340 394 laetatur

82 450 352 508 KaGixeto
374 447 481 518 γὰρ
507 447 566 513 ἐξ
591 443 834 516 οὐρανῶν
858 446 886 495 ὁ
910 441 1206 512 μονογενὴς
1239 441 1411 508 Λόγος
1449 437 1652 508 ἐγκαρ-

86 561 179 596 πον
209 542 485 611 ἀποφῆναι
515 538 615 608 τὴν
651 534 994 605 Ἐκκλησίαν,
1025 533 1090 603 ἣν
1117 531 1280 594 αὐτὸς
1314 529 1490 599 ἑαυτῷ
1520 545 1659 601 παρ-

82 631 277 706 έστησε
331 629 604 700 παρθένον
651 629 844 696 ἁγνὴν,
885 625 959 696 μὴ
992 625 1225 694 ἔχουσαν
1263 621 1452 674 σπίλον
1487 619 1520 690 ἢ
1558 623 1655 690 ῥυ-

81 726 214 779 τίδα.
253 721 536 792 Δεξαμένη
563 720 620 774 δὲ
660 720 790 790 παρ’
832 715 996 772 αὐτοῦ
1023 717 1122 784 τῆς
1165 713 1529 780 εὐαγγελικῆς
1556 727 1658 763 πο-

83 816 283 878 λιτείας
307 813 378 866 τὰ
399 812 716 882 σπέρματα,
740 809 962 863 τέτοκεν
985 807 1172 860 οὐκέτι
1193 805 1290 875 τὴν
1319 793 1385 857 δι’
1407 803 1658 872 αἱμάτων

84 907 178 960 καὶ
227 902 441 960 καπνοῦ
487 902 768 972 λατρείαν,
819 899 934 952 ἀλλ’
973 901 1030 952 ὲν
1078 891 1212 970 ᾖτὸ
1251 896 1351 964 τῆς
1402 894 1662 966 ἀληθείας

83 998 487 1068 ἑντετὸρνευται
529 994 743 1057 κάλλος,
803 985 946 1066 ᾗπερ
997 991 1223 1052 εἰκότως
1256 990 1659 1056 εὐφραίνεται,

84 1092 206 1153 τοὺς
233 1089 440 1150 τύπους
469 1089 550 1150 είς
579 1085 840 1156 ἀλήθειαν
871 1081 1330 1153 μετατιθεμένους
1366 1079 1527 1149 ὁρῶν.
1552 1079 1663 1134 Καὶ

84 1183 148 1234 ἐκ
189 1179 415 1234 τελείων
477 1178 654 1249 μελῶν
703 1176 802 1246 τὴν
849 1175 1094 1244 νύμφην
1155 1171 1498 1226 συνεστῶσαν
1530 1169 1664 1223 θεώ-

89 1289 267 1342 μενος,
301 1269 398 1324 τοῦ
422 1287 481 1323 τε
514 1269 783 1340 προτέρου
829 1267 922 1320 καὶ
952 1265 1047 1319 τοῦ
1064 1265 1185 1318 νέου
1221 1263 1371 1326 λαοῦ,
1398 1258 1493 1316 οἵα
1517 1279 1665 1332 νυμ-

87 1364 225 1433 φίος
275 1361 374 1416 ἐπὶ
417 1362 622 1430 νύμφῃ
661 1357 1180 1428 εὐφρανθήσεται,
1223 1359 1554 1423 καταστήσει
1603 1369 1664 1406 τε

87 1449 386 1520 φυλακὰς,
435 1449 702 1518 ἀγγέλους
748 1447 949 1518 δηλαδὴ
991 1445 1166 1508 θείους
1190 1485 1208 1509 ,
1263 1444 1357 1496 καὶ
1403 1443 1666 1513 δυνάμεις

91 1543 248 1611 ἁγίας
285 1543 374 1607 εις
410 1541 476 1595 τὸ
504 1542 603 1606 τῆς
633 1540 760 1602 νέας
801 1535 1198 1606 Ἰερουσαλὴμ
1239 1537 1313 1589 τὰ
1343 1535 1510 1605 τείχη
1555 1551 1667 1604 εσυ-

89 1633 353 1688 λιίττειν.
401 1630 550 1692 ὅπως
574 1630 633 1682 ὲν
663 1629 854 1698 εἰρήνῃ
895 1627 1210 1695 κατάρχων,
1263 1623 1426 1686 αὐτὸς
1467 1626 1546 1685 εἰς
1573 1622 1666 1674 τὸν

1765 451 1990 505 sponsus
2025 451 2140 488 cum
2171 449 2386 503 sponsa.
2419 431 2707 488 Descendit
2735 433 2882 486 enim
2906 429 2975 486 de
3005 427 3161 485 caelis
3215 427 3344 480 Ver-

1763 527 1894 581 hum
1930 526 2190 594 unigena,
2228 534 2286 578 ut
2323 522 2624 578 Ecclesiam
2649 522 3004 586 l'ecundaret;
3036 533 3200 588 quam
3227 519 3348 588 ipse

1767 617 1871 675 sibi
1922 619 2192 688 virginem
2249 628 2457 670 castam
2520 616 2715 668 aSt-ivit
2748 615 2817 677 ⁸⁸,
2876 628 2986 668 non
3050 611 3346 666 habentem

1767 712 2062 774 maculam,
2138 725 2224 764 ve.
2301 723 2491 780 rugam
2541 707 2606 760 ".
2667 707 2805 762 Cum
2859 714 3042 760 autent
3103 703 3172 756 ab
3227 701 3349 770 ipso

1767 802 2101 872 evangelica:
2164 799 2672 855 administrationis
2731 799 2947 854 semina
3005 794 3345 864 excepisset:

1767 907 1880 946 non
1913 893 2238 962 sanguinem
2271 892 2534 961 amplius,
2566 899 2622 945 et
2654 889 2929 944 fumosum
2951 888 3162 942 cultum
3187 886 3350 940 enisa
3415 911 3418 914 ’

1768 993 1873 1051 est,
1910 983 2005 1038 sed
2032 999 2156 1038 eum
2182 984 2383 1054 ipsum,
2420 985 2474 1038 in
2507 999 2617 1053 quo
2640 996 2904 1052 expressa
2930 990 3078 1036 esset
3099 979 3348 1035 veritatis

1770 1077 2153 1147 pulchritudo;
2184 1092 2288 1147 qua
2323 1093 2432 1132 non
2463 1077 2740 1130 immerito
2769 1079 3004 1140 twtatur,
3035 1073 3353 1144 quiliguras

1770 1167 1825 1221 in
1857 1169 2148 1222 veritatem
2181 1177 2421 1222 mutatas
2449 1183 2574 1222 esse
2601 1167 2804 1221 videat.
2839 1166 3138 1222 Laetabitur
3161 1179 3350 1235 porro,

1771 1268 2028 1329 tanquam
2043 1259 2248 1312 veteris
2273 1257 2513 1326 novique
2538 1257 2723 1328 pepuli
2747 1273 2971 1325 sponsus
2991 1273 3110 1310 cum
3127 1271 3348 1324 sponsa,

1771 1367 1895 1406 cum
1941 1351 2059 1406 suis
2110 1350 2376 1405 membris
2423 1349 2732 1404 absolutam
2786 1359 2836 1404 et
2881 1347 3183 1419 perfectam
3226 1359 3352 1401 esse

1771 1459 2020 1510 sponsam
2063 1441 2392 1506 intuebitur,
2431 1441 2799 1504 custodesaue,
2830 1440 2882 1494 id
2932 1447 3039 1504 est,
3089 1437 3350 1494 calestes

1773 1536 2016 1604 angelos,
2048 1542 2105 1588 et
2143 1534 2376 1588 virtutes
2421 1542 2668 1596 sanctas,
2694 1533 2758 1585 ad
2800 1547 3079 1586 murorum
3106 1527 3353 1585 recentis

1771 1625 2074 1680 Jerusalem
2111 1625 2417 1679 custodiam
2446 1627 2750 1690 constituet,
2781 1639 2891 1694 quo
2925 1623 3096 1694 possit
3136 1621 3190 1676 in
3219 1634 3353 1688 pace

93 1723 264 1778 αἰῶνα
285 1723 482 1790 διάγοι.
511 1721 584 1772 Ἦ
611 1719 750 1788 τάχα
793 1717 1074 1788 φυλακὰς
1121 1699 1272 1784 λέγει
1311 1718 1436 1778 τοὺς
1485 1714 1673 1781 dig-"ioue

1784 1719 1982 1789 degens
2031 1727 2299 1788 perpetuo
2346 1719 2642 1788 imperare.
2690 1715 2784 1770 Vel
2841 1719 3026 1771 forsan
3071 1714 3354 1768 custodum

97 1812 517 1884 μυσταγωγοὺς,
555 1811 605 1864 οἳ
643 1809 734 1864 διὰ
788 1809 990 1872 παντὸς
1037 1807 1334 1878 ἁνυμνοῦσι
1363 1807 1462 1876 τὴν
1513 1807 1673 1872 δόξαν

95 1903 284 1969 αὑτοῦ,
321 1903 664 1973 μεμνημένοι
694 1901 804 1955 τῶν
826 1899 1148 1970 θαυμασίων
1177 1899 1365 1966 αὑτοῦ,
1409 1897 1554 1952 καθά
1583 1898 1678 1966 γέ-

95 2007 371 2067 γραπται·
433 1995 570 2064 Περὶ
613 1988 674 2048 οῦ
717 1993 984 2058 λέξουσιν,
1027 1994 1112 2046 ὅτι
1160 1993 1273 2045 οὐκ
1317 1991 1488 2044 ἐστιν
1535 1989 1678 2058 ὑμῖν

97 2086 320 2156 ὅμοιος.
371 2086 536 2139 Ὅσον
587 2087 696 2158 γὰρ
754 2089 820 2156 τῇ
873 2084 1075 2153 φύσει,
1127 2082 1381 2136 τοσοῦτον
1425 2081 1676 2152 διαφέρει

96 2177 552 2250 χρηστότητι.Ὦς
574 2177 794 2248 εἴρηται
818 2177 927 2247 γὰρ
949 2179 1007 2230 ὲν
1051 2175 1301 2244 Ψαλμοῖς
1320 2191 1335 2205 ο
1371 2192 1389 2224 ι
1421 2175 1496 2227 Οὐ
1532 2175 1676 2228 κατά

94 2271 192 2331 τὰς
233 2267 466 2338 ἀνομίας
509 2268 666 2339 ἡμῶν
695 2270 952 2339 ἐποίησεν
1000 2269 1156 2338 ἡμῖν,
1218 2267 1342 2320 οὐδὲ
1392 2266 1535 2320 κατά
1577 2265 1676 2329 τὰς

95 2361 373 2432 ἁμαρτίας
401 2359 558 2430 ἡμῶν
586 2360 972 2416 ἀνταπέδωκεν
1002 2361 1156 2430 ἡμῖν.
1185 2379 1206 2411 ι

179 2625 330 2682 Ἆντὶ
370 2627 426 2681 δὲ
475 2625 573 2680 τοῦ
603 2641 616 2655 ⁸
665 2627 788 2680 Οὐκ
831 2627 964 2680 ἐστι
997 2624 1107 2696 γὰρ
1141 2623 1286 2692 ἡμῖν
1323 2623 1546 2692 ὅμοιος,
1571 2621 1680 2676 ἐὰν

99 2717 420 2788 διορθώσει,
474 2718 572 2772 καὶ
622 2717 849 2786 ποιήσῃ
903 2715 1303 2786 Ἰερουσαλὴμ
1345 2717 1681 2786 ἀγιιῳίαμα

99 2813 195 2864 ἐπὶ
251 2807 358 2878 τῆς
388 2807 528 2880 ’γῆς’
581 2808 903 2878 Σύμμαχος,
957 2807 1054 2875 Μὴ
1105 2806 1484 2876 ήσυχὰσητε,
1523 2809 1678 2878 φησὶ,

95 2903 255 2974 μηδὲ
303 2903 452 2956 δῶτε
498 2902 810 2970 ἡσυχάσαι
857 2903 1027 2967 λίθῳ,
1057 2901 1169 2968 ἕως
1217 2901 1529 2971 ἑτοιμὰσῃ.
1583 2899 1681 2954 καί

1777 1809 2016 1873 nomine,
2048 1817 2270 1863 sanctos
2294 1822 2626 1863 arcanorum
2659 1806 2917 1862 doctores
2949 1805 3228 1874 intelligit,
3257 1802 3352 1874 qui

1775 1908 2114 1968 patratorum
2144 1898 2215 1953 ab
2247 1900 2368 1969 ipso
2411 1899 2803 1953 miraculorum
2841 1895 3163 1952 memoriam
3199 1909 3356 1950 reco-

1777 1993 1973 2056 lentes,
2017 1989 2139 2060 ejus
2180 1991 2412 2060 gloriam
2471 1997 2736 2060 perpetuo
2783 1988 3042 2042 laudibus
3060 1986 3349 2044 extollant.

1779 2083 1854 2139 De
1903 2098 2013 2152 quo
2047 2093 2102 2138 et
2142 2083 2275 2138 illud
2321 2085 2484 2138 etiam
2533 2098 2642 2137 non
2692 2089 2823 2136 sunt
2867 2081 3153 2146 omissuri,
3205 2078 3355 2150 quod

1781 2175 1972 2230 similis
2006 2176 2148 2230 vobis
2194 2191 2298 2229 non
2329 2174 2426 2228 sit.
2455 2173 2738 2239 Quantum
2787 2174 2934 2228 enim
2969 2179 3194 2238 natura,
3233 2179 3358 2226 tan-

1780 2275 1896 2322 tum
1922 2276 1975 2321 et
2021 2268 2114 2322 ille
2163 2266 2350 2322 diﬂert
2394 2267 2662 2320 bonitate.
2703 2264 2776 2321 Ut
2813 2267 2960 2322 enim
3010 2267 3248 2334 legimus
3297 2265 3354 2319 iu

1780 2356 2048 2413 Psalmis:
2103 2376 2122 2408 ι
2163 2356 2282 2411 Non
2331 2358 2632 2412 secundum
2684 2365 2906 2425 peccata
2957 2355 3118 2426 713
3165 2360 3355 2408 nostra

1780 2449 1912 2504 fecit
1964 2450 2144 2513 nobis,
2197 2464 2370 2518 neque
2412 2449 2712 2502 secundum
2763 2447 3083 2516 iniquitates
3135 2454 3356 2502 nostras

1782 2541 2036 2597 retribuit
2063 2541 2223 2596 nobis
2255 2541 2319 2596 ⁸⁸.
2361 2560 2379 2593 ι

1855 2633 2055 2688 Verum
2087 2649 2196 2700 quo
2229 2633 2384 2685 loco:
2433 2629 2556 2686 Non
2591 2640 2666 2685 est
2689 2629 2840 2684 nobis
2871 2627 3088 2695 similis,
3115 2629 3162 2683 si
3187 2627 3358 2682 corri-

1783 2733 1896 2794 gat,
1924 2733 1974 2778 et
2005 2723 2172 2791 faciat
2206 2721 2503 2777 Jerusalem
2537 2721 2790 2793 gaudium
2821 2721 3062 2786 interra,
3091 2720 3249 2785 dixit,
3283 2720 3358 2774 ita

1784 2816 2176 2886 Symmachus:
2209 2815 2292 2870 Ne
2315 2817 2619 2885 quiescatis,
2659 2814 2858 2884 inquit,
2887 2829 3050 2883 neque
3087 2815 3360 2879 permitta-

1787 2911 1855 2962 tis
1885 2909 2054 2976 lapidi
2084 2911 2366 2979 quiescere,
2388 2909 2552 2962 donec
2581 2907 2982 2978 prwparaverit,
3005 2915 3054 2960 et
3081 2907 3245 2960 donec
3274 2919 3362 2974 ρο-

99 2995 213 3059 ἓως
264 2992 339 3060 θῇ
379 2991 495 3058 τὴν
541 2991 942 3060 Ἰερουσαλὴμ
979 2991 1218 3044 αἵνεσιν
1243 2990 1312 3043 ἐν
1359 2989 1431 3057 τῇ
1471 2988 1568 3059 γῆ.
1616 2991 1679 3042 Ἃ

1787 3001 1952 3055 suerit
1991 2999 2294 3054 Jerusalem
2347 2998 2560 3053 laudent
2625 3001 2680 3052 in
2721 3009 2884 3054 terra.
2927 2996 3059 3063 Quae
3097 3005 3248 3052 certe
3293 2997 3364 3052 iis

100 3084 164 3154 δὴ
198 3084 450 3136 λέλεκται
479 3085 591 3146 τοῖς
624 3081 873 3134 εἰποῦσιν
891 3081 1020 3135 ἄνω·
1051 3082 1154 3135 Διὰ
1182 3079 1338 3135 Σιὼν
1365 3083 1436 3134 οὺ
1459 3079 1679 3148 σιωπή-

1787 3107 1912 3148 esse
1951 3106 2218 3160 responsa
2257 3099 2514 3160 apparet,
2552 3089 2644 3160 ιιιιί
2673 3105 2732 3144 se
2758 3087 3226 3158 propter‘Sionem
3255 3105 3360 3142 non

101 3190 310 3244 σρμᾳι,
345 3173 442 3226 καὶ
475 3173 574 3228 διὰ
609 3172 1009 3242 Ἰερουσαλὴμ
1046 3175 1158 3226 οὐκ
1201 3171 1432 3240 ἀνήσω,
1466 3171 1579 3238 ἕως
1609 3170 1686 3225 ἂν

102 3269 328 3336 ἐξέλθῃ
368 3267 448 3332 ὠς
495 3267 620 3336 φῶς
667 3267 706 3334 ἢ
762 3267 1118 3332 δικαιοσύνη
1165 3263 1372 3333 αὐτῆς.
1421 3265 1528 3318 Τοῦ
1575 3267 1685 3338 γὰρ

104 3359 451 3432 προφητικοῦ
494 3359 666 3412 ταῦτα
708 3360 994 3430 εἰρηκότος
1041 3357 1228 3428 χοροῦ,
1275 3358 1341 3418 τὰ
1365 3359 1590 3428 Πνεῦμα
1624 3359 1687 3412 τὸ

106 3453 264 3518 ἅγιον
290 3449 710 3522 παραθαρῤύνει
735 3452 858 3513 ταῖς
892 3449 1034 3516 ὑπὲρ
1075 3448 1258 3502 αὐτῶν
1289 3449 1572 3517 ἐπιμένειν
1596 3449 1680 3501 εὖ·

106 3545 258 3614 χαῖς,
291 3543 385 3596 καὶ
427 3543 500 3612 μὴ
537 3543 840 3611 συγχωρεῖν
885 3539 1200 3609 ἠσυχὰσαι
1235 3537 1314 3608 τῷ
1354 3537 1688 3606 ἐπαγγειλα-

111 3635 264 3704 μένῳ
318 3633 493 3686 ταῦτα
537 3632 676 3703 Θεῷ,
730 3633 836 3696 ἕως
884 3631 962 3685 ἂν
999 3630 1075 3699 θῇ
1122 3631 1237 3698 τὴν
1287 3630 1688 3698 Ἰερουσαλὴμ

107 3726 350 3780 αἷνεσιν
381 3725 450 3778 ἐν
467 3722 543 3792 τῇ
564 3721 663 3792 τῇ.
701 3717 802 3776 Ὧν
830 3724 896 3791 δὴ
932 3721 1198 3792 βοώντων,
1229 3723 1258 3775 ὁ
1289 3721 1460 3774 εἰπών
1480 3737 1495 3751 ο
1533 3721 1686 3772 ιἝτι

112 3833 208 3870 σου
268 3815 555 3878 λαλοῦντος
599 3813 728 3884 ἐρῶ,
760 3813 894 3868 Ἰδοὺ
940 3815 1235 3886 πάρειμι,›
1293 3811 1684 3882 ἀποκρίνεταιο

113 3909 380 3977 Ὤμοσεν
425 3907 664 3974 Κύριος.
725 3906 883 3958 Κατά
907 3905 963 3959 δὲ
1007 3907 1135 3968 τοὺς
1175 3905 1580 3976 Ἐὁδομήκοντα
1629 3902 1689 3966 ἐξ

107 4001 310 4070 ἑτέρας
345 3997 524 4070 ἀρχῆς
569 3997 805 4070 ληπτέον
835 3998 920 4062 τὸ,
957 3997 1100 4052 Ἐὰν
1143 3996 1462 4064 διορθὼσῃ,
1494 3995 1588 4048 καὶ
1619 3995 1689 4050 τὰ

108 4093 267 4163 ἑξῆς.
311 4091 376 4144 Τί
426 4089 522 4145 οὖν
573 4090 770 4160 ὄμνυσι
812 4089 1011 4159 μηκέτι
1068 4087 1356 4140 πείσεσθαι
1407 4084 1690 4162 αῦτοὺς,ἃ

110 4185 384 4254 πρότερον
425 4181 750 4246 ἀσεϐοῦντες
802 4180 1094 4250 ὑπέμενον,
1148 4177 1452 4248 δῃουμένης
1510 4176 1690 4228 αὐτῶν

111 4275 222 4330 ὑπὸ
273 4273 548 4344 πολεμίων
591 4273 692 4342 τῆς
735 4271 807 4344 χιὶ
821 4287 951 4342 pag;
983 4271 1096 4340 Οὐχ
1137 4269 1323 4332 ἁπλῶς
1345 4269 1424 4335 δὲ,
1451 4267 1563 4322 ἀλλ’
1593 4267 1690 4320 ἐὰν

1784 3198 1898 3237 esse
1929 3183 2220 3246 tacituros,
2266 3197 2429 3252 neque
2481 3191 2696 3249 propter
2739 3178 3046 3234 Jerusalem
3087 3181 3362 3250 quieturos

1785 3273 1946 3328 donec
1977 3274 2320 3344 egrediatur,
2371 3282 2428 3327 ut
2467 3273 2692 3338 lumen,
2744 3271 2960 3340 justitia
3006 3271 3149 3334 ejus,
3201 3279 3364 3326 antea

1785 3369 2060 3423 dixerant.
2113 3366 2253 3432 Quia
2286 3368 2430 3420 enim
2459 3364 2699 3436 idipsum
2743 3363 3133 3434 prophetarum
3159 3365 3364 3419 chorus

1787 3455 2075 3525 usurpavit
2103 3470 2118 3519 ;
2156 3453 2410 3524 precibus
2445 3453 2556 3524 jam
2584 3468 2775 3508 eorum
2809 3454 3032 3508 nomine
3068 3452 3367 3508 fundendis

1789 3549 2046 3602 insistere
2076 3555 2310 3602 sanctus
2350 3538 2709 3608 adhortatur,
2756 3562 2932 3616 neque
2977 3547 3128 3616 prius
3170 3545 3372 3610 Deum,

1788 3640 1881 3707 qui
1916 3638 2019 3690 ista
2061 3638 2365 3704 promittat,
2401 3636 2508 3704 pati
2531 3636 2818 3702 quiescere,
2853 3652 3011 3704 quam
3040 3635 3373 3698 Jerusalem,

1787 3732 1843 3782 in
1874 3739 2014 3781 terra
2045 3727 2256 3780 Iaudem
2288 3743 2399 3781 esse
2441 3727 2641 3796 fecerit.
2692 3726 2904 3791 Quibus
2933 3737 3084 3781 certe
3123 3728 3366 3782 clamano

1791 3819 1958 3881 tibus,
1989 3819 2080 3887 qui
2109 3819 2274 3874 dicit:
2316 3836 2333 3870 ι
2364 3817 2556 3872 Adhuc
2583 3826 2636 3873 te
2665 3819 2924 3888 loquente
2945 3818 3124 3872 dicam
3147 3837 3162 3873 :
3185 3837 3204 3870 ι
3226 3818 3378 3874 Ecce

1789 3911 1983 3966 adsum
2004 3910 2083 3977 υς
2118 3929 2136 3959 ι
2179 3910 2401 3980 jurasse
2443 3909 2728 3965 Dominum
2757 3909 3059 3980 respondit.
3091 3909 3292 3964 Verum
3317 3911 3364 3965 si

1793 4002 1858 4055 ad
1899 4003 2228 4072 interpretes
2259 3989 2615 4071 Septuaginta
2655 3999 2882 4066 referas,
2911 4009 2994 4056 est
3024 4003 3181 4070 illud,
3217 4005 3364 4074 quod

1791 4092 1954 4157 dixit,
1985 4091 2044 4146 Si
2073 4094 2342 4162 corrigat,
2387 4099 2442 4146 et
2485 4108 2606 4163 qua!
2640 4093 2935 4164 deinceps;
2991 4101 3250 4164 tanquam
3294 4098 3370 4151 al)

1792 4189 1901 4242 alio
1925 4188 2198 4258 principio
2233 4189 2362 4258 puni
2401 4188 2850 4244 existimandum.
2895 4191 3038 4257 Quid
3063 4200 3144 4246 est
3177 4192 3372 4262 igitur,

1793 4285 1937 4351 quod
1970 4295 2077 4336 non
2110 4296 2170 4336 ea
2196 4297 2462 4350 passuros
2501 4282 2769 4351 amplius,
2814 4298 2936 4352 quae
2973 4283 3102 4338 olim
3146 4295 3377 4356 propter

109 4363 518 4436 διορθώσωνται
553 4363 743 4417 τύπων
789 4362 1133 4432 παυσάμενοι
1165 4359 1427 4430 νομικῶν,
1471 4360 1572 4427 τὴν
1601 4357 1679 4412 διὰ

1794 4371 2126 4442 impietatem
2152 4379 2448 4426 senserunt
2467 4409 2482 4434 .
2527 4386 2654 4425 cum
2683 4379 2768 4426 est
2796 4373 2866 4427 ab
2905 4373 3154 4428 hostibus
3175 4390 3378 4432 eorum-

111 4459 356 4520 πίστεως
379 4455 666 4526 δεξάμενοι
687 4456 871 4526 χάριν,
903 4453 1248 4524 καυχώμενοι
1278 4470 1336 4506 τε
1359 4454 1416 4505 έν
1445 4451 1690 4523 Χριστῷ.

111 4551 294 4604 Τοῦτο
321 4550 428 4620 γὰρ
466 4549 526 4602 τὸ
557 4547 752 4602 ποιεῖν
799 4546 1158 4616 dravplapa.
1194 4544 1329 4598 Τότε
1384 4543 1515 4615 γὰρ,
1549 4542 1694 4596 κατὰ

109 4642 207 4694 τὸν
237 4640 402 4694 Δαδὶδ
430 4638 626 4710 θηητῶς
651 4637 938 4709 εἰρηκότα,
983 4655 1003 4689 ι
1033 4636 1173 4700 Τοὺς
1197 4635 1445 4706 καρποὺς
1470 4633 1581 4686 τῶν
1603 4633 1697 4686 πό-

109 4749 224 4786 νων
254 4747 348 4784 σου
377 4730 634 4799 φάγεσαι.
671 4747 691 4782 ι
725 4729 834 4782 Kal.
873 4727 1018 4780 κατὰ
1049 4725 1284 4788 Παῦλον,
1319 4725 1420 4778 «Ὀ
1447 4723 1558 4793 γὰρ
1597 4723 1694 4778 ἐὰν

113 4822 322 4892 σπείρῃ
365 4820 686 4891 ἄνθρωπος,
737 4819 898 4873 τοῦτο
941 4818 1032 4872 καὶ
1073 4811 1302 4888 θερίσει.
1345 4833 1364 4867 ι
1409 4815 1559 4877 Καὶ,
1597 4813 1696 4869 «⁸0

113 4913 365 4982 σπείρων
405 4915 486 4976 εἰς
526 4912 590 4964 τὸ
621 4911 859 4980 πνεῦμα,
910 4911 977 4963 ὲκ
1004 4908 1100 4962 τοῦ
1136 4906 1445 4976 πνεύματος
1489 4905 1696 4975 θερίσει

113 5005 272 5076 ζωὴν
294 4996 532 5058 αἰώνιον.
563 5023 582 5056 ι
611 5002 786 5057 Πάλαι
807 5002 866 5056 δὲ
893 5001 986 5054 τὸν
1015 4999 1224 5054 ἑαυτῶν
1246 4997 1458 5068 καρπὸν
1483 4994 1698 5066 ,βρῶμα

114 5101 386 5170 παρεῖχον
414 5097 539 5164 τοῖς
571 5095 804 5166 ἐχθροῖς
853 5093 949 5148 τοῦ
991 5093 1151 5159 Θεοῦ,
1191 5091 1462 5160 δαιμόνων
1491 5089 1699 5158 τροφὴν

113 5191 223 5254 τὰς
254 5190 462 5244 ἑαυτῶν
505 5188 731 5260 πράξεις
778 5185 1243 5258 ἀπεργαζόμενοι.
1291 5183 1463 5236 Τοῦτο
1505 5181 1566 5234 δὲ
1599 5181 1700 5259 οὐκ

116 5283 282 5335 ἔσται
325 5283 441 5344 τοῖς
502 5279 600 5333 τοῦ
659 5280 782 5332 νέου
855 5274 1422 5344 καταξιωθησομένοις
1477 5271 1698 5336 αἰῶνος,

117 5372 266 5429 ἀλλὰ
305 5371 406 5441 τὴν
456 5371 656 5442 ἀρετὴν
706 5368 1177 5440 κατορθώσαντες,
1205 5364 1314 5418 τῶν
1366 5363 1509 5417 ἰδίων
1554 5378 1694 5433 καρ-

1789 4462 1998 4531 direpta
2027 4461 2176 4530 regio
2197 4503 2212 4526 ,
2239 4461 2598 4532 jurejurando
2629 4463 2897 4518 allirmat?
2920 4463 2988 4518 At
3011 4480 3119 4520 non
3151 4465 3203 4520 id
3231 4466 3378 4522 εἰιησ

1789 4554 2006 4624 pliciter
2040 4555 2260 4622 quidem
2305 4555 2630 4624 pollicetur;
2669 4554 2764 4610 sed
2799 4556 2843 4611 si
2882 4558 3071 4626 llguris
3101 4557 3378 4629 legalibus:

1789 4645 2114 4714 antiquatis,
2146 4645 2266 4699 lidei
2297 4647 2528 4716 gratiam
2552 4647 2786 4716 amplexi
2809 4649 2860 4701 in
2883 4646 3103 4703 Christo
3127 4651 3368 4719 glorien-

1791 4746 1915 4790 tur:
1956 4737 2104 4806 quod
2145 4737 2284 4791 nihil
2338 4736 2487 4791 aliud
2523 4748 2636 4802 est,
2689 4752 2852 4808 quam
2882 4739 3134 4808 gaudium
3174 4741 3384 4810 facere:-

1803 4827 1958 4882 Tune
1985 4830 2130 4883 enim
2155 4831 2301 4899 quod
2329 4845 2534 4883 arcano
2561 4844 2726 4884 sensu
2757 4846 2852 4899 per
2873 4831 3130 4886 Davidem
3163 4832 3369 4887 dictum

1801 4928 1920 4974 est:
1942 4938 1960 4969 ι
1989 4918 2226 4974 Labores
2245 4935 2507 4974 manuum
2539 4929 2755 4975 tuarum
2776 4922 3139 4977 manducabis
3166 4923 3308 4978 '°-"°.
3346 4943 3382 4976 ι·

1801 5006 1974 5073 Quale
2008 5017 2094 5062 est
2135 5015 2192 5062 et
2245 5008 2388 5078 apud
2433 5008 2790 5080 Apostolum,
2843 5026 2966 5066 cum
3019 5013 3124 5066 ait:
3158 5030 3176 5062 ι
3216 5012 3387 5079 Quod-

1805 5097 1950 5151 enim
1987 5099 2222 5152 seminat
2247 5099 2434 5164 homo,
2495 5099 2730 5170 idipsum
2770 5109 2824 5156 et
2854 5111 3021 5157 metet
3059 5103 3127 5158 ι’.
3164 5122 3184 5156 ο
3222 5104 3375 5158 Item-

1801 5202 1936 5257 que:
1977 5205 1996 5236 ι
2033 5187 2136 5254 Qui
2161 5191 2398 5246 seminat
2427 5191 2481 5246 in
2515 5191 2733 5262 spiritu,
2776 5192 2844 5247 de
2870 5192 3068 5262 spiritu
3099 5203 3265 5250 metet
3287 5199 3374 5251 vi-

1803 5287 1910 5332 tam
1939 5282 2283 5336 aeternam".
2319 5299 2338 5334 ι
2375 5282 2509 5336 Cum
2551 5289 2730 5336 autem
2781 5283 2990 5338 fructus
3007 5299 3138 5340 suos
3159 5287 3288 5340 olim
3319 5305 3375 5342 ιη

1803 5370 1996 5438 cibum,
2021 5369 2122 5426 Dei
2147 5373 2386 5428 hostibus
2412 5383 2786 5445 suggererent,
2818 5375 3081 5430 damnonia
3111 5378 3228 5448 ipsa
3260 5383 3386 5437 suis-

196 5558 250 5589 “
275 5555 315 5609 ll
343 5555 624 5642 causa}:
677 5557 744 5642 I"
785 5553 980 5626 Ephes.
1006 5573 1058 5620 v,
1083 5555 1174 5609 27.
1246 5560 1296 5592 ³ο
1315 5557 1457 5614 Psal.
1483 5571 1575 5621 eu,
1605 5557 1682 5611 10.
1763 5559 1806 5589 ²⁹
1831 5558 2038 5642 lsa._t.n
2063 5597 2078 5624 ,
2107 5557 2174 5623 6;
2221 5557 2442 5624 Lvnt,9.
2521 5558 2644 5590 ""°
2685 5555 3106 5626 Psal.cxxvu,2.
3193 5557 3236 5593 “
3267 5556 3392 5614 Geo

123 5631 230 5684 lat.
288 5632 436 5690 v1.8.
511 5627 713 5680 "ibid.

3323 5741 3429 5759 ...Μ
