4000 6314
571 215 715 278 2659

1884 203 2237 268 PROCOPII
2284 204 2527 267 GAZEI

3719 207 3860 274 κω

575 321 894 377 actionibus
941 320 1279 391 pascebant:
1327 317 1597 390 quodiis,
1640 317 1734 388 qui
1782 331 1926 371 novo
1965 316 2167 370 sarculo

2273 317 2388 370 πῶν
2435 315 2858 371 ἀπολαύσονται.
2913 315 3086 370 Τοῦτο
3113 315 3218 386 γὰρ
3260 317 3414 372 κατὰ
3475 317 3590 387 τῆς
3641 319 3859 376 ἑαυτοῦ

573 415 724 483 digni
758 414 1142 477 habebuntur,
1188 413 1414 467 minime
1456 411 1702 466 futurum
1747 416 1866 475 est;
1915 409 2012 464 sed
2047 409 2158 462 vir-

575 512 744 559 tutem
789 504 1000 576 operati
1053 503 1169 558 suis
1209 503 1315 572 ipsi
1348 503 1621 557 fructibus
1668 503 1970 571 potientur.
2016 498 2160 568 ldip-

2265 407 2452 475 δόξης
2497 407 2692 478 ὤμοσε
2739 409 2973 477 Κύριος.
3005 409 3081 463 Oti
3118 409 3229 480 γὰρ
3271 405 3393 480 εἶχε
3437 411 3586 465 κατὰ
3617 413 3860 482 μείζονες

2236 497 2246 505 ’
2268 501 2504 570 ὀμόσαι.

575 609 696 650 sum
727 595 872 648 enim
899 603 1004 661 est,
1036 593 1182 664 quod
1210 593 1314 648 Per
1335 593 1564 664 gloriam
1592 608 1742 646 suam
1762 591 1968 662 juravit
1993 589 2158 662 714
2197 589 2493 646 Dominus:
2517 606 2642 646 cum
2672 576 2962 661 majorem,
2988 605 3085 662 per
3111 607 3273 662 quem
3285 592 3523 662 iuraret,
3588 610 3699 649 non
3764 596 3858 650 ba-

575 693 733 748 beret
751 691 818 744 “.

645 781 802 849 Quod
834 797 961 836 vero
996 794 1323 838 eonusturos
1350 795 1398 838 et
1427 784 1685 842 bibituros
1725 789 1781 843 in
1810 790 1964 844 atriis
2035 805 2164 844 san-

472 921 488 930 .
575 875 674 928 etis
705 875 816 928 suis
845 874 1016 940 dixit;
1036 874 1104 928 de
1125 874 1312 930 multis
1337 877 1445 929 illis
1471 878 1872 944 mansionibus,
1896 896 2019 950 quae
2039 890 2170 936 sunt

575 965 717 1031 apud
760 961 980 1019 Patrem
1005 1003 1021 1028 ,
1061 964 1292 1035 intelligi
1340 967 1598 1035 queat“.
1627 968 1905 1024 Atriorum
1945 969 2165 1034 deinde,

575 1056 692 1110 sive
719 1073 991 1120 arearum,
1059 1059 1357 1112 utceteris
1397 1059 1611 1126 placet,
1674 1061 1815 1116 facta
1868 1063 2166 1127 mentione,

574 1147 772 1203 ordine
795 1161 850 1203 et
875 1149 1061 1217 templi
1093 1149 1256 1203 etiam
1280 1165 1388 1204 nun
1420 1151 1626 1206 oblitus
1659 1154 1894 1218 videtur,
1923 1169 2048 1208 cum
2073 1171 2170 1225 per

572 1247 755 1307 portas
789 1255 916 1292 suas
964 1238 1120 1306 jubet
1156 1240 1464 1306 ambulare;
1518 1241 1593 1294 ita
1640 1243 1925 1298 caelestem
1975 1245 2168 1298 civita-

573 1336 683 1382 tem
729 1329 999 1394 innuens;
1036 1329 1196 1397 cujus
1227 1345 1368 1383 areae
1395 1340 1449 1385 et
1484 1341 1652 1399 portae
1676 1348 1753 1387 ea:
1794 1334 1926 1403 ipsa:
1963 1336 2170 1390 intelli-

574 1421 809 1483 guntur,
857 1430 977 1482 qua:
1029 1425 1218 1484 postea
1264 1415 1447 1484 dignis
1501 1419 1863 1488 aperientur:
1919 1422 1986 1476 ad
2033 1436 2171 1492 quas

574 1519 700 1558 cum
730 1515 996 1561 vocantur
1020 1544 1035 1569 ,
1063 1514 1123 1561 ut
1155 1507 1293 1561 nihil
1333 1509 1679 1566 introeuntes
1709 1522 2014 1568 remoretur
2037 1514 2174 1568 invi-

2340 780 2635 850 Φάγονται
2655 776 2712 830 δὲ
2737 777 2833 831 καὶ
2861 776 3100 830 «torrat
3134 777 3206 830 ὲν
3246 775 3376 842 ταῖς
3404 776 3710 834 essetth
3739 777 3864 841 ταῖς

2269 873 2462 941 ἁγίαις
2488 888 2632 941 μου,
2662 871 2725 922 al
2765 886 2913 932 τινες
2943 864 3056 922 εἷεν
3095 869 3153 922 αἱ
3187 868 3383 922 πολλαὶ
3413 869 3578 939 μόναι
3603 871 3760 940 παρᾶ
3787 870 3864 938 τῷ

2269 963 2500 1034 Πατέρι.
2549 962 2893 1018 Ἐπαύλεων
2939 961 2997 1013 δὲ
3041 959 3326 1030 μνησθεὶς,
3364 960 3397 1030 ἢ
3439 959 3676 1025 αὐλῶν,
3725 959 3867 1013 κατὰ

2268 1055 2392 1116 τοὺς
2425 1053 2667 1116 λοιποὺς,
2696 1051 3009 1115 ἀκολούθως
3037 1052 3134 1106 καὶ
3162 1050 3262 1104 τοῦ
3313 1051 3463 1123 ἱεροῦ
3502 1052 3862 1122 μνημονεύει,

2271 1147 2632 1214 Πορεύεσθε,
2673 1145 2873 1214 λέγων,
2904 1144 2992 1198 διὰ
3019 1144 3128 1197 τῶν
3161 1142 3376 1198 πυλῶν
3401 1162 3544 1214 μου,
3573 1145 3675 1214 τὴν
3708 1146 3869 1198 ἐπου-

2273 1236 2456 1307 ράνιον
2483 1234 2637 1288 πόλιν
2665 1234 2862 1303 δηλῶν,
2911 1233 3108 1300 αὐλάς
3149 1251 3210 1286 τε
3253 1233 3462 1303 ταύτης
3500 1233 3606 1287 καὶ
3639 1235 3864 1300 πύλας,

2271 1327 2328 1381 αἳ
2362 1324 2504 1379 κατὰ
2546 1325 2610 1378 τὸ
2657 1325 2850 1395 μέλλον
2889 1327 3002 1388 τοῖς
3041 1325 3212 1390 ἀξίοις
3258 1327 3762 1388 άναπετάννυνται,
3791 1329 3868 1388 εἰς

2271 1415 2338 1478 ἃς
2368 1414 2741 1485 καλουμένων,
2775 1415 2852 1478 ὡς
2878 1413 2944 1467 ἃν
2982 1415 3150 1486 μηδὲν
3173 1415 3405 1469 εἰσιοῦσι
3456 1416 3867 1486 παρεμποδίζοι

2276 1501 2494 1570 φθόνος,
2531 1501 2564 1572 ἢ
2621 1501 2922 1572 πρόφασις,
2949 1505 2983 1572 ἦ
3031 1503 3264 1574 δαίμων,
3308 1504 3542 1574 κώλυμα
3570 1505 3678 1574 τῆς
3716 1505 3866 1574 βασι-

576 1595 684 1654 dia,
714 1595 797 1650 vel
822 1597 1127 1662 excusatio,
1167 1597 1249 1651 vel
1289 1598 1502 1652 daemon
1528 1599 1674 1670 (qua:
1712 1603 1890 1656 solent
1930 1617 1959 1656 a
1999 1619 2167 1674 regno

2274 1591 2424 1656 λείας
2447 1592 2746 1662 γινόμενοι,
2795 1593 3425 1665 Ὀδοποιήσατε,φησὶ,
3455 1594 3536 1662 τῷ
3571 1597 3708 1664 ,λαῷ
3727 1614 3862 1666 μου,

575 1685 845 1754 avertere)
875 1687 1142 1755 angelicis
1159 1687 1481 1753 virtutibus,
1499 1691 1637 1744 viam
1665 1693 1858 1761 popqu
1880 1709 1975 1746 suo
1997 1693 2170 1760 facere

574 1775 848 1846 praecipit.
885 1774 1026 1831 Sunt
1057 1784 1263 1842 tamen,
1297 1777 1391 1846 qui
1417 1779 1521 1833 ista
1545 1781 1712 1834 etiam
1749 1781 1816 1834 ad
1845 1781 2168 1848 Ecclesiam,

573 1879 696 1934 qua:
721 1865 779 1920 in
820 1865 984 1922 terris
1020 1875 1106 1921 est
1134 1905 1151 1930 ,
1189 1865 1386 1921 referri
1432 1876 1663 1938 putent;
1701 1871 2037 1942 lapidumque
2071 1890 2170 1927 no-

575 1959 725 2013 mine
756 1958 1016 2014 scandala
1038 1958 1338 2029 signiﬁcari
1363 1977 1377 2014 :
1405 1961 1628 2030 praecipi
1661 1970 1841 2017 autem
1863 1965 2170 2019 custodibus

578 2049 755 2119 ipsius
781 2057 837 2103 et
880 2050 1336 2120 magistratibus,
1387 2059 1448 2104 ut
1490 2051 1630 2104 viam
1665 2051 1880 2122 planam
1925 2064 1980 2109 et
2003 2072 2170 2124 expe-

577 2142 746 2196 ditam
774 2141 1048 2210 praebeant
1069 2141 1486 2196 accedentibus.
1533 2141 1636 2208 Qui
1653 2145 1797 2198 enim
1819 2143 2041 2200 Judmus
2063 2158 2168 2215 est,

589 2232 646 2286 in
720 2231 908 2301 llguris
985 2231 1151 2284 lueret
1223 2230 1509 2300 legalibus.
1584 2231 1687 2299 Qui
1751 2245 1932 2290 autem
1999 2235 2164 2290 Grae-

579 2338 699 2385 cus,
771 2323 827 2376 in
888 2321 1148 2376 doctrina:
1186 2323 1483 2378 novitatem
1542 2323 1814 2395 impingit.
1857 2327 1911 2380 In
1963 2341 2170 2381 memo-

579 2414 719 2467 riam
780 2412 978 2469 deinde
1021 2429 1212 2468 eorum
1279 2417 1482 2487 scripta
1543 2429 1814 2484 revocat,
1879 2419 1972 2488 qui
2029 2421 2168 2489 apud

580 2520 713 2560 suos
740 2505 929 2561 eximii
979 2507 1273 2563 habentur.
1331 2511 1536 2565 Contra
1585 2522 1806 2574 autem,
1851 2515 1944 2582 qui
1991 2513 2168 2568 sacris

590 2595 852 2660 initiant,
887 2595 1341 2652 offendiculorum
1386 2599 1613 2655 remotis
1642 2601 2050 2662 occasionibus,
2087 2602 2167 2672 ip-

585 2699 680 2741 ..os
706 2684 875 2739 animi
902 2701 1124 2751 sensus,
1169 2688 1371 2742 refecta
1425 2689 1599 2759 ipsius
1633 2692 1686 2744 in
1728 2690 1894 2746 Deum
1928 2692 2170 2760 qualibet

590 2775 851 2840 elatione,
887 2786 1216 2847 expurgant.
1247 2779 1428 2848 Atque
1462 2780 1590 2835 inde
1611 2790 1696 2836 est
1717 2823 1732 2847 ,
1759 2783 1904 2852 quod
1931 2784 2170 2837 circum-

579 2866 730 2922 eisos
795 2866 1001 2924 Paulus
1067 2869 1387 2942 alloquens,
1436 2873 1572 2926 nihil
1625 2890 1748 2928 esse
1787 2875 2170 2930 circumcisio-

2271 1687 2389 1748 ταῖς
2413 1685 2734 1752 ἀγγελικαίς
2765 1685 2942 1754 λέγων
2975 1687 3260 1758 δυνάμεσι.
3287 1689 3447 1753 Τινὲς
3473 1690 3532 1742 δὲ
3563 1689 3746 1744 ταῦτα
3773 1694 3863 1744 καὶ

2272 1774 2402 1844 περὶ
2445 1774 2546 1842 τῆς
2584 1774 2725 1827 κατά
2768 1774 2874 1844 γῆν
2916 1775 3245 1847 Ἐκκλησίας
3293 1779 3452 1846 φασὶ,
3505 1781 3607 1831 καὶ
3651 1780 3864 1847 λίθους

2271 1862 2414 1920 εἶναι
2446 1866 2516 1919 τά
2537 1865 2826 1920 σκάνδαλα.
2861 1867 3131 1934 Λέγεσθαι
3165 1867 3224 1922 δὲ
3253 1869 3462 1940 ταύτης
3491 1873 3608 1933 τοῖς
3635 1871 3864 1940 φύλαξί

2271 1973 2330 2009 τε
2369 1959 2464 2010 καὶ
2495 1955 2836 2020 διδασκάλοις
2869 1958 3629 2026 άπρόσκοπονὶειδιδόναιτοίς
3657 1958 3862 2011 £16106-

2274 2066 2358 2102 σιν
2387 2049 2552 2103 ὀδόν.
2597 2048 2658 2104 Ὀ
2701 2049 2800 2118 μὲν
2833 2047 2943 2119 γὰρ
2985 2049 3046 2116 ἐξ
3091 2049 3382 2115 Ἰουδαίων,
3421 2050 3618 2113 τύποις
3643 2051 3863 2120 ὲμφιλου

2271 2143 2440 2212 χωρεῖ
2464 2144 2728 2213 νομικοῖς,
2758 2142 2787 2194 ὁ
2827 2141 2883 2195 δὲ
2921 2139 2980 2207 ἐξ
3019 2141 3311 2212 Ἑλλήνων,
3342 2141 3420 2212 τῷ
3455 2143 3559 2211 τῆς
3603 2142 3861 2196 663m-

2271 2234 2391 2296 λίας
2419 2232 2555 2304 ξένῳ
2580 2231 2910 2303 προσπταίει
2941 2249 2958 2266 ο
2997 2233 3278 2304 μέμνηται
3305 2233 3365 2286 δὲ
3409 2235 3504 2286 καὶ
3535 2233 3743 2301 λόγων,
3770 2233 3861 2297 οὓς

2272 2327 2322 2379 oi
2349 2325 2479 2397 παρ’
2511 2326 2696 2388 αὐτοῖς
2724 2324 2951 2391 λογάδες
2991 2325 3362 2395 γεγράφασιν.
3412 2324 3558 2378 Ἀλλ’
3607 2327 3661 2378 0i
3698 2343 3860 2397 μυστν

2271 2419 2480 2487 αγωγολ¹
2502 2419 2602 2482 τὰς
2633 2416 2743 2471 τῶν
2787 2417 3100 2471 σκανδάλων
3119 2418 3547 2489 περικόπτουσιν
3579 2419 3856 2489 ἀφορμάς,

2271 2510 2568 2580 λογισμοὺς
2602 2508 3016 2580 καθαιροῦντες,
3058 2509 3155 2562 καὶ
3190 2511 3298 2562 πᾶν
3322 2509 3528 2579 ὕψωμα
3559 2510 3862 2581 ἐπαιρόμε-

2271 2619 2362 2654 νον
2408 2601 2552 2654 κατά
2605 2601 2706 2670 τῆς
2736 2600 2995 2668 γνώσεως
3045 2599 3160 2652 τού⁵
3191 2599 3349 2656 Θεοῦ.
3385 2600 3552 2654 Ὅθεν
3597 2605 3628 2655 ὀ
3654 2598 3860 2666 Παῦλος

2269 2696 2382 2756 τοῖς
2420 2693 2518 2762 μὲν
2561 2694 2626 2746 ὲκ
2665 2694 2971 2762 περιτομῆς
3019 2709 3223 2762 φησιν’
3273 2693 3339 2746 Ἦ
3385 2696 3663 2766 περιτομὴ
3710 2695 3860 2748 οὐδέν

2271 2786 2407 2850 ἐστι,
2445 2785 2541 2838 καὶ
2595 2786 2628 2854 ἡ
2661 2784 3003 2855 ἀκροϐυστία
3039 2784 3194 2837 οὐδέν
3242 2786 3412 2846 ἐστιν,
3453 2785 3598 2839 άλλά
3631 2787 3861 2856 τήρησις

2272 2873 2506 2928 ἐντολῶν
2553 2873 2712 2926 Θεοῦ.
2753 2875 2862 2926 Καὶ
2897 2875 3060 2928 πάλιν
3088 2891 3102 2905 ·
3149 2875 3211 2926 Εἰ
3261 2875 3682 2946 περιτέμνεσθε,
3729 2877 3860 2946 Χρι-

581 2973 728 3022 nem,
759 2958 895 3012 nihil
929 2961 1282 3030 praeputium,
1306 2963 1400 3016 sed
1434 2964 1816 3020 mandatorum
1851 2965 1942 3020 Dei
1976 2969 2160 3022 obser-

2273 2965 2392 3028 στδς
2437 2967 2584 3035 ὑμᾶς
2631 2965 2790 3017 οὐδὲν
2845 2963 3139 3034 ὠφελήσει.
3205 2965 3330 3029 Τοῖς
3383 2964 3441 3018 δὲ
3487 2965 3547 3033 ἐξ
3596 2965 3860 3036 Ἑλλήνων

583 3049 854 3102 rationem
885 3048 1164 3116 signiﬁcat
1183 3051 1251 3103 “.
1294 3050 1360 3104 Et
1389 3053 1520 3108 alibi
1540 3094 1554 3115 ,
1605 3071 1730 3110 cum
1767 3057 1900 3110 nihil
1929 3055 2158 3121 Calatis,

579 3138 632 3192 si
662 3137 1158 3206 eircumcidantur,
1185 3157 1308 3198 esse.
1327 3144 1605 3199 Christum
1631 3145 1980 3216 profuturum
2011 3165 2164 3205 asse-

582 3229 657 3280 rit
680 3227 748 3282 “.
781 3229 914 3284 Inde
948 3247 1194 3297 rursum,
1225 3235 1368 3302 quod
1404 3235 1627 3292 Graicos
1659 3237 1801 3292 idem
1832 3239 1951 3293 dies
1976 3241 2165 3296 obser-

584 3335 748 3384 vare,
797 3331 851 3375 et
893 3329 1173 3390 tempora,
1218 3333 1274 3378 et
1321 3341 1494 3380 annos
1541 3329 1880 3396 exprobrat;
1926 3340 2166 3389 metuere

583 3417 766 3465 autem
795 3426 855 3466 se
891 3427 961 3466 ne
988 3413 1042 3466 in
1072 3428 1167 3468 eos
1198 3430 1420 3484 operam
1448 3433 1603 3472 suam
1627 3419 1833 3475 frustra
1859 3424 2163 3480 collocarit.

584 3502 808 3557 Tollunt
837 3519 1003 3573 porro
1036 3505 1202 3560 etiam
1241 3510 1486 3564 custodes
1527 3511 1627 3581 ipsi
1669 3513 2053 3570 litereticorum
2082 3517 2166 3572 of-

586 3594 883 3650 fendicula.
957 3595 1116 3652 Dicas
1154 3597 1353 3654 deinde
1404 3610 1457 3656 et
1507 3602 1764 3659 Ecclesia;
1807 3623 1996 3663 muros
2043 3624 2168 3664 esse

584 3689 759 3758 ipsam
793 3688 1043 3744 veritatis
1075 3690 1390 3763 d0gmatum
1427 3697 1793 3750 constantiam
1846 3707 1900 3752 et
1937 3697 2172 3753 ﬁrmitu-

583 3781 802 3846 dinem;
845 3783 1107 3838 adversus
1146 3801 1270 3854 qua:
1303 3801 1372 3840 ne
1400 3795 1570 3856 portae
1601 3788 1820 3858 quidem
1868 3789 2171 3846 inierorum

583 3873 881 3942 quidquam
908 3883 1166 3942 poterunt
1189 3875 1254 3930 ⁸⁷.
1283 3877 1552 3948 Deinceps
1592 3880 1799 3948 colligit
1830 3880 1917 3936 his
1951 3881 2172 3936 verbis:

587 3959 802 4016 Elevate
823 3965 1032 4030 signum
1065 3965 1118 4017 in
1149 3975 1327 4034 gentes
1357 3966 1426 4018 ad
1447 3976 1710 4020 extremos
1739 3984 1900 4040 usque
1929 3970 2177 4024 terminos

2270 3059 2472 3126 φησίν·
2527 3055 2774 3126 Ἡμέρας
2824 3053 3261 3125 παρατηρεῖσθε,
3304 3054 3407 3107 καὶ
3455 3055 3708 3125 καιροὺς,
3771 3055 3860 3107 καὶ

2269 3147 2572 3209 ἐνιαυτούς.
2630 3145 2910 3215 Φοϐοῦμαι
2965 3146 3179 3214 μήποτε
3225 3144 3350 3209 είκῆ
3417 3143 3740 3198 κεκοπίακα
3784 3145 3862 3206 εις

2271 3241 2438 3312 ὑμᾶς.
2473 3241 2584 3294 Καὶ
2622 3240 2691 3293 τά
2718 3237 2778 3304 ἐξ
2817 3237 3113 3308 αἱρετικῶν
3140 3237 3197 3290 δὲ
3227 3239 3656 3308 περικόπτουσιν
3681 3237 3736 3290 οἱ
3762 3239 3862 3307 φύ-

2271 3337 2460 3400 λακες
2509 3332 2802 3408 σκάνδαλα.
2856 3331 3046 3393 Εἴποις
3090 3329 3137 3383 δ’
3182 3330 3250 3382 ἂν
3297 3330 3466 3398 τείχη
3512 3328 3857 3398 Ἐκκλησξας,

2271 3424 2381 3476 τῶν
2433 3423 2536 3492 τῆς
2590 3422 2848 3492 ἀληθείας
2902 3421 3191 3490 δογμάτων
3243 3420 3344 3488 τὴν
3397 3419 3750 3490 ἑδραιότητα,
3793 3413 3862 3472 ὧν

2275 3513 2403 3586 ᾇδου
2437 3514 2602 3568 πύλαι
2630 3515 2690 3567 ού
2717 3514 3165 3583 κατισχύσουσιν.
3212 3511 3366 3582 Ἑξῆς
3397 3511 3668 3580 ἐπιλέγει,
3695 3513 3865 3579 Ἀραο

2273 3622 2339 3659 τε
2379 3606 2710 3674 σύσσημον
2736 3607 2825 3670 εις
2868 3607 2941 3658 τὰ
2988 3605 3154 3671 ἔθνη.
3209 3602 3415 3674 Κύριος
3453 3603 3567 3673 γάρ
3604 3602 3862 3674 ἐποίησεν

2267 3697 2529 3750 ἀκουστὸν
2561 3697 2674 3762 ἕως
2697 3695 2964 3765 ἐσχάτου
2991 3693 3104 3762 τῆς
3134 3694 3266 3766 γῆς.
3296 3696 3389 3764 Μὴ
3416 3695 3526 3764 γάρ
3553 3694 3760 3765 νομίσῃ
3782 3709 3862 3756 τις

2270 3789 2468 3853 ταῦτα,
2500 3790 2689 3858 φησὶν,
2717 3787 2972 3859 εἰρῆσθαι
2993 3788 3122 3858 περὶ
3151 3786 3246 3840 τοῦ
3271 3786 3381 3840 τῶν
3415 3785 3686 3840 Ἰουδαίων
3709 3784 3857 3839 λαοῦ.

2273 3879 2347 3932 Τὸ
2408 3878 2518 3947 γὰρ
2544 3877 2802 3948 σημεῖον
2850 3876 3175 3946 ἀρθήσεται
3213 3875 3394 3946 μέχρι
3437 3873 3558 3929 τῶν
3583 3874 3862 3942 ἐσχάτων

2273 3987 2382 4038 της
2423 3991 2556 4042 γης.

586 4068 759 4117 terrw.
788 4055 974 4126 Neque
1001 4059 1146 4112 enim
1177 4075 1507 4129 quemquam
1551 4062 1711 4117 decet
1747 4065 2066 4119 existimare
2089 4065 2158 4121 de
2193 4064 2510 4122 Judteorum
2534 4067 2944 4144 populoisthzec
2967 4064 3240 4135 intelligi;
3275 4078 3402 4120 cum
3463 4063 3533 4118 ad
3598 4073 3860 4118 extremos

584 4164 746 4220 usque
775 4151 917 4204 orbis
944 4151 1142 4206 limites
1161 4151 1320 4222 715
1351 4153 1552 4208 elevare
1582 4157 1786 4226 signum
1813 4156 2024 4225 jnbeat.

657 4247 927 4302 Caeterum
969 4248 1227 4316 quidnam
1274 4262 1340 4302 eo
1391 4248 1684 4321 intelligit,
1736 4253 1882 4322 quod
1918 4253 2162 4306 auditum

2337 4252 2404 4306 Τί
2433 4252 2490 4306 δὲ
2517 4251 2580 4304 τὸ
2609 4245 2918 4304 ἀκουστὸν
2961 4248 3294 4316 σύσσημον
3339 4245 3479 4315 ὅπερ
3525 4240 3664 4316 ἇραί
3692 4263 3858 4316 φησι,

589 4339 794 4409 signum
820 4339 1021 4393 elevare
1045 4340 1327 4410 praecipit?
1359 4340 1596 4397 Verbum
1628 4341 1754 4398 ﬁdei
1786 4345 1932 4412 quod
1971 4347 2165 4414 pradi-

586 4447 798 4492 camns,
827 4440 1016 4484 notum
1072 4430 1186 4484 ﬁeri
1222 4433 1482 4499 postulat.
1523 4431 1620 4487 Vel
1654 4433 1888 4491 fortasse
1917 4437 1984 4491 ad
2017 4437 2164 4492 salu-

483 4551 499 4570 .
588 4521 760 4575 til'eraz
797 4521 1072 4590 passionis
1119 4521 1431 4590 symbolum
1481 4524 1686 4578 retulit.
1744 4523 1920 4582 Habet
1953 4543 2082 4582 vero
2111 4537 2166 4582 et

589 4613 736 4665 Istud
773 4611 895 4664 ﬁdei
927 4611 1227 4667 confessio.
1269 4611 1428 4666 Decet
1475 4612 1623 4668 enim
1665 4614 1956 4671 Dominum
1978 4615 2167 4674 Jesum

588 4719 684 4758 ore
716 4703 834 4773 ipso
864 4702 1128 4770 proﬁteri,
1171 4703 1450 4774 Deumque
1479 4705 1707 4776 ipsuma
1737 4708 1966 4763 mortuis
1993 4710 2170 4766 susci-

589 4805 756 4859 tasse,
792 4795 1015 4850 credere
1040 4795 1105 4848 ⁸⁸.
1138 4793 1345 4848 Filiam
1375 4793 1502 4851 Sion
1532 4797 1817 4867 deinceps,
1851 4814 1956 4869 qua
1991 4801 2169 4855 mani-

589 4883 726 4939 fcsle
752 4883 999 4937 Ecclesia
1042 4881 1386 4954 signiﬁcatur
1409 4921 1425 4949 ,
1459 4883 1793 4938 Salvatore’m
1825 4902 1982 4940 suum
2010 4886 2170 4943 docet

587 4985 931 5045 exspectare.
968 4974 1065 5030 Est
1102 4975 1247 5029 enim
1279 4975 1488 5030 veteris
1517 4974 1666 5032 illius
1705 4977 1991 5048 regiminis
2026 4977 2164 5047 lilia,

587 5064 735 5135 quod
771 5063 1028 5136 pietatem
1069 5063 1214 5136 apud
1241 5063 1462 5121 Jutlteos
1507 5081 1809 5136 verumque
1845 5068 2052 5124 cultum
2083 5084 2171 5123 re-

587 5161 772 5217 tinuit.
807 5160 890 5214 Ad
917 5161 1149 5216 alterum
1176 5159 1342 5230 igitur
1373 5160 1667 5216 adventum
1702 5162 1807 5216 ista
1837 5177 1986 5218 nunc
2016 5173 2164 5217 retu-

591 5254 680 5321 lit,
711 5270 774 5311 ea
811 5255 864 5310 in
897 5257 1220 5311 memoriam
1266 5269 1564 5318 revocans.
1611 5270 1735 5327 qua:
1768 5271 1828 5312 se
1853 5271 2064 5326 gerere,
2107 5262 2166 5308 ut

658 5395 704 5428 δ’
729 5394 892 5452 Hebr.
937 5411 1012 5462 vr,
1050 5397 1139 5452 i3.
1213 5393 1258 5426 “
1287 5394 1446 5451 Joan.
1481 5413 1592 5464 xiv,
1616 5397 1666 5451 2.

2269 4344 2414 4398 τοῦτ’
2449 4343 2566 4397 ἐστι
2603 4343 2882 4413 γνώριμον
2930 4341 3158 4410 ποιῆσαι
3183 4339 3244 4392 τὸ
3278 4339 3430 4408 ῥῆμα
3463 4338 3566 4406 τῆς
3604 4338 3857 4401 πίστεως,

2269 4436 2300 4489 ὃ
2324 4434 2675 4506 κηρύσσομεν
2700 4473 2715 4496 ,
2749 4433 2783 4502 ἢ
2829 4433 2973 4502 τάχα
2997 4448 3102 4485 που
3131 4428 3225 4484 τοῦ
3271 4429 3540 4500 σωτηρίου
3573 4431 3784 4492 πάθους
3803 4429 3860 4479 τὸ

2275 4525 2562 4596 σύμϐολον.
2601 4525 2820 4577 Ἐνεστι
2853 4523 2911 4576 δὲ
2940 4524 3032 4576 καὶ
3055 4520 3217 4575 τοῦτο
3241 4522 3308 4590 τῇ
3331 4519 3431 4588 τῆς
3467 4518 3708 4582 πίστεως
3734 4519 3861 4588 6pc-

2275 4619 2454 4688 λογίᾳ.
2505 4618 2597 4670 Δεῖ
2639 4617 2746 4686 γὰρ
2801 4616 2998 4678 εἰπεῖν,
3026 4614 3108 4668 ὅτι
3134 4612 3336 4684 Κύριος
3381 4608 3614 4680 Ἰησοῦς,
3643 4610 3863 4663 «tm-3-

2277 4709 2368 4763 σαί
2392 4726 2454 4762 τε
2485 4708 2570 4762 δτι
2607 4709 2636 4761 ὁ
2665 4706 2800 4770 Θεὸς
2827 4705 2993 4760 αὐτὸν
3021 4707 3241 4777 ῆγειρεν
3267 4707 3333 4758 ὲκ
3359 4701 3590 4774 νεκρῶν.
3615 4699 3754 4755 Εἶτα
3771 4701 3863 4768 τὴν

2281 4800 2577 4870 θυγατέρα
2628 4799 2782 4854 Σιὼν
2824 4797 3012 4867 σαφῶς
3051 4795 3148 4867 τὴν
3189 4793 3516 4864 Ἐκκλησίαν
3547 4792 3643 4846 τὸν
3673 4792 3862 4858 ἑαυτῆς

2277 4891 2650 4963 προσδοκῆσαι
2681 4887 2925 4956 σωτῆρα
2978 4886 3241 4940 διδάσκει.
3276 4884 3434 4938 Ἐστι
3465 4882 3576 4952 γὰρ
3606 4881 3861 4950 θυγάτηρ

2274 4979 2369 5034 τοῦ
2405 4981 2574 5034 πάλαι
2614 4979 2746 5050 παρ’
2785 4977 3062 5042 Ἰουδαίοις
3111 4975 3398 5038 θεοσεϐοῦς
3448 4973 3857 5042 πολιτεύματος.

2277 5074 2440 5138 Λέγει
2472 5073 2528 5126 δὲ
2572 5072 2668 5126 νῦν
2695 5071 2824 5140 περὶ
2856 5070 2954 5139 τῆς
3006 5067 3268 5138 δευτέρας
3297 5067 3628 5138 παρουσίας,
3665 5065 3858 5131 άναμιο

2274 5167 2533 5238 μνήσκων
2560 5163 2634 5228 ὡς
2660 5164 2690 5216 ὁ
2715 5162 2883 5216 πάλαι
2909 5177 2968 5214 σε
2987 5159 3190 5224 σώσας,
3225 5158 3290 5212 δι’
3313 5151 3392 5212 ὧν
3416 5155 3652 5228 ἔπραξέν
3677 5172 3738 5210 τε
3773 5154 3859 5208 καὶ

2275 5257 2569 5317 πέπονθεν.
2621 5257 2716 5312 Διὸ
2761 5255 2858 5311 καὶ
2899 5252 3148 5322 Ἰησοῦς
3204 5251 3554 5324 ὀνομάζεται,
3607 5248 3751 5304 κατά
3773 5249 3857 5301 τὸν

1782 5400 1825 5431 ⁸⁸
1856 5395 2032 5451 Galal.
2068 5413 2123 5460 γ,
2157 5399 2167 5448 l

2287 5397 2333 5429 “
2365 5396 2498 5452 ibid.
2533 5397 2588 5452 2.
2626 5398 2669 5428 ⁸⁷
2704 5395 2893 5450 Matth.
2924 5408 3044 5459 va,
3101 5391 3190 5448 18.
3268 5391 3314 5424 δ’
3343 5389 3507 5447 Rom.
3531 5406 3587 5456 τ,
3643 5387 3699 5444 9.

1911 5530 2143 5586 VARl/E
2172 5529 2580 5588 LECTIONES.

669 5626 686 5665 ι
723 5637 812 5689 γρ.
851 5619 1255 5692 άπρὸσκοπτον.
