3966 6318
165 219 306 286 2661

1307 221 1845 284 COMMENTARII
1895 221 1978 280 IN
2035 221 2326 280 ISAIAM.

3297 222 3442 286 2662

161 332 323 397 λόγον
349 331 444 386 τοῦ
466 331 702 406 Γαϐριήλ
721 349 735 364 ·
759 333 936 399 Αὐτὸς
957 334 1065 406 γὰρ
1094 335 1258 388 σώσει
1287 334 1380 387 τὸν
1407 334 1535 386 λαὸν
1563 333 1748 386 αὑτοῦ.

1857 332 2088 387 salutem
2119 333 2282 389 nobis
2319 342 2560 403 pararet,
2591 341 2644 390 et
2673 334 2780 404 pati
2804 333 3054 406 conligit.
3085 331 3207 401 Quo
3230 333 3432 390 factum

161 421 333 476 Πάλιν
367 421 521 492 ἣξει,
553 424 748 496 κριτὴς
781 425 918 496 ὁμοῦ
953 427 1050 479 καὶ
1079 423 1533 496 μισθαποδότης
1557 423 1749 492 ἐσόμε-

158 529 267 575 νος.
302 514 410 568 Καὶ
441 513 553 568 ἅνω
579 515 636 568 δὲ
661 515 846 584 ἔλεγεν
869 533 882 548 ο
922 517 1090 570 Εἰπὸν
1130 519 1250 580 ταῖς
1281 517 1504 570 πόλεσιν
1557 515 1748 580 Ἰούδα,

161 605 295 656 Ἰδοὺ
325 607 354 658 ὁ
391 604 582 675 μισθὸς
631 593 800 660 αὐτοῦ
844 609 962 678 μετ’
1009 607 1197 680 αὐτοῦ,
1241 607 1336 661 καὶ
1369 607 1436 660 τὰ
1477 607 1561 677 ἐφ’
1598 606 1746 676 ἑξῆς.

172 695 320 747 Ἀντὶ
349 695 406 748 δὲ
433 695 562 760 τοῦ,
599 698 700 751 καὶ
738 697 987 752 καλέσει
1031 699 1245 752 αὐτόν·
1303 697 1524 764 αὐτοὺς
1556 695 1749 761 ἐξέδω-

160 803 264 840 καν
295 788 342 840 οἱ
371 787 567 854 λοιποὶ,
593 787 794 859 δηλαδὴ
816 791 940 853 τοὺς
968 787 1489 860 σωθησομένους.Ἦ
1523 788 1622 860 μὲν
1655 784 1750 842 οὖν

159 877 404 944 ἐπίγειος
443 877 834 946 Ἰερουσαλὴμ
875 877 1462 948 ἑγκαταλελειμμένη
1502 877 1744 946 λέγεται,

159 967 302 1038 αῦτη
333 968 388 1022 δὲ
410 968 867 1040 ἐπιζητουμένη.
916 971 975 1024 '0
1021 970 1130 1042 γὰρ
1175 969 1345 1024 ἐλθὼν
1374 969 1624 1039 ζητῆσαι
1655 969 1750 1023 καὶ

159 1059 334 1113 σῶσαι
383 1061 443 1113 τὸ
472 1061 768 1128 ἀπολωλὸς,
807 1054 966 1126 οὗτος
1021 1061 1200 1132 εὑρὼν
1240 1061 1374 1116 αὐτὸ
1423 1062 1746 1128 καὶ-σώσας,

153 1152 258 1205 ούκ
285 1151 364 1204 ἔτι
389 1152 687 1206 ἀπολέσθαι
718 1152 850 1206 αὐτὸ
901 1155 1273 1224 συγχωρήσει.
1327 1155 1483 1216 Τινὲς
1522 1153 1580 1207 δὲ
1622 1153 1750 1224 περὶ

153 1243 259 1312 τῆς
305 1243 532 1315 πρώτης
573 1245 882 1316 παρουσίας
917 1245 1008 1300 τὸν
1045 1245 1204 1314 λόγον
1255 1244 1532 1312 ἐξέλαϐον.
1575 1247 1750 1312 Εὐαγ-

152 1336 480 1403 γελίσασθαι
529 1336 586 1390 δὲ
637 1336 852 1390 κελεύει
905 1337 1078 1403 Σιὼν,
1133 1333 1213 1400 οἷς
1255 1339 1352 1391 καὶ
1403 1338 1501 1402 τὰς
1550 1339 1750 1404 πύλας

152 1427 472 1496 ἀνοιγνῦναι
510 1428 934 1499 παρεκελεύετο.
977 1430 1218 1500 Πάρεστι
1264 1428 1320 1482 δὲ
1378 1429 1593 1498 μαθεῖν,
1618 1423 1752 1483 ’ὅσον

151 1517 253 1571 τοῦ
291 1519 548 1589 Σωτῆρος
590 1519 684 1573 καὶ
721 1519 830 1593 τῶν
857 1519 1120 1590 μαθητῶν
1160 1520 1219 1574 τὸ
1248 1520 1526 1592 διάφορον.
1557 1521 1620 1572 0i
1653 1521 1752 1591 μὲν

153 1607 268 1679 γὰρ
306 1608 598 1670 καλοῦντες
632 1612 715 1672 εἰς
744 1611 998 1676 εὐζωῖαν,
1045 1611 1144 1674 τὰς
1176 1613 1240 1664 ὲκ
1271 1611 1410 1666 Θεοῦ
1455 1611 1748 1682 διεκήρυτ-

151 1717 248 1753 τον
294 1699 528 1771 ἀμοιϐάς
553 1717 566 1730 ·
600 1701 716 1755 ἀλλ’
763 1703 864 1756 οὐκ
912 1703 1068 1756 αὐτοὶ
1097 1704 1456 1774 χαρισμάτων
1505 1699 1645 1776 ἦσαν
1667 1703 1754 1757 δο-

149 1794 324 1864 τῆρες
357 1793 750 1862 πνευματικῶν
771 1811 783 1826 ·
815 1797 844 1849 ό
868 1795 925 1849 δὲ
964 1796 1191 1864 Σωτὴρ,
1221 1799 1296 1860 ὡς
1327 1797 1480 1861 Θεὶς,
1510 1797 1754 1867 διανέμει

157 1885 410 1956 μισθούς.
452 1885 664 1940 Οὐκοῦν
695 1887 790 1941 καὶ
836 1887 927 1940 τὸν
975 1889 1211 1942 ἑκάστου
1241 1890 1444 1960 τρόπον
1484 1891 1608 1961 ὁρᾷ.
1645 1889 1756 1943 Καὶ

149 1975 316 2030 τοῦτο
342 1977 398 2031 δὲ
441 1977 604 2048 μόνου
656 1977 814 2032 Θεοῦ.
861 1978 1176 2049 Γέγραπται
1215 1980 1348 2050 γὰρ,
1397 1981 1480 2033 ὅτι
1519 1979 1754 2033 ἐνώπιόν

150 2069 266 2125 εἰσι
295 2066 400 2120 τῶν
421 2067 516 2121 τοῦ
551 2067 686 2122 Θεοῦ
733 2067 1025 2140 ὀφθαλμῶν
1053 2071 1163 2124 ὁδοὶ
1211 2071 1425 2144 ἀνδρὸς,
1454 2074 1534 2136 εἰς
1559 2072 1616 2126 δὲ
1648 2074 1754 2126 πά-

155 2169 260 2216 σας
299 2154 397 2219 τὰς
426 2156 679 2227 τροχείας
718 2157 882 2211 αὐτοῦ
921 2159 1205 2214 σκοπεύει.
1243 2160 1548 2232 Τοιγαροῦν
1583 2161 1748 2232 ούραρ-

151 2245 254 2298 νοῦ
283 2247 382 2311 τὰς
404 2247 551 2310 κλεῖς
579 2249 772 2319 Πέτρῳ
797 2251 1039 2320 παρέσχε
1068 2251 1250 2314 καλῶς
1275 2253 1374 2324 τὴν
1407 2253 1592 2305 πίστιν
1617 2254 1750 2322 ὁμο-

153 2334 475 2403 λογήσαντι,
526 2338 620 2392 καὶ
660 2341 720 2390 τὸ
761 2337 1022 2392 δύνασθαι
1081 2340 1298 2412 δεσμεῖν
1343 2359 1402 2394 τε
1455 2343 1550 2394 καὶ
1578 2342 1748 2398 λύειν.

170 2425 500 2496 Ἐχαρίσατο
549 2427 608 2480 δὲ
666 2429 759 2482 καὶ
810 2433 944 2482 πᾶσι
995 2433 1108 2494 τοῖς
1161 2433 1433 2501 μαθηταῖς
1477 2431 1538 2484 τὸ
1574 2435 1753 2486 πᾶσαν

154 2517 320 2570 νόσον
355 2517 450 2569 καὶ
469 2517 744 2586 μαλακίαν
775 2519 1102 2590 θεραπεύειν
1127 2522 1184 2575 ὲν
1207 2521 1286 2592 τῷ
1316 2522 1483 2593 λόγῳ.
1515 2525 1754 2577 Μισθόν

155 2625 223 2660 τε
255 2607 543 2678 ὁμολογίας
565 2609 747 2664 δίδωσι
774 2611 850 2683 τῷ
873 2611 1043 2685 λῃστῇ
1069 2615 1166 2686 τός
1199 2615 1449 2685 Σήμερον
1479 2617 1596 2687 μετ’
1618 2617 1753 2687 ἐμοῦ

157 2699 268 2770 ἔσῃ
293 2703 350 2754 ἐν
376 2701 453 2772 τῷ
489 2702 820 2773 παραδείσῳ.
850 2703 1071 2759 Ἐλθὼν
1092 2705 1172 2772 δὲ,
1205 2707 1359 2776 φησι,
1387 2708 1511 2771 τοὺς
1537 2708 1754 2762 πιστεύ-

160 2808 364 2854 σαντας
388 2793 637 2846 καλέσει
676 2795 832 2847 λαόν
859 2797 1320 2865 λελυτρωμένον
1347 2797 1467 2852 ὑπὸ
1499 2801 1748 2866 Κυρίου.

159 2885 242 2938 Οὐ
282 2884 388 2955 γὰρ
421 2883 684 2954 πρέσϐυς,
730 2885 830 2938 οὐκ
878 2885 1110 2953 ἄγγελος
1135 2923 1151 2950 ,
1194 2886 1310 2940 ἀλλ’
1345 2888 1511 2952 αὐτὸς
1544 2889 1752 2958 Κύριος

1853 433 1960 489 est,
1989 435 2048 478 ut
2071 424 2238 489 idem,
2269 426 2570 482 secundum
2591 426 2868 483 Gabrielis
2903 442 3116 491 vocem,
3138 426 3293 481 Jesus
3312 426 3435 482 ideo

1851 513 2188 580 nominetur,
2219 517 2362 585 quod
2399 515 2660 586 populum
2686 531 2848 571 suum
2871 517 3186 572 salvaturus
3202 516 3431 573 esset".

1865 607 2043 663 Veniet
2070 624 2290 665 rursum
2317 609 2488 680 jttdex
2521 609 2664 666 idem
2696 613 3052 682 mercedisque
3081 612 3318 668 tributor
3349 612 3434 666 fu-

1853 706 2034 768 turus,
2059 699 2214 770 juxta
2241 701 2388 771 quod
2420 709 2549 758 ante
2573 703 2863 772 usurpavit
2892 705 2980 758 his
3003 703 3186 758 verbis
3211 721 3225 757 :
3264 721 3282 754 c
3313 703 3432 757 Dixi

1853 791 2170 848 civitatibus
2199 789 2396 848 Iudae:
2434 793 2576 848 Ecce
2615 807 2831 849 merces
2881 793 3003 862 ejus
3048 809 3172 848 cum
3211 808 3277 848 eo
3303 794 3370 858 ⁵ο,
3407 811 3426 846 ι

1851 889 1905 935 et
1932 897 2053 952 quae
2091 883 2376 954 deinceps.
2439 884 2638 940 Verum
2666 901 2777 954 quo
2807 885 2928 939 loco
2959 883 3026 936 Et
3070 883 3275 938 vocabit
3313 899 3434 938 eum

1852 972 2136 1040 habemus,
2165 991 2252 1029 eos
2279 977 2536 1032 dixerunt
2554 977 2736 1032 caeteri
2761 995 2772 1030 :
2811 982 2868 1030 ut
2896 975 2964 1030 de
2991 977 3060 1031 iis
3083 977 3174 1046 qui
3201 976 3432 1031 salutem

1851 1067 2204 1121 consecuturi
2241 1076 2394 1133 sunt,
2435 1067 2663 1138 intelligi
2686 1066 3076 1138 significarent.
3115 1067 3245 1133 Quae
3267 1066 3434 1137 igitur

1851 1155 2133 1209 terrestris
2165 1163 2250 1210 est
2269 1155 2574 1212 Jerusalem
2595 1197 2612 1224 ,
2653 1157 2906 1212 derelicta
2927 1157 3160 1223 dicitur;
3193 1158 3307 1212 hinc
3337 1172 3434 1212 att-

1852 1251 1960 1298 tem
2001 1245 2276 1314 requisita.
2320 1245 2596 1312 Quienim
2631 1249 2816 1314 venit,
2861 1257 2921 1302 ut
2969 1249 3114 1318 quod
3160 1249 3432 1317 perierat,

1850 1344 2110 1402 quaereret
2153 1343 2202 1390 et
2227 1337 2502 1392 salvaret:
2546 1338 2688 1392 idem
2721 1337 2868 1408 quod
2897 1339 3106 1394 invenit
3163 1349 3218 1393 et
3249 1340 3432 1393 salva-

1853 1428 1952 1491 vit,
1983 1429 2164 1498 perire
2191 1429 2430 1500 amplius
2478 1447 2588 1485 non
2619 1431 2785 1487 sinet.
2835 1430 2953 1486 Non
2984 1431 3184 1488 desunt
3227 1441 3428 1498 tamen,

1853 1519 1944 1588 qui
1980 1521 2046 1572 ad
2083 1521 2321 1590 priorem
2375 1522 2670 1576 adventum
2720 1525 3048 1576 retulerunt.
3082 1522 3432 1592 Jubetporro

1855 1608 2010 1663 Sioni
2035 1625 2132 1665 eos
2165 1613 2570 1682 cvangelizare,
2599 1611 2802 1682 quibus
2827 1615 2990 1666 etiam
3015 1625 3199 1683 portas
3224 1617 3435 1684 aperire

1859 1701 2228 1770 praecipiebat.
2276 1701 2334 1756 ln
2380 1717 2490 1770 quo
2532 1703 2745 1757 discere
2793 1714 2904 1766 est,
2935 1715 3140 1774 quanta
3190 1706 3261 1758 sit
3291 1705 3434 1759 inter

1859 1789 2200 1847 Salvatorem
2231 1802 2285 1847 ct
2307 1793 2614 1863 discipulos
2648 1794 2980 1850 differentia.
3019 1795 3078 1849 lli
3106 1797 3270 1858 enim,
3305 1812 3429 1849 eum

1857 1884 1924 1938 ad
1951 1885 2077 1939 vitae
2123 1885 2450 1955 probitatem
2481 1886 2858 1948 hortarentur,
2907 1901 3002 1941 eas
3036 1893 3278 1951 tantum,
3311 1901 3432 1956 qua:

1857 1992 1888 2032 a
1920 1976 2030 2030 Deo
2057 1985 2237 2043 erant,
2270 1977 2665 2032 retributiones
2697 1979 3084 2046 pra-dicabant,
3119 1993 3241 2032 cum
3271 1974 3434 2045 spiri-

1857 2068 2036 2124 tuales
2069 2068 2144 2122 illi
2180 2067 2386 2138 gratias
2415 2067 2639 2122 minime
2676 2067 3026 2136 largircntur,
3063 2071 3156 2122 sed
3185 2067 3434 2122 Salvator

1856 2157 2298 2228 ipse,tanquam
2352 2157 2528 2220 Deus,
2563 2157 2724 2224 cujus
2778 2167 2864 2212 est
2919 2158 3224 2213 mercedem
3275 2163 3434 2212 retri-

1856 2248 2043 2304 buere.
2088 2246 2248 2302 Videt
2279 2248 2448 2317 igitur
2473 2258 2525 2300 et
2558 2247 2902 2317 singulorum
2932 2262 3146 2314 mores;
3176 2249 3320 2317 quod
3349 2255 3434 2301 est

1857 2340 2020 2394 unius
2047 2347 2257 2392 tantum
2296 2338 2386 2411 Dei
2417 2340 2719 2408 preprium.
2761 2338 3036 2392 Scr-ibitur
3062 2339 3230 2404 enim,
3257 2340 3434 2395 oculis

1859 2428 1951 2482 Dei
1985 2428 2100 2485 vias
2135 2429 2373 2482 hominis
2411 2437 2620 2498 putere,
2655 2443 2956 2498 otnnesque
2992 2430 3157 2498 hujus
3206 2433 3433 2484 semitas

1853 2521 2104 2575 eumdem
2137 2521 2341 2574 intueri
2363 2521 2429 2572 δι.
2449 2519 2629 2589 Atque
2657 2520 2783 2574 inde
2817 2528 2922 2589 est,
2948 2519 3092 2589 quod
3123 2519 3282 2574 Puer
3307 2522 3432 2578 caeli

1854 2611 2036 2665 claves
2068 2611 2332 2675 tradidit,
2387 2611 2652 2681 adjuncta
2687 2577 2892 2682 ligandi
2942 2611 3299 2682 solvendique
3332 2627 3432 2681 po-

1856 2709 2070 2767 testate,
2109 2717 2235 2757 cum
2271 2703 2562 2772 pulchram
2609 2702 2734 2757 ﬁdei
2783 2702 3192 2758 confessionem
3229 2703 3434 2757 edidis-

1855 2805 1940 2850 set
1957 2795 2022 2848 δ’.
2063 2795 2194 2849 Eam
2223 2811 2354 2876 vicro
2378 2795 2696 2849 facultatem
2739 2795 2904 2866 716
2930 2795 3154 2850 tradidit
3183 2805 3234 2850 et
3261 2795 3430 2851 disci.

1855 2887 1999 2955 pulis
2057 2887 2351 2950 omnibus,
2406 2896 2466 2939 ut
2511 2886 2760 2940 morbum
2806 2901 3054 2950 omnem,
3108 2900 3434 2955 omnemque

158 2975 369 3030 ἔσωσεν
399 2978 563 3046 ἡμᾶς.
600 2973 1106 3044 Ἐπιζὴτουμένην
1141 2977 1198 3030 δὲ
1257 2979 1560 3047 κληθῆναί
1598 2999 1751 3050 φησι,

1860 2977 2230 3030 inﬁrmitatem
2265 2977 2432 3032 verbo
2480 2976 2932 3046 persultarent”.
2983 2975 3201 3030 Tribuit
3237 2989 3288 3030 et
3325 2975 3434 3031 La-

155 3066 314 3122 τοῦτ⁹
360 3068 477 3120 ἐστι
527 3068 748 3138 μνήμης
791 3066 1137 3139 ἀξιουμένην.
1173 3068 1398 3122 Τοιοῦτο
1437 3072 1548 3142 γὰρ
1573 3074 1632 3126 τὸ
1657 3074 1754 3142 ζη-

158 3159 480 3228 τούμενον.
525 3159 590 3212 Ἡ
636 3159 692 3212 δὲ
717 3158 907 3230 πρώτη
933 3160 1158 3228 γέγονεν
1185 3160 1749 3235 ἐγκαταλελειμμένη,

156 3250 267 3303 Διά
316 3249 423 3321 γὰρ
478 3249 744 3320 Ἰερεμίου
809 3251 1008 3320 φησίνο
1075 3271 1094 3302 ι
1133 3249 1598 3321 Ἐγκαταλέλοιπα
1661 3259 1751 3311 τὸν

159 3333 318 3391 οἵκόν
364 3355 486 3408 μου,
535 3339 725 3408 ἀφῆκα
770 3336 867 3408 τὴν
919 3337 1304 3408 κληρονομίαν.
1345 3357 1364 3390 ι
1414 3342 1524 3394 Καὶ
1575 3345 1604 3396 ό
1640 3329 1753 3397 Σωλ

157 3431 276 3500 τὴρ
323 3430 378 3482 δέ
412 3445 614 3500 φησιν’
661 3449 680 3481 ι
720 3428 854 3484 Ἰδοὺ
901 3430 1122 3498 ἀφίεται
1155 3429 1283 3500 ὑμῖν
1331 3433 1360 3484 ὁ
1397 3427 1546 3499 οἶκος
1595 3435 1750 3505 ὑμῶν

163 3521 396 3592 ἔρημος.
431 3539 450 3572 ι

1861 3068 2004 3122 troni
2035 3067 2404 3124 confessionis
2435 3069 2748 3133 mercedem,
2793 3083 2918 3123 cum
2951 3083 3018 3122 eo
3057 3067 3144 3122 die
3165 3085 3352 3124 secum
3379 3072 3432 3122 in
3471 3126 3481 3136 ,

1861 3158 2114 3228 paradiso
2138 3157 2379 3212 futurum
2399 3175 2523 3213 eum
2546 3159 2828 3229 pollicitus
2851 3168 2934 3214 cst
2952 3159 3020 3213 ⁸⁵.
3041 3159 3144 3215 Ubi
3163 3175 3326 3228 porro
3349 3177 3434 3216 ce-

1859 3253 2014 3315 uerit,
2049 3251 2244 3320 inquit,
2295 3235 2512 3320 οοεήιιί
2550 3251 2928 3315 crediderunt,
2958 3255 3208 3322 populum
3239 3251 3436 3306 redem-

1857 3355 2006 3413 ptum
2028 3361 2062 3397 a
2081 3342 2546 3400 Domiuovocabit.
2569 3339 2688 3396 Non
2710 3343 2854 3396 enim
2875 3344 3116 3412 legatus,
3135 3359 3242 3396 non
3269 3359 3437 3414 ange-

1857 3435 1966 3498 lus,
1993 3437 2089 3490 sed
2133 3435 2250 3505 ipse
2288 3435 2556 3492 Dominus
2577 3435 2930 3490 salvavitnos
2951 3435 3020 3490 ".
3052 3435 3141 3488 Ait
3177 3445 3436 3504 praeterea

1855 3529 2164 3598 requisitam
2200 3544 2314 3581 esse
2364 3537 2625 3594 vocatam,
2683 3527 2735 3581 id
2777 3537 2862 3582 est
2919 3528 3181 3582 memoria
3215 3525 3436 3596 dignam

163 3609 411 3664 habitam
435 3627 447 3664 :
481 3609 789 3681 cuiusmodi
811 3617 921 3692 est,
941 3610 1084 3681 quod
1117 3613 1396 3682 qua’ritur.
1427 3613 1520 3669 Est
1545 3631 1746 3686 porro,
1769 3638 1890 3692 qua:
1911 3623 2085 3691 prima
2114 3620 2238 3686 fuit,
2263 3619 2476 3672 relicta.
2499 3618 2590 3670 Sic
2613 3616 2756 3672 enim
2787 3615 3076 3672 Jercmias:
3117 3635 3135 3667 ι
3163 3615 3436 3685 Dereliqui

163 3703 391 3757 domum
427 3717 624 3768 meam,
653 3703 837 3759 dimisi
871 3689 1240 3759 Itaat'edilatcm
1273 3720 1450 3760 meam
1470 3708 1540 3762 ⁵⁸.
1571 3729 1590 3760 ι
1621 3709 1686 3764 Ει
1733 3689 2020 3770 salvator:
2054 3732 2072 3766 ι
2111 3711 2252 3768 Ecce
2281 3713 2626 3780 relinquetur
2649 3710 2842 3766 domus
2865 3718 3047 3765 vestra
3079 3712 3295 3765 deserta
3315 3709 3382 3762 ⁵⁷.
3410 3723 3429 3753 θ

242 3793 399 3855 Τινὲς
431 3793 487 3846 δὲ
517 3793 580 3846 τὸ
608 3794 715 3846 πᾶν
755 3793 928 3858 οὕτως
969 3794 1175 3849 ἄνωθεν
1205 3795 1562 3870 ἐξηγήσαντο.
1598 3803 1751 3866 Ἔθος

1931 3805 2072 3860 Sunt
2095 3819 2224 3859 vero
2255 3803 2529 3868 nonnulli,
2565 3803 2656 3872 qui
2695 3804 2996 3857 totumhoc
3019 3804 3086 3858 ab
3107 3803 3264 3858 initio
3289 3804 3436 3857 hunc

168 3885 287 3946 τοῖς
311 3885 616 3954 προφήταις
659 3884 742 3952 ἐφ’
792 3881 874 3948 οἷς
909 3887 1318 3972 προθεωροῦσιν
1365 3893 1612 3964 ἀνιαροῖς
1657 3894 1751 3965 μὲν

1859 3892 1914 3946 itt
1949 3893 2169 3947 modum
2202 3891 2495 3961 explicent.
2537 3888 2812 3945 Usitatum
2845 3899 2928 3944 est
2951 3889 3231 3960 prophetis
3263 3890 3332 3944 ob
3371 3905 3434 3944 ea

165 3975 409 4039 πενθεῖν,
447 3976 671 4044 ἀγαθοῖς
703 3977 760 4030 δὲ
795 3975 915 4030 λίαν
935 3980 1386 4048 εὐφραίνεσθαιθ
1419 3983 1448 4034 ὃ
1482 3985 1576 4037 καὶ
1605 3983 1701 4037 νῦν
1731 3984 1751 4037 ό

1856 3997 1978 4050 qua:
2028 3981 2244 4045 vident,
2287 3981 2332 4033 si
2383 3979 2608 4032 molesta
2675 3985 2825 4040 suat,
2877 3977 3089 4047 lugere;
3140 3978 3184 4032 si
3233 3977 3432 4042 fausta,

173 4069 456 4140 προφήτης
486 4071 648 4122 ποιεῖ.
681 4069 1190 4142 Εύαγγελισάμενος
1236 4075 1344 4143 γὰρ
1378 4073 1473 4128 τοῦ
1505 4077 1751 4148 Σωτῆρος

1859 4074 2036 4148 uetari
2061 4088 2227 4142 quam
2261 4073 2534 4126 maxime:
2563 4069 2709 4140 quod
2741 4082 2792 4125 et
2817 4070 2919 4124 ltoc
2938 4070 3058 4124 loco
3090 4069 3216 4124 facit
3241 4069 3431 4126 Isaias.

162 4161 274 4231 τὴν
302 4159 500 4228 ἄφιξιν,
524 4163 620 4214 καὶ
647 4161 745 4230 τὴν
769 4159 1024 4216 ἁπάντων
1065 4165 1362 4234 σωτηρίαν,
1393 4165 1554 4218 αὐτόν
1579 4183 1637 4219 τε
1663 4167 1751 4219 τὸν

1859 4164 1995 4218 Cum
2029 4165 2174 4218 enim
2209 4162 2510 4217 Salvatoris
2535 4162 2846 4226 adventum,
2875 4161 3159 4230 ipsamque
3185 4161 3431 4214 omnium

163 4251 408 4320 Χριστὸν
456 4251 870 4322 ἐνδυσάμενος
918 4247 1003 4324 (ᾧ
1052 4254 1402 4324 κοσμεῖται,
1451 4257 1546 4310 καὶ
1599 4273 1751 4328 περι-

1860 4255 2096 4310 salutem
2128 4253 2546 4318 annuntiassct;
2574 4250 3004 4305 cumChristum
3031 4249 3286 4318 denique,
3321 4264 3432 4320 quo

164 4339 472 4413 ϐάλλεται),
503 4341 867 4412 πανηγυρίζει
894 4343 972 4414 τῷ
1007 4343 1278 4414 πνεύματι
1317 4343 1555 4398 διάθεσιν
1587 4344 1746 4416 ἔχων,

113 4417 118 4420 ’
157 4431 234 4502 ἣν
289 4431 354 4484 ἂν
381 4431 506 4502 ἔσχε
559 4433 886 4498 νεανίσκος
924 4433 1064 4504 πρὸς
1095 4433 1420 4502 παρθένον,
1469 4435 1561 4489 καὶ
1589 4435 1750 4499 αὐτὸς

167 4519 351 4575 συνὼν
376 4521 453 4592 τῷ
491 4522 732 4594 Χριστῷ.
766 4523 839 4576 Τὸ
883 4522 939 4576 δὲ
965 4563 980 4589 ,
1017 4523 1095 4589 ὡς
1131 4523 1210 4593 τῆ
1260 4525 1536 4590 αὔξουσα
1564 4525 1747 4592 ἄνθος

160 4611 384 4680 αὐτῆς,
409 4611 561 4684 δηλοῖ
593 4614 722 4677 τοὺς
753 4615 879 4678 ταῖς.
918 4615 1118 4686 ψυχαῖς
1155 4616 1610 4688 ὲναποκειμένους
1661 4616 1752 4671 λό-

162 4721 306 4776 γους
334 4704 799 4774 σπερματικοὺς,
823 4705 1203 4769 ὁδοποιοῦντας
1243 4705 1484 4775 Χριστῷ.
1530 4707 1619 4770 Ὠς
1645 4707 1753 4776 γὰρ

162 4795 442 4866 ὀφθαλμοὶ
493 4795 818 4864 συγγένειαν
858 4793 1072 4865 ἔχοντες
1115 4795 1254 4868 πρὸς
1305 4797 1373 4850 τὸ
1407 4794 1552 4866 φῶς,
1585 4799 1752 4851 ὲπειδ’

161 4888 240 4942 ἀν
287 4889 455 4958 παρῇ,
493 4886 810 4957 βλέπουσιν,
851 4886 1026 4951 οὕτως
1073 4889 1454 4954 ἀνατείλαντος
1488 4890 1749 4960 Χριστοῦ,

163 4981 240 5052 τῇ
269 4980 326 5032 ὲν
358 4981 488 5050 ἡμῖν
533 4977 930 5049 ἐπιτηδειότητι
987 4977 1302 5050 λάμπομεν,
1337 4979 1499 5044 εὐθὺς
1529 4981 1590 5034 τὸ
1620 4999 1748 5034 σκο-

115 5083 132 5099 '
163 5077 348 5134 τεινδν
375 5073 730 5149 ἀποθέμενοι.
769 5076 856 5138 Ὦς
883 5079 948 5129 ὲκ
976 5075 1130 5147 ῥίζης
1173 5076 1232 5129 δὲ
1270 5074 1365 5128 τοῦ
1413 5075 1628 5148 Ἰσραὴλ
1655 5077 1752 5130 καὶ

163 5169 304 5236 τοῖς
323 5169 523 5226 ἔθνεσι
539 5168 859 5238 φανεῖσθαι
882 5167 1030 5236 λέγει
1059 5168 1174 5237 τὴν
1203 5167 1592 5237 ἀγαλλίασιν.
1617 5163 1751 5222 Εἶτα

158 5266 264 5317 ’ἕνα
301 5259 376 5332 μὴ
407 5260 534 5334 δόξῃ
564 5259 678 5328 τὴν
713 5258 1115 5328 Ἰερουσαλὴμ
1159 5259 1462 5330 ἀφηκέναι,
1501 5261 1615 5313 Οὐκ
1653 5260 1750 5313 ἀν-

165 5355 316 5420 ήσω,
341 5353 494 5422 φησι,
516 5352 614 5424 τὴν
635 5351 842 5406 ἄνωθεν
872 5351 1078 5441 σχέσιν,
1111 5351 1205 5406 καὶ
1220 5350 1288 5404 τὰ
1319 5349 1521 5421 ταύτης
1545 5349 1738 5420 σεμνά.

247 5533 296 5564 ιθ
324 5528 512 5584 Matth.
538 5529 842 5596 t,2l;an.
873 5545 913 5590 t,
945 5529 1034 5583 51.
1111 5528 1156 5561 ⁵⁸
1190 5529 1294 5581 lsa.
1325 5543 1412 5588 ιιι,
1449 5525 1544 5592 10;
1575 5541 1715 5596 an,
1739 5527 1826 5580 ll.

453 5601 499 5633 “
529 5595 845 5665 Lchxm,
885 5601 974 5654 45.
1049 5599 1094 5631 ⁸⁸
1136 5597 1236 5652 lsa.
1281 5611 1447 5662 um,
1476 5597 1530 5651 9.
1613 5596 1657 5627 “
1694 5595 1896 5652 Jerem.
1933 5613 2032 5660 xu,
2065 5596 2120 5652 7.

168 5617 242 5664 ιι,
297 5607 346 5659 8.

1855 4351 2080 4397 ornatur
2121 4350 2176 4397 et
2225 4343 2500 4412 cingitur,
2544 4341 2802 4395 induisset
2834 4356 2854 4394 :
2902 4335 3279 4395 vehementius
3315 4339 3429 4409 jam

1859 4435 2056 4506 spiritu
2088 4435 2371 4502 exsultat,
2419 4435 2510 4504 qni
2543 4435 2794 4488 eumdem
2831 4431 3073 4486 animum
3105 4440 3282 4502 gerat,
3319 4447 3430 4502 quo
3478 4480 3486 4487 .

1859 4528 1928 4580 sit
1960 4542 2088 4598 erga
2119 4527 2374 4597 virginem
2395 4526 2606 4596 juvenis
2636 4541 2760 4580 cum
2790 4523 3009 4578 Christo
3074 4523 3239 4578 etiam
3281 4525 3432 4579 exsi-

1859 4628 2032 4675 stens.
2092 4620 2249 4686 Quod
2303 4619 2505 4674 deinde
2569 4629 2820 4689 tanquam
2853 4626 3028 4680 terra,
3061 4633 3178 4687 qua:
3231 4618 3431 4685 profert

1854 4729 2024 4768 semen
2048 4729 2225 4778 suum,
2257 4711 2480 4780 adjicit;
2520 4710 2806 4766 recondita
2832 4709 2885 4762 in
2919 4708 3122 4764 animis
3153 4709 3428 4763 rationum

1861 4805 2090 4871 semina,
2125 4820 2244 4874 qua:
2273 4805 2340 4858 ad
2375 4803 2656 4858 Christum
2694 4801 2834 4854 viam
2877 4800 3107 4864 faciant,
3151 4801 3427 4872 intelligit.

1853 4896 1924 4952 Ut
1953 4897 2098 4951 enim
2130 4897 2276 4951 oculi
2315 4911 2441 4950 cum
2479 4895 2593 4948 luce
2634 4893 3018 4964 cognationem
3061 4891 3349 4958 habentes,
3382 4892 3429 4946 si

1855 4989 1946 5043 illa
1978 5004 2086 5042 non
2113 4988 2280 5052 desit,
2313 4998 2584 5042 cernunt:
2645 4987 2727 5040 sic
2771 4985 2995 5038 Christo
3021 4985 3336 5044 exoriente.
3381 4985 3427 5038 si

1857 5077 2013 5131 nobis
2050 5077 2194 5132 adsit
2230 5075 2511 5144 aptitudo,
2549 5073 2750 5142 fugatis
2789 5088 2952 5142 quam
2999 5073 3236 5142 primum
3278 5080 3430 5126 tene-

1855 5157 1969 5222 bris
1994 5167 2386 5222 illnminamur.
2411 5164 2479 5222 Ut
2495 5174 2674 5220 autem
2693 5182 2758 5222 ex
2787 5166 3005 5221 Israelis
3029 5168 3200 5236 stirpe
3233 5161 3430 5234 propa-

1856 5259 2034 5328 gatis;
2063 5259 2144 5314 sic
2169 5268 2223 5314 et
2239 5242 2482 5329 gentibus
2524 5260 2690 5313 etiam
2741 5257 2988 5311 lwtitiam
3031 5257 3192 5310 istam
3217 5255 3426 5329 conspi-

1849 5367 2002 5404 cnam
2037 5351 2150 5420 fore
2189 5350 2442 5405 afﬁrmat.
2485 5349 2690 5406 Deinde
2736 5367 2804 5405 ne
2847 5347 3150 5404 Jerusalem
3175 5327 3428 5402 deserere

1903 5528 1945 5559 "
1987 5526 2270 5586 Prov.xvt,
2303 5523 2358 5578 2.
2433 5525 2478 5556 ⁸²
2512 5523 2702 5578 Matth.
2735 5538 2857 5586 χιιι,
2899 5521 3084 5578 l6-l9.
3163 5521 3208 5555 ⁸³
3235 5521 3427 5579 Matth.

2191 5598 2234 5628 ⁵⁷
2267 5593 2458 5647 Matth.
2493 5609 2649 5656 χχιιι,
2679 5593 2773 5648 58.
