4000 6314
547 201 690 265 26.Ξό

1860 200 2212 262 PROCOPII
2241 201 2484 264 GAZEI

3700 221 3844 285 εδει

551 317 844 381 videatur;
888 329 997 370 non
1048 328 1167 370 cam
1201 328 1264 370 se
1297 328 1421 370 esse
1454 313 1921 380 familiaritatem,
1973 331 2138 385 quam

2249 315 2333 368 Διὸ
2382 317 2602 386 πρῶτον
2649 315 2786 387 πρὸς
2829 318 2895 372 τὰ
2947 317 3268 376 ἀπολωλότα
3321 295 3580 394 πρόϐατα
3632 329 3845 402 Ἰσραὴλ

549 415 710 458 antea
741 419 867 458 cum
898 403 988 456 illa
1024 402 1234 462 habuit,
1268 411 1326 454 ut
1359 417 1459 456 nec
1481 403 1726 470 ejusdem
1761 403 1878 456 loca
1903 411 2136 474 augusta

548 499 897 562 relicturum,
945 495 1159 566 adjicit.
1213 494 1336 560 Quo
1383 493 1585 548 factum
1625 503 1741 560 est,
1784 505 1842 547 ut
1889 495 1956 550 ad
2007 511 2136 550 oves

549 591 790 661 primum
831 589 1035 653 Israel,
1092 604 1216 658 qua:
1247 589 1566 658 perierant,
1607 589 1911 657 discipulos
1952 589 2136 642 mitte-

547 689 633 736 ret
659 681 742 735 ⁵⁸ι
786 689 842 735 et
879 681 1024 751 apud
1065 679 1552 751 Syrophtenissam
1576 719 1589 744 ,
1633 694 1799 734 canes
1830 695 1926 735 eos
1949 680 2134 749 appel—

549 777 662 831 lare
712 792 823 830 non
853 776 1134 831 dubitaret
1154 777 1236 840 ",
1286 775 1380 845 qui
1429 784 1619 846 postea
1651 777 1705 829 in
1760 775 1902 830 lilios
1953 782 2140 830 essent

549 870 930 938 computandi.
987 868 1119 922 Erat
1159 869 1308 923 enim
1359 869 1466 939 ipsi
1510 883 1714 938 scopus
1761 868 1849 922 hic
1883 869 2136 938 proposi-

548 970 673 1026 tus,
712 971 770 1014 ut
819 961 908 1014 isti
937 961 1156 1031 quidem
1189 960 1668 1023 illuminarentur;
1716 959 1792 1012 illi
1825 971 2004 1012 autem
2045 974 2138 1011 ne-

548 1068 824 1122 quaquam
866 1052 1208 1107 exciderent.
1237 1051 1341 1104 Sed
1363 1052 1650 1120 oportebat
1672 1066 1766 1106 eos
1793 1050 1947 1120 prius
1978 1049 2139 1119 717

2246 407 2456 478 πέμπει
2484 409 2612 472 τοὺς
2647 408 2921 480 μαθητάς.
2963 413 3071 465 Καὶ
3121 413 3258 483 πρὸς
3291 415 3394 486 τὴν
3427 417 3845 487 Συροφοινίκισο

2245 513 2346 550 σαν
2399 499 2647 568 ἠνείχετο
2697 500 2838 564 τέως
2881 500 3053 566 κύνας
3103 503 3290 557 καλεῖν
3340 505 3469 569 τοὺς
3529 511 3592 561 ἐν
3633 510 3842 572 τέκνοις

2244 588 2472 660 ὕστερον
2503 592 3116 664 καταταχθησομὲνους.
3159 595 3374 659 Σκοπὸς
3425 599 3540 672 γὰρ
3587 596 3658 671 ἦν
3693 605 3840 674 αύιῴ

2243 680 2338 733 καὶ
2363 681 2616 747 τούτους
2649 682 3047 752 φωτισθῆναι,
3080 687 3373 751 κακείνους
3410 689 3490 760 μὴ
3525 692 3836 763 ἀποτυχεῖν.

2257 771 2455 842 Ἐχρῆν
2490 771 2550 824 δὲ
2580 775 3016 845 προτιμηθῆναι,
3050 772 3156 844 οἷς,
3179 779 3322 832 κατά
3350 779 3589 847 Παῦλον,
3618 783 3775 856 ἐδόθη
3809 789 3840 856 ll

2243 866 2558 950 νομοθεσία,
2590 868 2685 922 καὶ
2712 871 2745 940 η
2775 868 3022 940 λατρεία,
3051 863 3128 924 ὧν
3161 873 3212 924 οἱ
3245 875 3510 945 πατέρες,
3545 877 3646 929 καὶ
3675 879 3736 944 ἐξ
3767 871 3842 930 ὧν

2243 959 2270 1008 ὁ
2299 958 2534 1027 Χριστὸς
2563 960 2703 1014 κατὰ
2736 961 2937 1032 σάρκα·
2976 963 3138 1034 ἢρκει
3184 965 3294 1037 γὰρ
3328 968 3409 1031 εἰς
3434 969 3719 1039 σωτηρίαν
3749 973 3842 1024 καὶ

2247 1051 2457 1114 τούτοις
2497 1053 2771 1116 κάκείνοις
2804 1057 2838 1124 ἡ
2873 1057 3054 1125 χάρις.
3447 1060 3453 1065 ’

552 1141 760 1198 honore
793 1141 976 1207 allici,
1001 1141 1202 1210 quibus
1238 1139 1422 1194 datam
1455 1156 1580 1194 esse
1627 1140 1798 1209 legem
1828 1149 1882 1193 et
1918 1146 2130 1192 cultum
2169 1137 2302 1191 dicit
2334 1139 2574 1206 Paulus,
2620 1157 2856 1213 quorum
2905 1153 3088 1214 patres
3145 1147 3178 1201 ii
3223 1149 3387 1203 etiam
3467 1149 3715 1215 luerunt,
3785 1160 3839 1206 et

549 1235 756 1308 quibus
833 1235 1140 1292 secundum
1203 1250 1424 1288 carnem
1467 1246 1630 1290 natus
1691 1241 1777 1289 cst
1819 1234 2072 1289 Christus
2129 1233 2197 1287 ⁸⁸.
2240 1233 2558 1314 Sulliciebat
2591 1240 2736 1295 enim
2775 1241 2841 1295 ad
2881 1242 3118 1297 salutem
3148 1246 3353 1314 gratia;
3401 1260 3510 1300 non
3564 1247 3694 1301 istis
3751 1262 3842 1303 so-

553 1332 686 1396 lum,
715 1331 810 1388 sed
849 1340 906 1386 et
938 1330 1046 1384 illis
1068 1329 1258 1384 etiam.

621 1427 780 1494 Quod
812 1425 1011 1482 deinde
1043 1425 1112 1481 de
1135 1424 1330 1480 recenti
1349 1428 1560 1478 nomine
1589 1423 1864 1494 adjunxit,
1888 1420 1955 1475 ad
1979 1423 2140 1475 Chri-

553 1519 794 1580 stianos,
836 1525 894 1571 et
944 1531 1065 1582 eos,
1097 1515 1192 1584 qui
1243 1516 1400 1570 [idem
1437 1517 1670 1585 amplexi
1722 1522 1872 1576 simt,
1922 1511 2133 1568 retulit.

550 1609 766 1676 Quibus
799 1607 845 1663 si
878 1606 1214 1662 contradicit
1239 1605 1337 1676 qui
1372 1604 1595 1660 Judzeus
1626 1612 1735 1670 est,
1777 1618 1806 1658 a
1852 1619 1912 1660 se
1954 1619 2135 1661 recens

551 1717 742 1756 nomen
769 1699 992 1770 aliquod
1028 1698 1236 1754 factum
1263 1713 1386 1754 esse
1399 1697 1744 1754 demonstret
1768 1712 1997 1753 necesse
2028 1706 2132 1752 est.

549 1793 814 1864 lntelligit
864 1807 993 1848 vero
1027 1807 1127 1862 per
1174 1791 1501 1845 voluntatem
1559 1791 1698 1846 nihil
1745 1791 1914 1856 aliud,
1967 1805 2129 1858 qua-ii

2305 1399 2529 1454 Καινὸν
2571 1401 2627 1456 δέ
2673 1420 2838 1474 φησιν
2883 1403 3074 1475 ὄνομα
3121 1406 3184 1460 τὸ
3230 1408 3578 1480 Χριστιανῶν
3627 1414 3724 1467 καὶ
3770 1412 3835 1467 τὸ

2238 1491 2464 1548 πιστῶν.
2525 1493 2582 1547 Ὀ
2637 1494 2695 1548 δὲ
2735 1497 3032 1566 ἀντιλέγων
3084 1499 3357 1562 Ἰουδαῖος,
3414 1501 3689 1556 δεικνύτω
3745 1505 3832 1574 ἐφ’

2236 1585 2428 1639 ἐαυτοῦ
2471 1587 2687 1641 καινόν
2718 1589 3008 1659 γενόμενον
3051 1589 3258 1658 ὄνομα.
3295 1589 3539 1660 Θέλημα
3585 1593 3647 1646 δέ
3693 1611 3830 1664 φησι

2236 1681 2365 1744 τοὺς
2406 1679 2474 1734 τὸ
2517 1681 2750 1751 θέλημα
2776 1682 2964 1738 αὐτοῦ
2997 1682 3306 1750 ποιοῦντας,
3346 1683 3442 1748 οὓς
3474 1685 3574 1738 καὶ
3603 1688 3831 1758 ἀγαπᾷν

2236 1773 2408 1840 λέγει,
2445 1772 2522 1838 ὡς
2555 1773 2864 1830 συνοικῶν
2893 1777 3224 1841 νεανίσκος
3251 1777 3529 1845 παρθένῳ
3551 1793 3569 1808 ο
3594 1779 3738 1850 ὅπερ
3768 1779 3828 1832 οὐ

548 1901 669 1952 eos,
704 1854 798 1955 qia
828 1883 1156 1939 voluntatem
1193 1899 1348 1938 suam
1375 1881 1618 1949 faciant;
1649 1898 1788 1952 quos
1819 1854 2134 1936 etiam-dili-

2249 1866 2467 1938 φθοράν,
2505 1866 2620 1920 ἀλλ’
2665 1867 3020 1936 ἀκμάζουσαν
3063 1869 3248 1939 σχέσιν
3283 1867 3454 1940 δηλοῖ.
3500 1869 3680 1940 Τηρεῖ
3719 1871 3829 1943 γάρ

429 1997 438 2006 ‘
549 1992 680 2050 gere
729 1991 810 2042 se,
861 1990 972 2046 quo
1023 1984 1180 2028 more
1238 1972 1444 2027 habitat
1477 1973 1691 2043 juvenis
1742 1989 1861 2028 cum
1916 1973 2139 2042 virgine,

551 2070 831 2140 signiﬁcat
870 2085 884 2122 :
911 2067 1058 2136 quod
1094 2083 1200 2122 non
1222 2076 1308 2122 est
1329 2067 1394 2121 ad
1430 2077 1702 2136 stuprum,
1733 2066 1918 2122 setl‘ad
1947 2079 2137 2120 neres-

551 2161 818 2217 situdinis
855 2143 1288 2231 magnitudinem
1348 2159 1726 2214 referendum.
1766 2158 1962 2212 Servat
1994 2158 2138 2211 enim

552 2256 728 2325 ipsam
762 2254 1144 2323 incorruptam
1173 2262 1226 2306 et
1255 2251 1560 2322 virginem;
1588 2251 1746 2320 juxta
1783 2249 1936 2304 Pauli
1961 2264 2144 2304 sacra-

552 2355 798 2402 mentum
853 2345 1012 2409 illud,
1063 2345 1210 2416 quod
1265 2344 1408 2398 idem
1453 2346 1507 2398 in
1552 2345 1778 2398 Christo
1809 2352 1862 2398 et
1894 2343 2138 2397 Ecclesia

553 2454 676 2495 esse
706 2439 842 2492 dicit
860 2439 925 2491 “.
949 2437 1284 2492 Praesentem
1313 2436 1510 2491 deinde
1539 2436 1912 2492 Ecclesiarum
1933 2444 2137 2490 statum

554 2533 899 2588 demonstrat
941 2529 1101 2599 juxta
1157 2530 1512 2585 sacerdotum
1550 2539 1701 2584 nocte
1747 2546 1810 2582 ac
1850 2529 1936 2582 die
1967 2528 2142 2581 laetas

564 2623 632 2677 ad
668 2621 952 2692 populum,
983 2621 1077 2690 qui
1099 2619 1270 2674 Deum
1301 2620 1539 2690 ignorat,
1569 2620 1954 2674 enarrationi-s
1989 2619 2144 2687 :qui-

557 2712 658 2772 bus
674 2723 731 2768 ut
749 2716 980 2786 gratiam
1003 2723 1254 2783 reponat,
1277 2713 1594 2782 muros'ejus
1614 2710 2064 2783 inexpugnabiles
2083 2726 2143 2765 se

556 2805 940 2871 redditurum;
965 2804 1016 2856 id
1039 2811 1124 2858 est
1153 2802 1419 2858 dzemonis
1441 2817 1698 2857 accessus
1723 2801 2141 2872 propulsurum,

556 2899 873 2968 pollicetur.
912 2895 1192 2951 Promittit
1215 2895 1404 2960 etiam,
1437 2895 1486 2949 si
1540 2893 1780 2950 litteram
1817 2907 2056 2964 spectes,
2088 2900 2144 2946 et

557 2975 731 3050 tutam
785 2991 1108 3047 civitatibus
1157 2987 1594 3054 habitationem;
1653 2997 1711 3042 ut
1768 2986 2144 3058 promovendo

483 3103 492 3112 ·
559 3087 786 3138 alteram
824 3088 1076 3154 quaerant
1115 3080 1516 3150 intelligibilcm
1564 3098 1579 3134 :
1613 3077 1731 3134 Non
1776 3079 1935 3133 aliter
1977 3093 2140 3148 quam

2239 1961 2409 2033 αὐτὴν
2442 1961 2728 2033 παρθένον,
2762 1963 2901 2016 κατὰ
2943 1963 3005 2015 τδ
3053 1963 3202 2034 παρά
3251 1962 3452 2034 Παύλῳ
3499 1965 3826 2037 μυστήριον,

2237 2056 2378 2125 ὅπερ
2419 2055 2499 2119 είς
2542 2055 2778 2126 Χριστὸν
2826 2055 2920 2110 καὶ
2957 2057 3058 2128 τὴν
3101 2055 3430 2127 Ἐκκλησίαν
3475 2054 3648 2122 λέγει.
3694 2051 3828 2110 Εἶτα

2241 2148 2340 2220 τὴν
2374 2147 2468 2203 νῦν
2491 2150 2826 2203 κατάστασιν
2851 2149 2961 2204 τῶν
2996 2149 3335 2219 Ἐκκλησιῶν
3369 2148 3653 2219 ἐμφαίνει,
3687 2151 3828 2202 κατὰ

2239 2241 2342 2311 τὴν
2407 2241 2518 2294 τῶν
2575 2242 2766 2312 ἱερέων
2809 2240 3086 2312 ύφήγησιν
3127 2242 3354 2311 ἡμέρας
3417 2239 3516 2294 καί
3581 2241 3828 2306 νυκτὸς,

2244 2329 2564 2398 ἀγνοοῦντος
2593 2329 2687 2381 τοῦ
2716 2327 2845 2382 λαοῦ
2875 2329 2966 2381 τὸν
2995 2327 3150 2390 Θεὸν,
3181 2327 3298 2380 ἀνθ’
3339 2319 3417 2381 ὧν
3464 2327 3834 2398 ἀμειϐόμενος

2243 2421 2442 2490 τεῖχος
2497 2421 2677 2472 αὐτῶν
2732 2419 3044 2490 ἀπόρθητον
3096 2418 3326 2486 γίνεται,
3384 2419 3484 2482 τὰς
3527 2419 3832 2489 ἀφόδους·-

2247 2514 2532 2585 ἀπείργων
2563 2512 2656 2565 τοῦ
2691 2511 2966 2582 δαίμονος.
3005 2511 3437 2580 Ἐπαγγὲλλεται
3461 2511 3542 2575 δέ,
3563 2514 3716 2566 κατὰ
3739 2512 3835 2582 τὴν

2243 2605 2412 2669 λέξιν,
2445 2605 2538 2658 καὶ
2565 2603 2939 2672 ἀσφαλῆςταῖς
2969 2601 3191 2654 πόλεσιν
3220 2601 3465 2671 οἴκησιν,
3494 2603 3574 2666 ὼς
3601 2601 3669 2656 ἂν
3704 2620 3836 2674 προ-

2245 2699 2516 2768 κόψαντες
2582 2695 2884 2766 ἐπιζητῶσι
2967 2695 3066 2766 τὴν
3159 2695 3399 2766 νοητήν’
3469 2693 3663 2766 ὥσπερ
3743 2691 3836 2748 οὗν

2257 2787 2511 2857 Ἁϐραάμ
2549 2785 2652 2854 γῆς
2704 2783 2883 2836 λαϐὼν
2932 2783 3295 2853 ἐπαγγελίαν,
3343 2782 3407 2836 οὐ
3461 2785 3597 2854 περὶ
3629 2781 3835 2853 ταύτην

2245 2879 2516 2950 ἠσχόλητο
2535 2919 2549 2941 ,
2575 2878 2697 2931 οὑδέ
2726 2876 2932 2948 ταύτην
2961 2878 3102 2949 ᾔτει,
3155 2878 3251 2948 τὴν
3275 2876 3333 2930 δέ
3367 2875 3676 2946 μέλλουσαν
3711 2876 3837 2928 ἐπό-

2247 2975 2349 3029 θει.
2379 2974 2504 3037 Τοῖς
2535 2973 2591 3026 δὲ
2612 2971 2756 3026 οὕτω
2783 2970 3167 3040 διακειμένοις,
3203 2970 3297 3022 καὶ
3340 2966 3580 3039 μάλιστα
3617 2969 3733 3031 τοῖς
3775 2967 3837 3019 ἐκ

2245 3067 2436 3136 γένους
2485 3064 2736 3136 Ἀϐραὰμ
2783 3064 2925 3116 κατὰ
2978 3061 3177 3132 σάρκα,
3233 3059 3494 3130 οὐδεμίαν
3547 3060 3838 3131 σύγκρισιν

559 3176 627 3231 dc
662 3147 972 3230 Abrahamo
1029 3147 1418 3243 legionum—qui
1475 3169 1620 3224 facta
1657 3169 1758 3223 sibi
1806 3179 1965 3224 terrae
1997 3147 2140 3238 γι)ιο-

2250 3158 2387 3228 πρὸς
2415 3155 2489 3212 τὰ
2506 3157 2650 3221 ἔθνη
2679 3155 2870 3227 φησιν,
2907 3152 3266 3224 ὑπερκεῖσθαι
3289 3151 3346 3206 δὲ
3371 3152 3516 3214 λίαν,
3553 3153 3682 3205 ὅσον
3705 3147 3840 3223 ἧκεν

560 3270 852 3334 missione,
889 3285 1000 3322 non
1033 3269 1086 3322 in
1119 3269 1224 3322 ista
1251 3265 1540 3334 occupari.
1580 3281 1688 3318 non
1720 3263 1971 3318 eamdem
1990 3279 2144 3333 quae-

562 3377 704 3420 rere.
760 3361 855 3415 sed
889 3359 1128 3413 futuram
1177 3366 1437 3428 appetere
1465 3356 1617 3410 visus
1650 3364 1736 3410 est
1755 3355 1818 3410 “.
1863 3353 1934 3410 Iis
1962 3355 2150 3426 igitur,

501 3480 518 3490 ο
563 3452 657 3521 qui
685 3454 758 3505 ita
785 3448 966 3504 allecti
1001 3455 1155 3512 sunt,
1189 3447 1426 3502 maxime
1449 3455 1630 3501 autem
1655 3447 1910 3510 Abrahae,
1938 3461 2146 3500 secun-

531 3540 696 3612 _dum
745 3554 968 3594 carnem
1026 3539 1285 3609 posteris,
1339 3538 1485 3592 nulla
1545 3554 1668 3593 esse
1723 3554 1848 3593 cum
1905 3538 2146 3608 gentibus

564 3628 1044 3698 comparationem
1119 3627 1418 3699 signiﬁcat,
1457 3626 1550 3681 sed
1607 3628 1676 3681 iis
1741 3627 1921 3696 longe,
1969 3642 2148 3696 quan-

563 3733 680 3776 tmn
715 3721 780 3776 ad
814 3722 1082 3775 honorem
1115 3721 1316 3774 attinet
1343 3735 1468 3774 esse
1497 3719 1835 3788 superiores.
1889 3716 1966 3771 Eo
1999 3719 2145 3770 enim

566 3817 670 3872 line
708 3823 763 3871 et
810 3814 1000 3870 Patres
1047 3822 1272 3869 sanctos
1327 3812 1498 3882 legem
1557 3810 1862 3877 habuisse,
1919 3823 1985 3862 eo
2015 3808 2144 3864 item

564 3907 815 3962 miranda
882 3905 937 3960 in
1005 3903 1246 3976 Egypto
1313 3919 1482 3972 opera
1521 3943 1536 3966 ,
1600 3910 1655 3956 ct
1720 3901 1777 3956 in
1854 3901 2150 3957 solitudine

563 3997 794 4064 vidisse,
857 4006 918 4050 ut
987 4011 1170 4050 mores
1205 4009 1340 4049 suos
1399 3993 1467 4047 ad
1533 3991 1698 4048 Deum
1764 3991 2046 4054 conversi,
2097 3998 2152 4044 et

567 4089 621 4143 in
672 4089 794 4160 ipso
839 4087 1228 4150 conﬁdentes,
1275 4084 1654 4140 emendarcnt.
1711 4084 1765 4138 Id
1819 4085 1966 4138 enim
2018 4098 2146 4138 vere

493 4198 500 4206 ί
564 4177 746 4250 gaudii
772 4178 994 4232 nomine
1019 4175 1344 4246 signiﬁcari.
1367 4173 1592 4228 Animas
1614 4174 1810 4229 deinde
1837 4173 2146 4244 alloquens,

563 4288 687 4344 qua:
703 4273 770 4325 de
787 4268 1244 4340 promissionibus
1261 4265 1934 4338 ambigant,jnrejurando
1954 4268 2149 4328 utitur,

2253 3250 2334 3316 είς
2372 3251 2561 3320 τιμήν.
2609 3247 2724 3300 Καὶ
2782 3245 2894 3317 γὰρ
2946 3245 3138 3314 ἔτυχον
3188 3243 3444 3314 πατέρων
3499 3241 3710 3309 ἁγίων,
3749 3242 3840 3294 καὶ

2254 3345 2446 3414 νόμου,
2489 3343 2581 3396 καὶ
2623 3341 2721 3405 τὰς
2755 3344 2812 3395 ἐν
2840 3340 3104 3412 Αἰγύπτῳ
3147 3339 3600 3410 θαυματουργίας
3657 3341 3757 3393 καὶ
3787 3341 3841 3392 ἐν

2255 3438 2449 3508 ἐρήμῳ
2489 3435 2776 3490 τεθέανται
2801 3475 2816 3498 ,
2866 3435 3044 3506 μόθων
3081 3433 3178 3488 ἐὰν
3207 3441 3235 3470 η
3285 3433 3578 3504 διόρθωσιν
3621 3433 3844 3502 τρόπων

2256 3531 2576 3600 ποιήσονται
2600 3527 2922 3590 πεποιθότες
2953 3527 3044 3578 ἐπὶ
3072 3525 3214 3596 Θεῷ.
3238 3524 3414 3578 Τοῦτο
3441 3527 3553 3596 γὰρ
3584 3525 3648 3578 τὸ
3679 3527 3846 3594 ἀγαυ-

2258 3620 2452 3690 ρίαμα.
2479 3618 2624 3688 Πρὸς
2651 3619 2708 3672 δέ
2744 3618 2844 3680 τὰς
2879 3615 3218 3684 ἐπαγγελίας
3245 3615 3718 3694 άμφιϐαλλούσαις
3744 3617 3846 3687 ψυ-

2259 3713 2384 3782 χαῖς
2426 3709 2606 3763 λαλῶν
2637 3709 2792 3776 ὅρκῳ
2828 3709 3115 3779 κέχρηται,
3157 3709 3220 3760 οὐ
3249 3707 3316 3761 δι’
3358 3707 3554 3761 ἐαυτὸν
3587 3709 3845 3780 (ἀλήθεια

2257 3804 2364 3874 γάρ
2394 3801 2602 3874 ἐστιν),
2632 3801 2748 3856 ἀλλ’
2783 3799 3002 3862 ἐκείνας
3034 3799 3420 3870 πιστούμενος.
3453 3800 3570 3855 Καὶ
3612 3803 3738 3864 τοὺς
3782 3803 3844 3854 ἐκ

2256 3896 2360 3966 γῆς
2393 3893 2644 3965 καρποὺς
2675 3890 3095 3961 ἐπαγγέλλεται,
3127 3889 3400 3947 διδάσκων
3427 3890 3506 3955 ὡς
3534 3892 3700 3956 αὐτὸς
3727 3891 3846 3946 toti-

2257 4007 2366 4042 των
2393 3989 2510 4042 ἐστι
2551 3986 2808 4058 χορηγὸς,
2841 3987 2936 4042 καὶ
2961 3984 3140 4056 μάτην
3175 3985 3308 4054 περὶ
3351 3983 3548 4038 είδώλα
3579 3986 3844 4056 στρέφον-

2257 4097 2370 4142 ται,
2409 4078 2488 4132 διὸ
2523 4079 2618 4132 καὶ
2651 4071 2798 4131 οὗτοι
2839 4077 2978 4148 πρὸς
3016 4078 3082 4148 τῇ
3113 4075 3420 4148 συγκομιδῇ
3447 4075 3841 4148 διεφθείροντο.

2256 4173 2333 4235 ὡς
2357 4169 2422 4224 ἂν
2455 4170 2549 4224 καὶ
2573 4168 2920 4240 τελεσφορεῖν
2952 4166 3279 4238 δυναμένου,
3309 4169 3404 4221 καὶ
3428 4169 3702 4242 παρέχειν
3729 4169 3844 4224 ἐθέ-

2257 4263 2467 4328 λοντος,
2496 4262 2654 4333 εἰπερ
2688 4260 2987 4330 ἐτύγχανον
3017 4257 3180 4326 ἄξιοι.

565 4379 675 4416 non
701 4360 752 4415 id
783 4358 1004 4429 quidem
1035 4366 1258 4428 propter
1287 4372 1368 4423 se,
1405 4357 1499 4427 qui
1543 4356 1746 4413 veritas
1779 4357 1852 4411 sit
1882 4375 1894 4410 :
1932 4356 2027 4410 sed
2058 4365 2118 4410 ut
2159 4353 2270 4410 illis
2304 4353 2464 4408 ﬁdem
2497 4353 2682 4407 faciat.
2722 4350 3006 4406 Promittit
3047 4365 3176 4404 vero
3213 4360 3266 4404 et
3304 4357 3466 4406 terra:
3510 4350 3750 4417 fructus,
3792 4361 3847 4406 ut

563 4469 658 4510 eos
697 4468 758 4508 sc
814 4451 1188 4520 suppeditare,
1233 4449 1553 4518 frustraque
1594 4449 1662 4502 ad
1702 4449 1846 4503 idola
1883 4447 2182 4516 confugere
2203 4445 2400 4502 doceat
2431 4464 2443 4499 :
2479 4445 2626 4499 unde
2657 4445 2734 4498 illi
2797 4446 2964 4498 etiam
3021 4442 3076 4496 in
3120 4441 3431 4510 colligendo
3463 4444 3746 4512 peribant,
3787 4455 3843 4500 ut

565 4553 621 4599 et
676 4541 744 4596 ad
781 4538 1151 4594 maturitatem
1183 4552 1344 4608 posse
1385 4539 1710 4606 perducere,
1754 4545 1808 4592 et
1840 4539 2087 4608 praebere
2122 4538 2261 4594 velle
2299 4538 2742 4596 demonstraret,
2797 4533 2843 4589 si
2903 4533 3070 4606 718
3115 4533 3317 4604 dignos
3352 4548 3412 4588 se
3451 4535 3842 4605 praebuissent.

636 4635 796 4691 Nunc
839 4644 1020 4690 autem
1073 4633 1118 4689 si
1151 4633 1511 4703 corrigantur,
1563 4633 1807 4688 hostium
1861 4649 2142 4689 accessqu

2328 4633 2438 4686 Καὶ
2469 4631 2565 4685 νῦν
2614 4631 2672 4684 δὲ
2709 4628 3154 4700 διορθουμένων
3199 4628 3356 4700 ὑμῶν
3407 4629 3506 4694 τὰς
3533 4631 3644 4685 τῶν
3684 4635 3840 4687 sto):-

564 4740 691 4784 esse
716 4723 880 4778 etiam
916 4691 1348 4793 prohibiturum.
1371 4691 1673 4776 d’ortarum
1720 4721 1919 4778 deinde
1961 4711 2142 4793 appel-

2256 4727 2396 4800 μίων
2420 4723 2642 4794 ἐφόδους
2674 4691 2926 4792 κωλύσω.
2951 4691 3186 4788 ⁷Πύλας
3219 4691 3276 4776 δὲ
3315 4691 3694 4793 καλεῖ-’λόγον
3739 4727 3847 4779 εεσ.

567 4818 773 4873 latione
804 4828 1116 4870 sermonem
1145 4813 1510 4883 isagogicum,
1542 4812 1934 4884 Christumque
1965 4813 2144 4884 ipsum

565 4909 920 4983 signiﬁcavit,
953 4906 1048 4979 qui
1081 4916 1239 4977 porta
1285 4909 1449 4961 etiam
1499 4907 1726 4969 dicitur,
1756 4923 1852 4978 per
1879 4922 2046 4978 quam
2079 4908 2148 4962 ad

567 5001 782 5057 Patrem
809 5000 1122 5072 ingressum
1149 5000 1416 5055 habemus
1445 4999 1512 5052 ".
1549 4998 1623 5055 De
1652 5015 1764 5070 quo
1799 5000 2066 5055 scribitur
2095 5009 2153 5056 et

568 5093 737 5148 illud:
775 5109 794 5143 ι
821 5090 930 5146 I~ta
955 5099 1039 5146 est
1065 5099 1222 5161 porta
1250 5089 1488 5157 Domini,
1515 5089 1652 5160 justi
1686 5091 2064 5163 ingredientur
2095 5093 2150 5147 in

565 5201 686 5241 eam
717 5183 783 5237 ⁸⁸.
819 5202 840 5237 ι
869 5181 1263 5239 Sacerdotibus
1302 5181 1501 5236 deinde
1534 5183 1804 5252 praecipit,
1858 5192 1917 5237 ut
1958 5183 2152 5239 subdi-

568 5287 752 5342 torum
786 5293 966 5333 mores
993 5275 1296 5346 aequabiles
1341 5273 1592 5338 reddant,
1625 5291 1694 5330 ne
1725 5274 1779 5329 in
1823 5289 2022 5345 pravas
2066 5276 2148 5330 illi

639 5392 688 5424 "
713 5390 903 5446 Matth.
937 5406 990 5452 ι,
1017 5388 1072 5445 6.
1147 5389 1192 5421 "
1223 5385 1409 5442 Matth.
1453 5403 1542 5452 xv,
1572 5385 1663 5441 26.

573 5457 622 5495 “
659 5461 805 5518 Psalt
832 5477 1000 5525 cmi,
1028 5459 1118 5513 20.

1746 5389 1791 5419 “
1829 5387 1986 5442 Rom.
2031 5403 2124 5452 Ix,
2149 5387 2205 5446 ὅ.
2285 5389 2327 5420 ⁸³
2367 5388 2569 5459 Ephcs.
2603 5405 2654 5453 v,
2688 5386 2780 5444 3'2.

2255 4817 2556 4888 αγωγικὸν,
2593 4815 2688 4868 καὶ
2711 4813 2970 4886 Χριστὸν,
3010 4811 3070 4876 ὃς
3105 4813 3447 4889 ἐχρημάτισε
3500 4815 3666 4885 θύρα,
3689 4816 3760 4870 δι’
3787 4813 3844 4871 ο5

2254 4911 2392 4982 πρὸς
2412 4909 2504 4963 τὸν
2526 4907 2744 4976 Πατέρα
2779 4905 2878 4977 τὴν
2911 4903 3118 4958 εἴσοδον
3183 4904 3402 4975 ἔχομεν.
3432 4905 3571 4976 Περὶ
3603 4903 3663 4961 οὗ
3701 4907 3846 4960 3.9.:-

2238 5017 2378 5054 οκται
2403 5012 2418 5028 ⁵
2459 5017 2477 5050 ι
2505 4996 2654 5066 Αὕτη
2703 4998 2737 5068 η
2781 4993 2924 5066 πύλη
2973 4993 3068 5048 τοῦ
3089 4994 3321 5065 Κυρίου.
3363 4993 3575 5049 Δίκαιυι
3606 4998 3844 5049 eiulati-

2252 5108 2436 5145 σονται
2486 5091 2545 5144 ἐν
2593 5089 2755 5160 αὐτῇ.
2793 5107 2814 5138 r
2869 5086 2994 5149 Τοῖς
3047 5084 3103 5139 δὲ
3146 5083 3356 5156 ἱερεῦσι
3409 5087 3840 5158 παρακελεύεται

2251 5183 2434 5254 ὁμαλά
2463 5183 2574 5238 τῶν
2623 5181 2730 5236 ὑπὸ
2763 5182 2923 5250 χεῖρα
2962 5176 3032 5230 τὰ
3057 5176 3163 5249 ἢθη
3195 5179 3394 5240 ποιεῖν,
3437 5179 3514 5241 ὡς
3541 5178 3611 5232 ἂν
3644 5177 3720 5251 μὴ
3753 5197 3843 5231 πο-

2251 5279 2437 5347 νηροῖς
2494 5275 2892 5347 προσκόπτοιεν
2941 5271 3248 5340 λογισμοῖς.
3294 5269 3529 5341 Δέγοιτο
3558 5270 3610 5324 δ’
3641 5269 3707 5324 ἀν
3756 5267 3844 5322 καὶ

2887 5386 2934 5418 ⁸⁸
2969 5383 3136 5439 Hebr.
3169 5397 3247 5450 st,
3273 5384 3360 5440 17.
3439 5383 3487 5418 ⁸³
3523 5382 3684 5440 Joau.
3708 5397 3765 5445 ι,
3783 5379 3833 5436 9.

1845 5546 2084 5603 VAlllE
2116 5547 2528 5604 LECTIONES.

648 5650 689 5679 ³·
715 5658 804 5709 rp.
837 5639 1080 5708 ἐφόδους.
1161 5651 1186 5677 ι
1213 5641 1298 5694 Ia.
1333 5638 1515 5710 μόνον,
1545 5641 1620 5703 ὡς
1643 5640 1732 5695 ἂν.
