4000 6314
234 352 380 422 26Ἶ3

1392 317 1921 433 COMMEZN'TARII
1950 374 2028 436 IN
2066 374 2351 438 ISAIAM.

3326 372 3476 441 2671

174 510 183 517 .
234 465 466 535 λειμμα.
528 466 737 536 Δεῖγμα
786 466 842 520 δὲ
897 468 1154 536 μέγιστον
1179 470 1289 537 τῆς
1323 474 1725 545 ἁγαθότητος,
1756 481 1806 533 τὶ

1920 486 2141 553 patitur,
2164 486 2259 555 qui
2286 482 2513 553 iustitia!
2544 483 2822 552 fastigium
2848 485 3089 554 obtinet,
3119 485 3213 542 sed
3243 485 3479 543 bonitate

234 555 469 621 ἀξιῶσαι
498 558 678 611 τέκνα
712 558 896 611 καλεῖν
916 559 1024 614 τὸν
1051 563 1226 627 λαὸν,
1258 565 1413 634 εἰμὴ
1432 567 1677 623 ἀθετοῖεν
1711 572 1809 642 τὴν

233 648 419 717 χάριν.
449 651 541 700 Διὸ
561 648 700 702 κατὰ
723 648 1021 720 Σὸμμαχον
1048 653 1263 723 εἴρηται
1286 669 1301 686 ·
1331 657 1504 722 Πλὴν
1526 660 1676 726 λαός
1692 663 1809 730 μού

232 739 396 793 εἰσιν
426 738 543 794 υἱοί
578 741 690 793 οὐκ
718 740 1229 809 ἀσυνθηκοῠντες.
1262 741 1369 805 Οὓς
1414 748 1724 820 ἀπήλεγχεν
1750 753 1809 806 ἐν

233 830 379 899 ἀρχῇ
414 828 608 898 λέγων·
636 830 798 895 Υίοὺς
827 832 1113 900 ἐγέννησα,
1147 834 1244 888 καὶ
1286 835 1480 905 ῦψωσα
1508 856 1521 870 ε
1558 840 1716 894 αὐτοὶ
1752 841 1809 896 δέ

235 936 311 989 με
337 915 634 989 ἠθέτησαν.
696 918 895 993 Ἐχρῆν
927 926 1037 995 γὰρ
1067 924 1143 986 ὡς
1180 925 1361 980 τέκνα
1419 928 1703 985 πείθεσθαι
1733 933 1811 1002 τῷ

234 1009 459 1080 πατέρι,
476 1011 571 1063 καὶ
592 1011 929 1080 αὐτάγγελον
967 1015 1060 1067 ἐπὶ
1088 1017 1336 1087 σωτηρίᾳ
1385 1020 1628 1088 παρόντα
1653 1020 1810 1086 δέξα-

235 1096 365 1149 σθαι
402 1097 507 1150 τὸν
544 1099 702 1158 Υἰὸν,
731 1101 830 1170 οὐχ
863 1101 1034 1172 ἑτέρῳ
1053 1105 1158 1156 τινὶ
1185 1104 1416 1175 διακόνῳ
1441 1109 1808 1181 χρησάμενονο

231 1187 297 1239 οὐ
319 1189 428 1256 γὰρ
450 1184 518 1257 ἦν
546 1190 833 1257 πρέσϐυς,
860 1191 1039 1265 [φησὶ]
1067 1196 1373 1264 προφήτης,
1395 1200 1506 1252 οὐκ
1532 1199 1807 1268 ἅγγελος.

1913 576 2050 630 iram
2091 577 2406 631 moderatur
2441 584 2495 629 et
2534 574 2684 651 lenit.
2735 575 2874 629 Sunt
2902 578 3045 631 enim
3086 579 3315 633 salutem
3346 595 3478 635 con.-

1914 672 2115 720 secutae
2162 666 2426 736 reliquiae.
2468 663 2562 719 Est
2607 679 2739 717 vero
2792 664 3043 719 bonitatis
3096 676 3476 733 argumentum

1914 754 2236 820 maximum,
2269 753 2415 823 quod
2470 753 2717 822 populum
2762 754 2998 820 ﬁliorum
3033 754 3196 823 727
3236 756 3478 823 appella-

1913 844 2062 898 tione
2078 843 2381 915 \dignatur,
2415 844 2461 899 si
2501 845 2732 913 gratiam
2781 859 2888 897 non
2930 852 3310 911 aspernentur.
3356 843 3477 909 Quo

1912 932 2116 988 factum
2148 944 2252 999 est,
2289 945 2348 987 ιιι
2395 935 2471 989 ita
2515 942 2753 989 verteret
2793 934 3156 1004 Symmachus
3192 947 3207 986 :
3254 932 3473 987 Verum.

1914 1029 2089 1077 tamen
2131 1023 2350 1091 populus
2400 1040 2545 1078 meus
2590 1032 2712 1078 sunt
2740 1023 2839 1091 ﬁlii
2887 1038 2988 1076 non
3034 1024 3480 1090 prteraricantes;

1910 1129 2050 1184 quos
2071 1116 2228 1169 initio
2253 1117 2621 1187 reprehendit,
2642 1132 2766 1170 cum
2794 1115 2931 1170 ﬁlios
2954 1117 3233 1186 genuisse,
3254 1126 3307 1171 et
3337 1118 3484 1171 exal-

1912 1211 2083 1270 tasse,
2115 1206 2184 1259 ab
2217 1206 2352 1273 ipsis
2398 1213 2577 1259 autem
2611 1205 2930 1260 derelictum
2981 1218 3040 1257 se
3079 1217 3204 1259 esse
3237 1219 3480 1274 conque~

234 1282 382 1335 ritur
405 1283 473 1337 ⁸¹.
507 1282 739 1339 Docebat
777 1286 919 1339 enim
953 1296 1211 1356 tanquam
1245 1289 1386 1357 ﬁlios
1425 1289 1574 1345 Patri
1607 1308 1811 1348 morem
1848 1310 2059 1366 gerere,
2086 1306 2140 1352 et
2169 1297 2391 1364 Filium,
2434 1301 2527 1368 qui
2562 1314 2592 1352 a
2624 1298 2801 1364 Patre,
2833 1298 3029 1354 salutis
3058 1311 3246 1353 eorum
3284 1313 3479 1364 causa,

235 1374 397 1426 nullo
459 1374 689 1431 alterius
749 1378 1086 1444 ministerio,
1145 1376 1417 1447 venisset,
1483 1393 1808 1453 praesentem
1878 1389 2152 1458 amplecti.
2226 1390 2351 1446 Non
2398 1393 2544 1447 enim
2598 1392 2799 1462 legatus
2855 1399 2976 1446 erat
3005 1392 3106 1459 (ait
3160 1391 3473 1462 propheta),

233 1478 343 1514 non
377 1464 618 1532 angelus.

311 1554 419 1606 Καὶ
451 1556 508 1607 ἐν
522 1554 784 1627 Αἰγύπτῳ
800 1556 878 1624 δὲ,
903 1560 1088 1626 φασιν,
1117 1561 1166 1615 εἰ
1189 1563 1282 1616 καὶ
1307 1563 1469 1633 μέσος
1483 1560 1550 1638 ἦν
1573 1567 1800 1638 Μωσῆς,

230 1639 354 1695 ἄλλ’
391 1643 553 1706 αὐτὸς
573 1646 792 1715 ἐνήργει
818 1646 884 1700 δι’
910 1649 1118 1702 ἐκείνου
1145 1650 1215 1703 τὰ
1258 1654 1511 1721 μέγιστα.
1573 1657 1682 1710 Καὶ
1708 1674 1803 1728 μο-

235 1732 628 1803 σχοποιήσασιν
652 1735 950 1805 ήπειλησεν
981 1737 1211 1806 ἄγγελον
1243 1741 1478 1811 πέμψειν
1528 1742 1621 1797 τὸν
1663 1747 1802 1816 ήγη-

233 1821 491 1890 σάμενον.
533 1823 642 1877 Καὶ
669 1825 1059 1895 δυσφοροῦντος
1082 1829 1345 1894 Μωσέως,
1369 1832 1533 1897 αὐτὸς
1554 1834 1804 1904 ἡγεῖσθαι

232 1913 732 1981 κατεπηγγείλατο.
762 1917 872 1969 Καὶ
906 1917 1076 1986 αὐτὴν
1096 1918 1153 1971 δὲ
1185 1920 1284 1990 τὴν
1337 1924 1662 1992 παρουσίαν,
1703 1926 1804 1997 οὐχ

232 2000 327 2054 ἵνα
385 2002 570 2074 κρίνῃ,
605 2007 920 2076 πεποίηται,
972 2009 1147 2065 καίτοι
1202 2013 1409 2081 κριτὴς
1440 2013 1537 2081 ῶν,
1564 2017 1678 2072 ἀλλ’
1719 2019 1805 2075 ἵνα

1975 1569 2033 1625 [η
2064 1569 2298 1642 Ᾱεεγριυ
2321 1571 2536 1638 deinde,
2565 1573 2738 1638 aiunt,
2765 1586 3083 1642 quanquam
3113 1569 3325 1649 medius
3357 1570 3480 1625 Mo-

1905 1675 1994 1718 ses
2022 1662 2205 1725 fuerit,
2236 1678 2333 1732 per
2361 1677 2485 1717 eum
2520 1664 2635 1732 ipse
2655 1678 2778 1734 qua;
2809 1664 3043 1716 maxima
3094 1669 3255 1716 erant
3279 1675 3480 1729 opera-

1901 1753 2085 1808 batur.
2120 1752 2398 1810 Minitatus
2427 1763 2511 1810 est
2544 1762 2826 1824 praeterea,
2872 1768 2999 1808 cum
3026 1754 3260 1806 vitulum
3293 1753 3481 1807 confc-

1904 1845 2133 1910 cissent,
2164 1847 2415 1918 angelum
2458 1861 2520 1902 se
2570 1847 2890 1909 missurum,
2939 1845 3032 1914 qui
3084 1844 3167 1900 eis
3196 1851 3475 1914 praeesset.

1907 1935 2063 2003 Quod
2098 1952 2223 2001 cum
2250 1952 2393 2006 a-gre
2419 1936 2562 1992 ferre
2586 1935 2785 1992 Mosen
2799 1935 3029 2000 videret,
3054 1935 3249 1990 ducem
3275 1948 3335 1990 se
3361 1925 3489 1990 fore.

1908 2027 2129 2095 adjecit.
2176 2026 2363 2098 Neque
2396 2043 2527 2083 vero
2555 2029 2848 2084 adventum
2873 2042 3059 2093 suum,
3093 2033 3152 2080 ut
3180 2025 3475 2093 iudicaret,

230 2091 337 2186 τὰς
365 2093 635 2186 ἁμαρτίας
664 2097 1055 2186 ὁμολογήσουσι
1085 2102 1105 2139 ⁸
1162 2105 1425 2179 παράσχῃ
1488 2107 1588 2178 τὴν
1613 2100 1806 2178 ἄφεσιν

1908 2091 2069 2184 inde:
2092 2091 2362 2186 alioquin,
2392 2124 2612 2181 exstare
2639 2116 2838 2182 voluit,
2874 2115 2969 2171 sed
3005 2091 3066 2169 ut
3086 2091 3479 2170 conﬁtentibus

229 2179 326 2233 διὰ
376 2182 630 2247 πίστεως.
679 2185 832 2240 Θέλει
885 2187 1113 2259 γὰρκαὶ
1147 2193 1291 2262 ἡμᾶς
1341 2195 1554 2261 ἑαυτοῖς
1584 2197 1807 2267 ἀγαθῶν

229 2269 464 2337 αἰτίους,
493 2273 588 2327 καὶ
619 2274 693 2345 μὴ
720 2276 827 2329 τῶν
856 2279 1111 2340 ἐναντίων
1141 2283 1523 2342 καθίστασθαι.
1566 2289 1806 2360 Τοιγαρ-

225 2360 328 2413 οῦν
356 2360 456 2430 τῆς
478 2363 875 2437 αίμορῤοούσης
928 2367 1027 2439 τὴν
1051 2369 1233 2425 πίστιν
1281 2373 1460 2428 αἰτίαν
1489 2375 1660 2446 ἔφησε
1707 2379 1809 2448 τῆς

228 2451 454 2515 ἰάσεως.
514 2454 678 2508 Ὅσον
733 2457 842 2528 γὰρ
896 2454 1032 2530 ἧκεν
1060 2462 1139 2524 είς
1175 2463 1360 2530 αὑτὸν,
1408 2465 1484 2530 ὡς
1503 2467 1699 2536 πατὴρ
1720 2469 1809 2524 τέ-

226 2559 405 2610 κνοις
431 2545 511 2608 είς
533 2545 756 2613 ἀγαθῶν
790 2549 1073 2620 πρόκειται
1109 2554 1393 2623 χορηγίαν,
1427 2555 1650 2627 διηνεκῆ
1678 2576 1809 2630 προ-

227 2635 426 2688 τείνων
478 2636 571 2689 τὸν
624 2637 820 2704 ἔλεον,
865 2639 1004 2709 πλὴν
1034 2641 1083 2693 εί
1104 2644 1198 2712 μμή
1228 2660 1313 2707 τις
1335 2645 1595 2716 ἀμαρτῶν
1620 2648 1825 2704 διακό·”

223 2724 408 2793 ψειεν.
437 2726 517 2780 Τὰ
554 2726 653 2798 μὲν
679 2724 771 2782 οὖν
798 2730 896 2799 τῆς
928 2730 1098 2784 αὐτοῦ
1124 2732 1540 2803 φιλανθρωπίας
1561 2739 1805 2795 τοιαῦτα.

228 2813 329 2884 Μὴ
354 2814 732 2885 παρασχόντες
757 2817 814 2871 δὲ
831 2817 1104 2887 πρόφασιν
1132 2820 1283 2892 αὐτῷ
1308 2822 1410 2891 τῆς
1454 2824 1665 2878 ἑαυτῶν
1701 2844 1806 2882 σω-

235 2907 462 2975 τηρίας,
521 2909 609 2973 είς
665 2908 935 2976 πόλεμον
991 2910 1392 2967 ἐπεσπάσαντο.
1437 2913 1523 2978 Ὦς
1542 2918 1653 2986 γάρ
1675 2934 1806 2987 φησι

227 2998 328 3049 καὶ
350 2997 513 3050 Δαϐίδ
541 3014 555 3029 ο
584 3016 606 3051 ι
665 2999 901 3064 Ποσάκις
944 3003 1363 3071 παρεπίκραναν
1409 3005 1573 3061 αὐτὸν
1627 3011 1685 3061 ἐν
1738 3012 1804 3081 τῇ

225 3085 459 3155 ἐρήμῳ;
489 3085 844 3158 ωρὼργισαν
869 3091 1034 3143 αὐτὸν
1056 3093 1113 3145 ἐν
1141 3095 1212 3164 γῇ
1235 3093 1470 3164 ἀνύδρῳ.
1510 3114 1530 3147 ι
1558 3096 1798 3166 nam»-

226 3190 417 3242 γισαν
466 3176 523 3228 δὲ
578 3177 754 3230 καὶτὸ
783 3179 1019 3247 πνεῦμα
1063 3182 1346 3248 Χριστοῦ,
1378 3184 1478 3253 τὴν
1510 3186 1796 3241 ἀπείθειαν

1908 2214 2131 2274 peccata
2163 2222 2262 2277 per
2290 2206 2447 2262 fidem
2489 2208 2809 2263 remitteret.
2843 2204 2972 2261 Vult
2996 2207 3144 2262 enim
3179 2206 3345 2261 etiam
3374 2219 3477 2260 nos

1908 2296 2064 2351 nobis
2089 2297 2378 2363 bonorum,
2399 2307 2453 2355 et
2483 2314 2592 2355 non
2619 2311 2832 2364 contra,
2851 2307 3105 2355 auctores
3133 2314 3257 2354 esse
3281 2316 3295 2352 :
3325 2298 3478 2354 iude-

1908 2387 2194 2456 queejus,
2255 2404 2375 2458 quas
2426 2389 2750 2457 proﬂuvium
2815 2388 3100 2457 sanguinis
3146 2387 3475 2456 patiebatur,

1908 2477 2251 2532 sanationem
2299 2480 2365 2532 ad
2396 2478 2556 2533 fidem
2601 2468 2878 2533 retulit“.
2913 2477 3188 2543 Quantum
3221 2478 3366 2559 enim
3420 2479 3493 2533 in.

1908 2566 2029 2635 ipso
2055 2568 2220 2623 situm
2251 2575 2358 2634 est,
2385 2570 2552 2623 veluti
2590 2579 2739 2638 pater
2776 2568 2904 2636 ﬁliis
2956 2569 3023 2622 ad
3060 2571 3326 2622 bonorum
3366 2570 3482 2623 lar-

1906 2657 2167 2728 gitionem
2199 2650 2529 2729 propensus,
2571 2659 2848 2714 assiduam
2885 2659 3315 2714 misericordiam
3350 2677 3480 2732 pro-

1908 2747 2116 2815 tendit;
2176 2749 2285 2804 nisi
2345 2750 2470 2819 quis
2527 2765 2648 2805 eam
2715 2752 2957 2821 peccatis
3025 2751 3239 2806 irritam
3288 2750 3476 2809 faciat.

1907 2835 2061 2892 Talia
2102 2839 2268 2908 igitur
2312 2841 2669 2897 humanitatis
2720 2841 2910 2912 ipsius
2929 2849 2994 2896 et-
3036 2843 3487 2899 mansuetudinis

1908 2926 2068 2995 signa
2097 2930 2447 2985 exstiterunt.
2494 2928 2601 2985 Sed
2640 2946 2763 2986 cum
2824 2947 2939 2987 suae
2987 2934 3183 2988 salut-is
3232 2935 3478 2999 occasio.

1908 3033 2035 3073 nem
2079 3020 2131 3074 ei
2164 3035 2271 3074 non
2303 3023 2629 3091 praeberent,
2681 3024 2751 3077 ad
2801 3023 2992 3078 beltum
3036 3041 3160 3080 eum
3192 3029 3476 3097 compule-

1906 3119 2056 3164 runt.
2079 3109 2146 3163 Ut
2168 3111 2313 3165 enim
2330 3111 2412 3166 vel
2434 3111 2688 3168 Davidem
2716 3114 2771 3167 in
2791 3115 3164 3169 testimonium
3183 3131 3437 3172 vocemus
3462 3133 3476 3171 :

1914 3216 1933 3248 ‹
1967 3197 2192 3262 Quoties
2225 3201 2696 3255 esacerbaverunt
2723 3217 2847 3258 eum
2885 3203 2937 3257 in
2978 3203 3232 3259 deserto?
3260 3204 3333 3259 ad
3366 3205 3478 3258 ira-

225 3269 582 3336 νοσήσαντες.
614 3269 715 3321 Διὸ
747 3271 1005 3340 κατέστη
1045 3275 1356 3344 πολέμιος.
1397 3277 1662 3349 Ἵνα-γὰρ
1728 3281 1802 3351 μὴ

1908 3288 2164 3343 cundiam
2215 3301 2583 3361 provocarunt
2614 3294 2667 3347 in
2700 3301 2841 3348 terra
2894 3303 3117 3350 carcnte
3147 3297 3306 3366 aquis
3339 3296 3406 3351 “.
3450 3316 3485 3350 ιη

226 3358 452 3427 δαίμοσι
472 3359 569 3430 τὴν
596 3361 945 3432 ἐπαγομένην
993 3365 1176 3428 αὐτοῖς
1218 3366 1578 3438 ἐπιγράφοιεν
1620 3369 1801 3443 δίκην,

228 3448 398 3525 adeo;
416 3450 599 3513 αὐτοῖς
641 3451 861 3518 λέγεται
887 3455 1350 3526 πεπολεμηκέναι.
1378 3459 1488 3512 Καὶ
1522 3460 1633 3532 γὰρ
1651 3461 1809 3527 Ἰὼϐ,

226 3540 435 3611 καίπερ
499 3539 657 3607 είδὼς
685 3543 750 3596 ἐκ
781 3543 877 3598 τοῦ
908 3544 1153 3599 διαϐόλου
1183 3548 1429 3616 γίνεσθαι
1461 3552 1560 3616 τὰς
1589 3554 1809 3622 ἐπαγωρ

229 3631 358 3699 γὰς,
429 3631 591 3685 αὑτοῦ
634 3635 734 3704 μὲν
791 3636 854 3689 οὗ
912 3635 1203 3707 μέμνηται,
1240 3638 1316 3708 τῷ
1341 3639 1398 3692 δὲ
1433 3643 1805 3713 συγχωροῦντι

228 3724 527 3790 ἐπιγράφει
586 3723 725 3793 Θεῷ.
752 3727 1139 3795 Πεπολέμηκε
1200 3729 1257 3781 δὲ
1287 3729 1377 3783 τὸν
1400 3729 1531 3785 λαὸν
1562 3735 1643 3797 είς
1685 3736 1809 3790 νοῦν

229 3811 304 3866 τὰ
334 3810 529 3879 πρῶτα
556 3812 762 3878 λαϐὼν,
793 3816 888 3868 καὶ
907 3816 983 3880 ὡς
1009 3817 1071 3869 οὗ
1113 3816 1208 3871 νῦν
1228 3819 1432 3891 πρῶτοι
1460 3822 1691 3878 τοιοῦτοι
1718 3841 1811 3894 γε-

224 3900 478 3967 γόνασιν.
512 3903 740 3967 Αὐτίκα,
771 3906 866 3958 καὶ
885 3905 983 3959 διὰ
1010 3908 1270 3975 Μωσέως
1316 3903 1585 3985 τοσαύτης
1612 3932 1809 3987 πειρα-

230 3989 421 4052 θέντες
464 3989 554 4045 διὰ
608 3991 905 4061 θαυμάτων
962 3997 1303 4068 εὐεργεσίας,
1351 4003 1443 4057 τὸν
1470 4003 1641 4058 αίτιον
1673 4008 1810 4062 ἀπο·

234 4081 567 4151 στραφέντες
594 4085 1056 4158 ἐμοσχοποίησαν,
1088 4090 1163 4160 μὴ
1191 4093 1566 4162 σκοπήσαντες
1589 4097 1665 4161 ὡς
1713 4098 1808 4154 θά-

224 4171 435 4226 λατταν
451 4173 630 4243 τεμὼν
650 4174 940 4248 Ἐρυθρὰν,
959 4180 1038 4245 ὡς
1054 4181 1263 4246 ἵππον,
1280 4186 1474 4251 αὐτοὺς
1496 4188 1585 4241 διὰ
1604 4190 1808 4262 ταύτης

224 4259 514 4328 διήγαγεν,
544 4262 845 4333 ἐπιστήσας
868 4266 1049 4329 αὐτοῖς
1080 4270 1329 4339 Μωσῆν,
1367 4268 1452 4326 οἷα
1487 4259 1808 4345 προϐάτοις

184 4340 508 4430 ’ποιμένα⁹
568 4351 658 4405 διὰ
707 4354 815 4406 τῶν
844 4357 1082 4424 σημείων
1129 4360 1356 4428 ὑψώσας
1383 4364 1569 4421 αὐτόν.
1637 4369 1807 4424 Τοῦτο

226 4441 342 4512 γὰρ
370 4441 435 4493 τὸ
464 4442 804 4513 ἀναγαγεῖν,
836 4445 1001 4515 ἤγουν
1023 4448 1248 4520 ἐμφανῆ
1303 4457 1651 4527 καταστήσας
1680 4458 1807 4515 λαν-

229 4531 468 4584 θάνοντα
519 4533 615 4585 καὶ
679 4534 1074 4605 κρυπτόμενον,
1125 4537 1184 4590 ὃν
1223 4539 1316 4592 καὶ
1372 4547 1660 4618 προφήτην
1698 4552 1804 4603 ἀπ.

234 4618 450 4684 ἔδειξεν
472 4620 566 4674 τοῦ
593 4621 722 4675 ἰδίου
747 4622 1039 4693 πληρώσας
1054 4627 1408 4695 πνεύματος.

1910 3376 2369 3436 Exacerbaverunt
2418 3398 2555 3438 vero
2583 3392 2637 3440 et
2692 3385 2890 3440 Christi
2939 3387 3209 3454 spiritum,
3242 3388 3335 3459 qui
3388 3388 3527 3459 ἰιιιιοΔ

1909 3470 2254 3528 credulitatis
2280 3468 2473 3529 marbo
2511 3476 2842 3533 laborarent.
2888 3476 3010 3544 Quo
3045 3478 3248 3534 factum
3281 3486 3388 3547 est,
3418 3491 3478 3536 ut

1907 3558 2014 3611 sint
2054 3560 2118 3613 ab
2168 3562 2283 3631 ipso
2314 3566 2620 3633 oppugnati.
2658 3566 2742 3621 Ita.
2781 3567 2928 3621 enim
2982 3568 3088 3629 sibi
3143 3567 3475 3637 loquendum

1908 3662 2029 3703 esse
2059 3651 2428 3718 existimavit;
2464 3669 2532 3708 ne
2564 3670 2703 3724 quas
2735 3656 2836 3723 ipsi
2891 3672 3083 3725 poenas
3112 3661 3475 3727 pertulerunt,

1908 3739 2253 3796 damonibus
2300 3746 2684 3800 attribuerent.
2743 3746 3025 3815 Siquidem
3071 3756 3129 3802 et
3176 3746 3280 3801 Job
3341 3750 3476 3818 ipse,

1911 3830 2037 3884 licet
2086 3848 2208 3901 quae
2253 3833 2588 3902 patiebatur,
2632 3836 2735 3892 sibi
2778 3852 2806 3890 a
2843 3836 3068 3892 diabolo
3120 3835 3312 3893 inferri
3366 3853 3493 3894 non.

1913 3919 2214 3990 ignoraret,
2272 3922 2339 3976 de
2367 3938 2434 3976 eo
2467 3932 2646 3978 tamen
2676 3940 2798 3979 esse
2847 3926 2952 3980 sibi
3008 3927 3300 3984 tacendum
3332 3927 3475 3982 arbi-

1912 4020 2113 4075 tratus,
2151 4027 2214 4066 ca
2269 4011 2379 4067 Deo
2439 4013 2566 4082 ipsi,
2609 4015 2704 4084 qui
2756 4016 2871 4070 fieri
2907 4018 3269 4085 permitteret,
3302 4018 3489 4073 ascrio-

1912 4103 1994 4157 bit
2050 4104 2116 4156 ⁸⁸.
2152 4103 2477 4175 Oppugnavit
2521 4121 2652 4160 vero
2706 4106 3004 4176 populum,
3062 4109 3245 4179 priora
3297 4119 3478 4165 mente

1911 4195 2146 4264 agitans,
2171 4211 2294 4250 cum
2321 4197 2456 4252 tales
2482 4198 2551 4251 ab
2583 4197 2683 4252 hoc
2709 4205 2954 4265 temporc
2985 4199 3218 4266 primum
3255 4201 3476 4269 minime

1910 4284 2028 4339 ﬁcri
2076 4287 2310 4354 coepisse
2332 4287 2737 4341 recordaretur.
2766 4286 2844 4342 Ac
2893 4303 2960 4341 ne
2996 4288 3156 4357 longe
3186 4289 3471 4353 abeamus,

1909 4375 2072 4428 etiam
2124 4391 2250 4430 cum
2287 4376 2427 4450 duce
2480 4376 2627 4431 Moss
2682 4393 2932 4448 magnam
2976 4376 3119 4432 adeo
3158 4376 3325 4449 728
3379 4393 3474 4448 per

1908 4464 2160 4520 miranda
2204 4480 2367 4535 opera
2416 4467 2761 4538 largitionem
2815 4471 3029 4540 experti
3069 4479 3295 4538 essent;
3351 4470 3474 4539 ejus

1907 4560 2182 4606 auctorem
2205 4561 2384 4609 tamen
2409 4557 2668 4620 aversati,
2702 4558 2932 4612 vitulum
2966 4557 3067 4613 sibi
3092 4558 3335 4615 conflare
3360 4573 3471 4615 non

1832 4631 1883 4689 Ι)
1908 4639 2231 4696 dubitarunt
2260 4644 2328 4700 ⁸⁸.
2361 4644 2473 4702 Nec
2527 4647 2840 4718 cogitarunt
2891 4663 3000 4718 quo
3030 4658 3189 4718 pacto
3234 4648 3471 4704 divisum

228 4722 385 4760 mare
431 4705 700 4810 Rubrum,
741 4721 993 4810 tamquam
1042 4730 1253 4810 equus,
1279 4719 1628 4790 trajecerint;
1671 4739 1797 4781 cum
1834 4727 1946 4785 illis
1981 4732 2177 4789 ducem
2207 4732 2444 4806 Moysen,
2474 4705 2644 4792 veluti
2676 4705 2947 4807 pastorem
3024 4705 3228 4805 ovibus,
3300 4739 3472 4810 signis

220 4803 671 4858 commendatum
732 4804 1126 4874 praefecissem.
1178 4808 1421 4879 ldipsum
1477 4815 1621 4869 enim
1673 4825 1800 4885 est,
1835 4822 1982 4891 quod
2026 4824 2280 4880 educendi
2299 4803 2476 4882 verba
2524 4803 2846 4899 significare
2915 4827 3139 4883 voluit:
3211 4803 3470 4898 tanquam

216 4908 360 4993 «eum
388 4909 447 4948 se
489 4895 782 4962 illustrem,
831 4899 1025 4993 quiin
1079 4903 1296 4959 occulto
1340 4905 1565 4975 latebat,
1606 4910 1914 4972 reddidisse
1936 4934 1961 4983 ;.
2012 4919 2122 4975 imo
2169 4928 2223 4976 ct
2293 4895 2614 4993 prophetam
2665 4925 2853 4990 etiam,
2932 4938 3056 4977 cum
3120 4920 3325 4989 Spiritu
3374 4937 3477 4980 suo

225 4984 591 5054 implevisset,
619 4988 871 5045 olfecisse
904 4988 1134 5048 diceret.

306 5075 541 5139 Γινέςδὲ
572 5076 822 5147 ποιμένα
839 5080 929 5133 τὸν
968 5080 1165 5161 Ἰωσὴφ
1225 5083 1453 5154 ἔφασαν,
1498 5084 1668 5163 οὗπερ
1691 5095 1799 5149 ἀν-

216 5165 466 5234 αγαγὼν
490 5167 560 5219 τὰ
588 5169 741 5235 ὀστᾶ,
790 5169 930 5238 μετὰ
951 5171 1061 5224 τῶν
1088 5174 1218 5243 πρὶν
1261 5176 1590 5249 ὑποχειρίων
1613 5182 1800 5253 διήγα-

224 5273 348 5322 γεν,
373 5255 586 5321 δεικνὺς
611 5257 686 5321 ὡς
708 5258 830 5310 οὐδὲ
868 5261 1078 5330 νεκρῶν
1100 5263 1208 5315 τῶν
1229 5264 1398 5332 ἁγίων
1447 5269 1796 5327 ἐπιλανθάνε-

222 5364 337 5408 ται,
364 5346 645 5410 ζωοποιεῖν
667 5348 806 5401 αὐτὰ
852 5351 1301 5423 προαιρούμενος.
1338 5358 1523 5413 Ἀλλοι
1544 5362 1633 5415 τὸν
1656 5364 1795 5434 Χρι-

296 5459 473 5544 ⁸¹ξ1εει
516 5462 650 5544 1,3.
714 5463 774 5544 ξ’
814 5463 1001 5544 .‘llatth.
1042 5482 1130 5544 ut.“
1167 5467 1238 5525 20
1275 5487 1427 5544 scqq.
1501 5476 1548 5509 “
1581 5476 1730 5532 Psal.
1777 5494 1980 5543 ωιηιι,
2037 5479 2125 5534 40.
2206 5480 2207 5483 “

224 5531 270 5563 ³⁷
310 5530 452 5592 Gen,
478 5547 539 5598 1.,
563 5531 661 5595 εκ
712 5530 1034 5601 Exod.'xm,
1067 5537 1152 5591 i9.

1972 5095 2093 5152 Non
2143 5095 2340 5152 desunt
2389 5106 2589 5157 tamen,
2621 5096 2714 5164 qui
2766 5094 2997 5165 pastoris
3040 5089 3366 5144 vocabulum
3400 5089 3469 5142 ad

1900 5179 2197 5259 Josephum
2230 5186 2507 5253 referant;
2540 5186 2703 5255 cujus
2745 5201 2869 5241 cum
2900 5199 3026 5240 ossa
3055 5181 3206 5236 educi
3246 5192 3471 5234 curaret

1903 5276 2187 5346 Dominus,
2212 5286 2266 5333 et
2296 5293 2358 5333 ea
2396 5292 2519 5331 cum
2554 5278 2692 5344 illis,
2712 5276 2806 5346 qui
2838 5286 2969 5331 ante
2991 5278 3195 5346 captivi
3219 5280 3461 5339 fuerant,

1903 5363 2120 5419 reduxit
2149 5365 2215 5433 ⁸⁷,
2256 5372 2314 5419 ιιι
2362 5371 2705 5431 sanctorum,
2732 5363 2823 5433 qui
2865 5362 3154 5428 obierunt,
3186 5380 3293 5417 nou
3328 5363 3470 5418 obli-

2246 5479 2292 5512 ⁸³
2331 5478 2432 5534 Job
2468 5495 2509 5541 ι,
2547 5477 2635 5532 2|.
2742 5476 2788 5507 "
2827 5475 2997 5531 Exod.
3025 5492 3212 5544 sunt,
3246 5478 3269 5533 1
3309 5492 3465 5548 seqq.

1529 5632 1611 5688 VA
1624 5634 1760 5689 [£le
1801 5634 2204 5692 LECTIONES.

301 5719 321 5755 ί
357 5718 443 5771 Id.
463 5722 846 5793 ὁμολογήσασι.
