4000 6314
254 280 402 354 2677
871 296 945 372 ε,

1382 289 1914 352 COMMENTARII
1943 291 2022 351 ΙΝ
2061 284 2339 349 ISAIAM.

3376 272 3517 336 52073

254 397 466 468 Πατὴρ
497 395 714 452 πάντων
739 396 1089 467 πνευμάτων,
1126 399 1219 454 καὶ
1244 399 1353 452 τῶν
1379 402 1500 453 κατ’
1527 401 1712 454 εἰκόνα
1741 402 1838 470 τὴν

1956 399 2216 464 :ninister,
2273 405 2425 465 pater
2476 395 2655 446 noster
2703 387 2826 460 fuit,
2853 388 2950 445 sed
2989 393 3067 452 tu,
3099 383 3197 455 qui
3244 383 3310 437 de
3343 382 3518 436 iiiliiiu

255 492 360 563 σὴν
406 489 796 558 πεποιημένων
837 488 1046 558 ψυχῶν.
1091 489 1329 554 Ἐκεῖνος
1385 491 1495 561 γὰρ
1523 493 1573 543 εί
1599 493 1694 544 καὶ
1737 492 1836 560 τὴν

253 581 593 652 ἐπαγγελίαν
620 582 862 652 ετληφεν,
901 579 1017 633 ἀλλ’
1042 582 1193 651 ἡμᾶς
1249 583 1308 635 οὐ
1360 583 1634 636 τεθέαται.
1670 583 1834 636 Ὅθεν

256 675 490 744 ἐλέησον
539 669 838 741 ἡμᾶς,.οὒς
869 670 938 724 τὸ
979 670 1098 724 σὸν
1144 670 1333 740 ὄνομα
1363 675 1579 742 κοσμεῖ.
1603 671 1839 741 Κλῆρος

251 765 367 833 γάρ
388 778 506 816 σου
544 759 880 832 κεκλήμεθα.
901 759 991 830 Τῷ
1022 761 1100 832 σῷ
1121 761 1303 814 τοίνυν
1322 763 1568 832 ὀνόματι
1591 764 1836 834 χάρισαι,

253 855 336 918 ὡς
360 855 424 908 ἂν
451 853 526 925 μὴ
551 852 1122 925 βλασφημῆταιιπαρὰ
1151 855 1262 916 τοῖς
1300 852 1532 909 ἔθνεσιν.
1573 853 1758 907 Ταῦτα
1780 853 1841 917 ἐξ

248 946 460 999 οἰκείου
499 943 812 1017 προσώπου,
859 944 955 998 καὶ
999 945 1109 997 τῶν
1152 943 1560 1014 εὐλαϐεστέρων
1593 943 1763 997 εἰπὼν
1811 945 1840 996 ό

256 1036 570 1107 προφήτης,
602 1036 812 1103 εἰσάγει
857 1036 986 1097 τοὺς
1022 1035 1080 1088 ἐν
1104 1033 1182 1104 τῷ
1215 1033 1329 1104 λαῷ
1381 1034 1683 1103 φιλαιτίους
1740 1035 1842 1087 οὐκ

254 1120 550 1190 ὀκνοῦντας
606 1125 756 1195 αὑτῷ
796 1124 1059 1188 πολλάκις
1107 1125 1566 1196 καταμέμφεσθαι
1615 1125 1693 1195 τῷ
1722 1124 1841 1195 Θεῷ

255 1217 521 1285 λέγοντας
555 1231 570 1246 ο
611 1215 672 1268 Τί
697 1212 1055 1280 ἐπλάνησας
1097 1211 1277 1282 ἡμᾶς.
1336 1213 1537 1279 Κύριε,
1568 1210 1688 1266 ἀπὸ
1729 1211 1843 1280 τῆς

255 1305 408 1359 ὀδοῦ
461 1320 621 1369 σου;
673 1303 748 1367 ώς
798 1302 863 1356 ἂν
906 1302 1068 1355 αὐτὸν
1119 1301 1220 1371 τῆς
1266 1300 1615 1368 ἐκπτώσεως,
1649 1300 1716 1372 ἢν
1755 1301 1843 1355 διὰ

253 1397 498 1468 Χριστὸν
531 1396 855 1464 ὑπέμειναν,
880 1392 1218 1462 αἰτιώμενοι,
1250 1391 1397 1446 κατὰ
1426 1392 1552 1455 τοὺς
1585 1391 1844 1460 λέγοντας

255 1488 371 1542 ἀπὸ
416 1487 510 1541 τοῦ
573 1486 704 1542 λαοῦ
745 1484 949 1548 παντὸς
976 1485 1076 1538 τὸν
1106 1484 1269 1553 λόγον
1325 1482 1604 1555 εἰρῆσθαι·
1675 1484 1843 1554 ἤγουν

255 1581 370 1635 ἀπὸ
429 1578 523 1634 τοῦ
573 1579 876 1650 προφήτου,
923 1572 982 1640 ὅς
1013 1579 1214 1642 πάντα,
1242 1577 1540 1646 (partimur).
1567 1574 1658 1630 τὸν
1710 1575 1844 1628 Θεὸν

254 1672 549 1743 ἀναφέρει,
603 1671 702 1740 οὐχ
767 1667 842 1732 ὡς
882 1670 977 1722 τοῦ
1010 1669 1348 1739 ἁμαρτάνειν
1377 1669 1574 1732 αἴτιον,
1599 1665 1717 1720 ἀλλ’
1767 1666 1844 1730 ὼς

256 1761 647 1834 συγχωροῦντα
681 1778 696 1793 ·
727 1761 796 1814 δι’
820 1752 896 1814 ὧν
913 1761 973 1814 οὐ
1014 1761 1361 1831 παραχρῆμα
1389 1759 1547 1829 δίκην
1579 1759 1844 1830 εἰσπράτ-

252 1871 433 1907 τεται.
495 1852 682 1916 Οὕτως
727 1851 1138 1923 ἁμαρτάνοντες
1197 1850 1518 1919 πεπρᾶσθαι
1573 1850 1846 1920 λεγόμεθα

255 1941 393 2013 παρ’
432 1940 618 2006 αὐτοῦ,
668 1941 744 2004 ὡς
765 1943 889 2004 ταῖς
931 1939 1088 2002 ἰδίαις
1129 1938 1428 2009 ἁμαρτίαις
1485 1937 1846 2008 ἐκδεδομένοι.

252 2032 354 2084 Διὸ
380 2032 474 2086 καὶ
501 2031 592 2084 τοῦ
612 2031 814 2102 Φαραὼ
850 2029 1151 2101 σκληρῢναι
1209 2029 1431 2098 λέγεται
1474 2029 1572 2099 τὴν
1596 2031 1845 2100 καρδίαν,

251 2122 398 2177 διότι
455 2123 848 2194 μακροθυμῶν,
897 2122 998 2175 οὐκ
1039 2122 1146 2176 ἀπὸ
1197 2119 1424 2192 πρώτης
1477 2121 1640 2176 αὑτὸν
1673 2122 1848 2176 ἀνεῖλε

255 2212 505 2284 πληγῆς,
535 2213 610 2276 ὡς
635 2212 701 2266 ἂν
724 2213 984 2275 πολλάκις
1003 2212 1327 2283 παιομένου,
1361 2212 1455 2265 καὶ
1489 2211 1565 2281 μὴ
1590 2212 1850 2283 ἐπιστρέ-

256 2319 478 2371 φοντος,
513 2302 758 2365 ἀναίτιος
796 2301 983 2371 δειχθῇ
1012 2298 1112 2370 τὴν
1147 2301 1387 2370 ἐσχάτην
1426 2295 1649 2368 ἐπάγων
1709 2300 1848 2369 πλη-

255 2398 390 2465 γῆν.
412 2397 483 2450 Σὺ
503 2396 546 2448 δ’
579 2393 694 2461 οὖν,
715 2398 743 2449 ὁ
760 2396 913 2460 Θεὸς,
934 2403 964 2432 ιι
984 2394 1086 2448 διὰ
1111 2393 1254 2460 τοὺς
1275 2393 1540 2458 δούλους
1564 2409 1709 2447 σου·
1751 2393 1848 2446 καὶ

251 2487 373 2558 γὰρ
424 2489 570 2552 εἰκὸς
622 2483 761 2542 εἷναί
822 2504 976 2550 τινας
1039 2488 1097 2540 ἐν
1156 2484 1234 2555 τῷ
1294 2485 1488 2556 πλήθει
1549 2483 1845 2548 τοιούτουςο

251 2581 430 2648 ἧγουν
463 2579 563 2634 διὰ
597 2580 724 2642 τοὺς
791 2576 936 2632 κατὰ
965 2576 1159 2646 γενεὰν
1210 2575 1686 2646 εὐαρεστήσαντάς
1737 2591 1846 2628 σοι’

252 2672 433 2741 ἤγουν
462 2671 652 2742 ἐπειδὴ
683 2669 831 2734 ἅπαξ
902 2669 1221 2740 ἐφθάσαμεν
1247 2666 1470 2735 κλῆρος
1489 2666 1848 2737 ὀνομάζεσθαι

260 2763 384 2827 σὸς,
414 2763 463 2815 εί
513 2763 606 2815 καὶ
657 2761 732 2832 μὴ
761 2763 830 2815 δι’
852 2761 1163 2824 εὐπειθείας
1189 2761 1586 2829 δουλεύομεν.
1627 2760 1747 2811 Ἔτι
1792 2758 1849 2810 δὲ

257 2853 364 2907 καὶ
385 2852 482 2907 διὰ
516 2853 624 2918 τὰς
660 2851 860 2922 φυλὰς
889 2849 1000 2919 τῆς
1026 2853 1432 2920 κληρονομίας
1452 2864 1592 2912 σου,
1618 2849 1756 2918 ὅπερ
1772 2849 1849 2911 είς
1901 2853 1907 2861 ’

257 2943 466 2997 ταύτὸν
487 2943 672 2998 τείνει.
705 2944 912 3010 Ἥγουν
937 2943 1065 3006 τοὺς
1093 2943 1216 2996 κατ’
1257 2935 1400 3004 εἶδος
1420 2938 1850 3010 εὐαρεστοῦντάς

1945 490 2280 561 producens,
2318 501 2426 542 non
2451 486 2612 540 modo
2648 484 2939 553 spirituum
2973 480 3215 534 omnium
3250 475 3411 529 Pater
3436 491 3515 537 es,

1942 587 2036 638 sed
2075 581 2385 634 animarum
2419 577 2609 639 etiam,
2641 591 2761 645 qua:
2791 582 2920 627 sunt
2950 572 3017 625 ad
3048 571 3340 637 imaginem
3368 575 3518 621 tuam

1940 684 2266 745 procreatae.
2297 671 2382 725 llli
2421 669 2571 725 enim
2621 667 2723 721 etsi
2761 663 3058 736 promissio
3108 662 3250 714 facta
3282 665 3387 724 est,
3418 674 3523 713 nos

1940 771 2122 816 tamen
2151 760 2298 816 haud
2325 760 2477 815 vidit.
2519 757 2699 812 Nostri
2730 757 2919 827 igitur,
2955 753 3207 816 obsecro,
3240 750 3524 809 miserere.

1942 866 2081 922 quos
2135 865 2321 904 nomen
2371 859 2520 902 tuum
2577 852 2832 902 exornat.
2898 841 3201 896 [hereditas
3246 838 3391 892 enim
3433 847 3526 890 tua

1943 957 2348 1012 nuncupamur.
2388 940 2444 995 Id
2501 955 2632 1008 ergo
2691 936 2898 992 nomini
2935 943 3025 988 tuo
3061 932 3262 1001 largire
3295 938 3354 985 ut
3383 929 3522 998 apud

1947 1045 2140 1104 gentes
2182 1049 2292 1088 non
2321 1031 2757 1102 blasphenieiur.
2800 1028 2934 1092 Quae
2963 1041 3087 1080 cum
3122 1039 3151 1077 a
3179 1039 3278 1080 sua
3312 1031 3366 1075 et
3397 1021 3528 1075 reli-

1944 1123 2220 1192 giosorum
2253 1135 2488 1190 persona
2537 1126 2863 1187 usurpasset
2899 1116 3062 1186 730
3098 1113 3385 1183 propheta,
3430 1125 3528 1164 eos

1918 1215 2074 1282 ,jam,
2104 1212 2199 1281 qui
2225 1213 2293 1265 de
2330 1211 2534 1281 populo
2562 1207 3018 1264 accusationibus
3049 1205 3354 1276 gaudentes
3384 1199 3528 1268 sirp:

1947 1302 2116 1356 Deum
2149 1316 2381 1370 arguere
2413 1315 2522 1354 non
2553 1298 2897 1360 dubitarent,
2931 1312 2964 1348 a
3001 1295 3225 1347 Domino
3253 1290 3528 1362 postulare
3636 1331 3639 1334 ι

1948 1391 2100 1456 facit,
2132 1407 2294 1460 quare
2318 1406 2372 1444 se
2403 1407 2435 1443 a
2457 1394 2546 1443 via
2575 1388 2689 1457 ejus
2719 1402 2898 1442 errare
2922 1385 3127 1454 fecisset
3139 1425 3151 1446 ,
3178 1391 3238 1436 ut
3269 1381 3336 1434 ad
3373 1381 3526 1433 illum

1947 1483 2273 1539 calamitatis
2325 1482 2471 1552 ejus,
2526 1496 2692 1551 quam
2751 1487 2975 1550 propter
3031 1476 3317 1532 Christum
3381 1473 3528 1541 passi

1947 1583 2115 1639 sunt,
2157 1575 2564 1630 accusationem
2609 1589 2678 1628 ex
2714 1587 2906 1629 eorum
2948 1568 3218 1625 sententia
3265 1565 3525 1629 referant,

1947 1671 2040 1741 qui
2071 1671 2256 1742 populi
2293 1673 2461 1724 totius
2492 1685 2798 1726 sermonem
2837 1683 2960 1723 esse
2993 1667 3217 1732 volunt;
3249 1676 3344 1718 aut
3377 1671 3527 1719 certe

1949 1763 2253 1834 propheta,
2313 1777 2344 1815 ιι
2399 1777 2510 1832 quo
2570 1761 2635 1815 ad
2677 1761 2845 1815 Deum
2881 1761 3088 1823 omnia,
3123 1755 3232 1811 non
3268 1764 3531 1826 tanquam

1947 1856 2213 1925 peccandi
2247 1863 2438 1909 auctor
2466 1855 2558 1919 sit,
2611 1855 2706 1910 sed
2741 1862 3001 1923 tanquam
3036 1866 3266 1923 peccare
3300 1849 3534 1918 permit-

1947 1954 2045 2013 tat,
2081 1946 2273 2002 referri
2308 1946 2482 2012 aiunt,
2516 1946 2718 2016 quibus
2743 1944 2998 2007 ellicitur,
3042 1951 3101 1997 ut
3138 1947 3328 2012 pinnas
3347 1940 3533 1994 statim

1949 2020 2064 2091 noni
2084 2045 2366 2106 exposcat.
2402 2035 2523 2090 Non
2556 2036 2659 2090 alia
2690 2036 2902 2091 ratione
2935 2049 3060 2089 cum
3115 2047 3430 2102 peccamus,
3469 2033 3537 2085 ab

1947 2129 2138 2184 eodem
2174 2129 2474 2184 venundati
2502 2131 2775 2196 dicimur;
2806 2138 3067 2196 tanquam
3104 2125 3348 2196 peccatis
3403 2139 3536 2177 nos-
3635 2177 3638 2180 _

1948 2223 2050 2276 tris
2099 2219 2390 2275 dedamur.
2452 2221 2585 2277 Inde
2642 2230 2698 2277 et
2760 2236 2857 2277 cor
2899 2214 3210 2275 Pharaonis
3251 2218 3540 2270 iniliirasso

1949 2312 2150 2382 legitur
2180 2312 2249 2379 ",
2277 2313 2539 2382 quoniam
2587 2313 2784 2368 leniter
2815 2312 2870 2365 in
2905 2327 3028 2366 eum
3069 2326 3128 2366 se
3177 2324 3394 2378 gerens,
3430 2322 3538 2359 non

1949 2405 2124 2474 prima
2171 2406 2356 2459 statim
2416 2405 2597 2474 ipsum
2650 2405 2808 2475 plaga
2841 2404 3104 2468 sustulit;
3141 2412 3199 2455 ut
3228 2416 3352 2456 cum
3395 2414 3539 2466 saepe

1949 2497 2121 2565 tangi,
2148 2511 2250 2552 nec
2283 2497 2618 2565 resipiscere
2651 2496 3005 2551 manifestum
3036 2504 3205 2556 esset,
3235 2500 3536 2545 extremam

1948 2584 2164 2654 plagam
2196 2601 2304 2640 non
2335 2587 2539 2654 injuria
2589 2595 2874 2641 constaret
2914 2585 3185 2655 inﬂigere.
3222 2582 3539 2637 Convertere

1948 2673 2136 2749 igitur,
2166 2690 2200 2728 o
2229 2673 2390 2741 Dens,
2421 2685 2633 2744 propter
2655 2691 2830 2730 servos
2871 2685 3030 2740 tuos;
3070 2673 3382 2742 cujusmodi
3417 2688 3541 2726 essu
3651 2663 3656 2669 ’

1950 2764 2166 2833 aliquos
2198 2764 2251 2818 in
2293 2765 2396 2818 hac
2429 2764 2735 2835 frequentia
2761 2759 2883 2820 ‘non
2929 2775 3014 2820 est
3072 2766 3487 2820 dissentaneiiin
3524 2781 3536 2817 :

1949 2857 2033 2910 vel
2063 2865 2276 2924 propter
2301 2871 2422 2922 cos,
2449 2859 2542 2929 qui
2591 2857 2894 2912 secundum
2929 2864 3142 2912 aetatem
3188 2857 3282 2909 tibi
3323 2856 3541 2925 placue-

1949 2954 2115 3013 runt;
2147 2946 2231 3001 vel
2260 2948 2427 3001 etiam
2451 2988 2468 3014 ,
2507 2949 2636 3018 quia
2683 2949 2795 3018 jam
2846 2947 2938 3002 diu
2976 2958 3124 3002 certe
3176 2946 3540 3000 lia'redimtein

260 3046 354 3082 σοι
398 3028 773 3097 ἐπίστρεψον
832 3030 1001 3100 ἡμᾶς,
1068 3027 1156 3082 ἴνα
1203 3028 1479 3098 προφάσει
1519 3027 1631 3080 τῶν
1681 3027 1848 3094 ἀξίων

1956 3049 2100 3090 main
2129 3038 2316 3092 vocari
2352 3054 2452 3095 nos
2498 3040 2750 3110 contigit,
2791 3039 3044 3110 quamvis
3094 3039 3541 3107 obtemperantes

255 3118 582 3190 δυνηθῶμεν
607 3118 701 3172 καὶ
721 3121 886 3189 ἡμεῖς
908 3117 1129 3188 μικρᾶς
1187 3118 1408 3189 μερίδος
1451 3120 1636 3188 τυχεῖν
1669 3119 1728 3170 ἐν
1769 3117 1849 3188 τῷ

1959 3131 2095 3185 servi
2123 3147 2232 3185 non
2261 3133 2458 3189 simus.
2492 3134 2571 3188 Ad
2603 3135 2707 3188 hoc
2722 3140 2790 3211 ,ει
2822 3144 3037 3202 propter
3064 3131 3230 3185 tribus
3262 3130 3543 3187 Iiwrcdita-

257 3209 664 3281 ιπηγγελμένῳ
688 3211 791 3263 ὑπὸ
819 3210 914 3263 σοῦ
954 3212 1077 3278 ὄρει
1099 3210 1262 3280 ἁγίῳ.
1297 3209 1453 3263 Φίλον
1475 3210 1532 3263 δὲ
1565 3211 1632 3280 τῇ
1657 3210 1850 3282 Γραφῇ

1959 3226 2028 3279 tis
2078 3229 2219 3291 tute;
2259 3226 2404 3297 quod
2438 3225 2637 3281 eodem
2694 3209 2947 3294 spectare
2978 3223 3280 3294 putandum
3311 3233 3416 3278 est.
3450 3219 3543 3275 Vel

263 3300 410 3368 ὄρος
467 3300 639 3370 ἅγιον
669 3300 768 3372 τὴν
826 3301 1158 3371 Ἐκκλησίαν
1215 3302 1425 3365 καλεῖν,
1465 3295 1532 3372 ἧς
1581 3301 1849 3369 γεγόνασι

1960 3329 2064 3370 nos
2092 3295 2349 3386 denique,
2384 3315 2475 3386 qui
2529 3315 2626 3369 tibi
2657 3314 2842 3384 specie
2872 3322 3032 3368 tenus
3083 3313 3387 3383 placemus,
3427 3311 3546 3379 ipse

253 3391 471 3464 ,βραχύ
499 3411 554 3446 τι
588 3393 754 3466 μέρος
779 3395 827 3447 οί
862 3394 922 3458 ἐξ
988 3393 1224 3465 Ἰσραὴλ,
1273 3394 1360 3447 διὰ
1389 3394 1450 3446 τὸ
1483 3393 1852 3464 κατάλειμμα,

1963 3419 2239 3473 converte;
2267 3416 2325 3462 ιιι
2347 3415 2400 3462 et
2423 3422 2614 3462 eorum
2649 3407 2740 3476 qui
2771 3406 2922 3476 digni
2948 3414 3096 3470 sunt,
3124 3405 3308 3458 habita
3333 3403 3546 3456 ratione

264 3484 366 3537 τοῦ
393 3484 451 3549 ἐξ
477 3485 644 3538 ἐθνῶν
690 3486 919 3556 ἀπείρου
963 3485 1204 3554 πλήθους
1251 3483 1664 3548 πιστεύσαντος.
1686 3485 1850 3548 Εἰκὸς

1963 3494 2214 3563 exiguam
2247 3504 2459 3564 partem
2523 3495 2716 3548 montis
2772 3509 2802 3547 a
2855 3502 2908 3549 te
2965 3493 3226 3563 promissi
3265 3489 3547 3562 possidere

259 3574 330 3628 δὲ
365 3575 564 3639 αὐτοὺς
587 3577 760 3629 αἰτεῖν
809 3577 903 3630 καὶ
945 3579 1000 3629 ἐν
1031 3578 1098 3647 τῇ
1123 3575 1236 3631 ἄνω
1261 3576 1415 3629 πόλει
1461 3574 1634 3648 βραχύ
1673 3593 1727 3629 τι
1759 3575 1852 3645 μέ-

1965 3586 2270 3641 valeamus.
2338 3584 2435 3641 Est
2495 3601 2627 3640 vero
2690 3585 2988 3654 Scripturae
3047 3586 3311 3641 usitatum
3373 3581 3547 3636 sancti

268 3681 370 3736 ρος
401 3667 822 3736 κληρονομεῖν.

1970 3676 2162 3729 montis
2217 3676 2585 3745 appellatione
2625 3675 2932 3729 Ecclesiam
2990 3676 3334 3744 signiﬁcare;
3387 3672 3547 3741 cujus

259 3759 470 3827 exigua
519 3773 667 3826 pars,
699 3766 924 3828 propter
967 3757 1254 3826 reliquias,
1285 3755 1386 3826 ipsi
1432 3755 1655 3811 fuerunt
1684 3757 1996 3816 Israelita:
2064 3780 2188 3819 eum
2220 3766 2484 3836 gentium,
2511 3765 2605 3836 qui
2660 3765 3038 3830 crediderunt,
3096 3764 3344 3820 inﬁnitus
3400 3773 3548 3820 esset

263 3864 564 3904 numerus.
615 3848 712 3906 Est
743 3860 1009 3920 pra-terea
1052 3865 1160 3904 non
1196 3848 1522 3914 absurdum,
1559 3864 1675 3916 eos,
1707 3859 1766 3904 ut
1842 3852 1900 3907 in
1972 3870 2212 3927 superna
2265 3858 2491 3914 civitate
2547 3857 2872 3929 particulam
2923 3860 3160 3930 aliquam
3214 3858 3544 3928 possideant,

267 3944 582 4015 postulare.

343 4036 504 4100 Τινὲς
534 4035 592 4088 δέ
623 4051 808 4103 φασιν,
845 4036 958 4089 τῶν
996 4036 1338 4105 Ἀσσυρίων
1383 4036 1482 4107 τήν
1547 4037 1650 4108 γῆν
1677 4037 1862 4094 αὐτῶν

269 4129 609 4201 ἐσχηκότων,
642 4129 1070 4182 ἀντοικισάντων
1091 4146 1151 4180 τε
1182 4129 1312 4192 τοὺς
1345 4131 1687 4196 Γοθοαίους
1719 4139 1770 4194 ν,
1809 4132 1859 4185 οἳ

270 4222 372 4278 καὶ
401 4223 741 4292 Σαμαρεῖται
762 4220 839 4292 τῷ
864 4222 1015 4292 τόπῳ
1048 4222 1583 4294 παρωνομάσθησαν,
1619 4225 1860 4296 περιλει-

271 4313 477 4384 φθῆναι
508 4313 600 4366 δύο
619 4313 790 4383 ἣμισυ
825 4312 988 4383 μόνον
1016 4312 1241 4382 φυλὰς,
1277 4314 1334 4368 αῖ
1357 4315 1562 4384 ,βραχύ
1594 4333 1652 4368 τι
1676 4317 1863 4384 μέρος

272 4404 552 4473 κατεῖχον.
605 4401 663 4456 Ὀ
685 4402 975 4473 προφήτης
1005 4411 1031 4438 κ
1070 4405 1212 4456 αἰτεῖ
1262 4405 1398 4474 ὅπερ
1431 4405 1575 4473 ἐχειν
1619 4405 1862 4472 ἐδόκουν,

272 4493 463 4556 αὐτοῖς
495 4491 836 4561 φυλαχθῆναι
865 4493 999 4562 πρὸς
1032 4495 1255 4564 μνήμην
1279 4494 1380 4565 τῆς
1433 4494 1504 4559 ἐξ
1559 4494 1752 4564 ἀρχῆς
1781 4498 1863 4561 είς

271 4585 340 4638 τὸ
365 4585 523 4653 γένος
547 4583 727 4636 αὐτῶν
752 4584 1064 4654 εὐμενείας,
1116 4581 1298 4658 ἧσπερ
1350 4586 1633 4658 ἀρθείσης,
1659 4587 1735 4649 ὼς
1788 4588 1863 4660 μὴ

272 4676 408 4738 λαὸς
459 4675 697 4746 ἐσόμεθα
745 4675 857 4741 σὸς,
884 4675 1020 4746 μηδὲ
1063 4678 1222 4747 μερίς
1276 4694 1370 4730 σου
1398 4678 1862 4749 χρηματίσαντες,

273 4767 450 4839 ἤγουν
482 4766 563 4831 ὡς
590 4767 659 4819 τὸ
691 4765 792 4820 ἀπ’
850 4765 1070 4836 ἀρχῆς,
1123 4769 1213 4820 ὅτε
1240 4765 1338 4838 τὴν
1372 4768 1430 4821 ἐν
1455 4767 1721 4839 Αἰγύπτῳ
1746 4769 1864 4823 δια-

273 4857 472 4930 τριϐὴν
516 4857 868 4929 ἐποιούμεθα,
933 4860 993 4912 οὐ
1043 4861 1350 4932 προφήτας,
1387 4860 1488 4930 οὐχ
1542 4861 1745 4931 ἱερέας,
1805 4864 1864 4915 οὐ

278 4950 522 5021 βασιλεῖς
544 4954 861 5023 ἐσχηκότες,
905 4955 1026 5008 οὐδὲ
1085 4955 1194 5010 τῶν
1235 4957 1342 5009 σῶν
1396 4959 1755 5027 χαρισμάτων
1771 4958 1866 5011 οὒ-

276 5042 390 5106 δὲν,
421 5043 554 5113 πρὶν
623 5045 753 5114 ἡμῖν
780 5048 1153 5118 ἀποσταλῆναι
1185 5048 1276 5101 τὸν
1324 5050 1548 5104 Μωσέα.
1576 5051 1710 5104 Τότε
1758 5052 1867 5122 γὰρ

279 5134 386 5187 οὐκ
417 5133 721 5204 ἐλεγόμεθα
749 5136 853 5190 σοί.
885 5139 996 5192 Καὶ
1025 5138 1120 5194 νῦν
1142 5140 1200 5193 δὲ
1232 5141 1314 5204 είς
1370 5141 1434 5194 τὸ
1491 5142 1625 5195 αὐτὸ
1677 5143 1865 5214 περιέ-

283 5243 492 5298 στημεν
521 5227 696 5294 τέλος,
723 5230 825 5282 ὑπὸ
866 5231 1033 5298 πόδας
1054 5233 1312 5296 πεσόντες
1340 5233 1468 5296 τοὺς
1505 5233 1866 5298 διαϐολικοὴ,

281 5319 379 5374 καὶ
408 5324 703 5392 κοσμικαῖς
764 5323 1079 5389 ἐκδοθέντες
1125 5323 1462 5394 ἐπιθυμίαις.
1522 5325 1738 5390 Ταύτας
1761 5326 1870 5398 γὰρ

343 5495 403 5528 ’³
438 5494 612 5551 Exod.
647 5513 720 5563 iv,
749 5497 840 5552 2|.

2041 4041 2227 4099 Placet
2254 4058 2473 4114 quoque
2498 4045 2804 4110 nonnullis,
2837 4061 2960 4099 cum
2996 4061 3183 4100 eorum
3218 4055 3416 4102 terram
3443 4050 3548 4104 As-

1966 4136 2101 4206 syrii
2137 4145 2526 4206 occupassent,
2559 4137 2936 4208 Chai/imisque
2977 4137 3091 4208 (qui
3125 4140 3289 4193 etiam
3338 4140 3406 4195 de
3442 4141 3546 4195 loci

1967 4228 2190 4284 nomine
2236 4228 2569 4285 Sainaritani
2629 4230 2931 4300 nuncupati
2998 4230 3148 4300 sunt)
3197 4232 3546 4286 habitandam

1967 4317 2287 4387 dedissent;
2323 4321 2465 4377 duas
2499 4329 2718 4376 tantum
2765 4321 2934 4376 tribus
2966 4331 3020 4376 et
3068 4322 3350 4376 dimidiam
3383 4324 3548 4378 relic-

1967 4417 2052 4465 tas
2088 4411 2282 4480 fuisse,
2319 4428 2442 4483 quae
2474 4413 2742 4467 modicam
2785 4414 2907 4484 ejus
2950 4423 3155 4483 par-tem
3191 4425 3546 4485 occuparent.

1970 4503 2218 4560 Postulat
2249 4505 2422 4576 igitur
2445 4507 2733 4577 propheta,
2771 4515 2829 4562 ut
2876 4522 3042 4578 quam
3088 4508 3187 4578 ipsi
3227 4507 3428 4564 habere
3469 4510 3552 4562 vi-

1969 4595 2189 4660 dentur,
2222 4611 2286 4651 ea
2319 4597 2478 4666 ipsis,
2522 4598 2577 4651 in
2610 4597 2731 4665 ejus
2780 4598 3176 4654 benevolentia!
3210 4599 3553 4654 recordatio-

1971 4703 2119 4754 nem,
2155 4704 2269 4758 qua.
2300 4689 2366 4742 ab
2399 4690 2552 4742 initio
2583 4689 2735 4760 73]
2771 4706 2946 4760 genus
2989 4706 3181 4745 eorum
3224 4699 3553 4762 prosecutus

1971 4789 2076 4847 est,
2108 4788 2389 4848 servetur;
2421 4796 2564 4849 quat,
2607 4781 2653 4834 si
2696 4781 2942 4848 tollatur,
2984 4791 3244 4853 tanquam
3293 4800 3404 4839 non
3455 4781 3552 4838 Dei

1974 4872 2234 4940 populus,
2269 4887 2370 4926 nec
2399 4887 2526 4942 pars
2564 4871 2708 4941 ejus,
2770 4872 2940 4928 futuri
2985 4889 3202 4930 sumus.
3262 4875 3371 4929 Aut
3403 4884 3554 4929 certe

1973 4959 2113 5014 velut
2154 4961 2218 5013 ab
2266 4959 2454 5026 initio,
2487 4975 2610 5015 cum
2658 4961 2712 5015 in
2763 4960 3006 5034 Egyplo
3038 4978 3405 5027 moraremur,
3441 4978 3550 5019 non

1975 5051 2290 5120 prophetas,
2329 5067 2440 5105 non
2470 5053 2818 5120 sacerdotes,
2860 5070 2968 5109 non
3023 5069 3183 5123 reges
3221 5054 3487 5109 habentes
3533 5071 3546 5108 :

1972 5142 2084 5196 inio
2147 5155 2248 5197 nec
2307 5141 2377 5196 de
2429 5141 2540 5195 tuis
2610 5142 2775 5197 donis
2829 5152 2884 5198 et
2943 5143 3266 5198 muneribus
3302 5143 3548 5211 aliquod,

1973 5235 2296 5304 priusquam
2347 5235 2413 5289 ad
2468 5249 2569 5289 nos
2627 5234 2868 5306 Moysem
2911 5237 3181 5292 mitteres.
3223 5235 3360 5288 'l‘iiiii
3398 5237 3549 5290 enim

1973 5322 2054 5378 tui
2092 5338 2202 5378 non
2232 5322 2574 5380 dicebamur.
2612 5323 2676 5378 Et
2711 5339 2855 5379 nunc
2879 5325 3045 5381 etiam
3078 5324 3144 5379 in
3168 5324 3310 5380 idem
3333 5322 3551 5379 tandem

1598 5588 1832 5643 VAlllAS
1875 5590 2282 5652 LECTIONES.

357 5691 385 5719 ιι
412 5682 470 5735 λ.
507 5682 852 5756 ἐπίστρεῴον.
909 5693 932 5716 τ
961 5702 1048 5754 γρ.
1081 5683 1399 5749 Χουθαίους.
1481 5697 1506 5727 ι
1541 5688 1696 5740 υίείπ.
1727 5683 1838 5741 οὖν.
