4000 6314
111 357 136 382 ,
201 290 350 372 esst
436 264 437 267 γ

1351 295 1890 376 COMMENTARH
1934 294 2019 371 IN‘
2056 294 2347 374 ISAI‘AM.

3346 296 3494 378 265s
3521 344 3528 351 -

198 418 365 487 δόξαν
411 419 637 491 Κυρίου.
674 420 798 485 Τοῖς
845 423 904 477 δὲ
951 423 1326 492 ὑπομένουσί
1361 440 1457 486 σε,
1508 409 1791 477 τοῦτῖστι

1898 434 2052 475 cnam
2085 420 2344 475 omnibus
2395 420 2621 490 gloriam
2672 410 2948 493 apparuit,
2990 423 3225 481 obscure
3269 423 3486 479 innuit:

199 513 319 574 τοῖς
371 510 685 573 ἐλπίζουσιν
740 512 835 566 ἐπὶ
882 514 972 577 σὲ,
1018 512 1392 584 ἐπιδαψιλεύει
1448 515 1540 568 τὸν
1596 515 1796 568 ἔλεον.

127 632 137 642 -
206 603 445 672 Ἐψεται
479 605 586 672 γὰρ
613 606 829 668 πάντως
863 605 987 670 τοῖς
1027 605 1137 673 τῆς
1185 606 1580 674 δικαιοσύνης
1627 604 1798 676 ἐργά-

201 694 588 760 ταις.”Οδοὺς
612 695 721 768 γὰρ
753 699 976 764 Κυρίου
1018 697 1166 766 λέγει
1210 698 1308 761 τὰς
1343 697 1580 761 ἐντολὰς,
1608 698 1798 768 ὥσπερ

200 781 304 842 οὖν
354 788 383 840 6
434 787 632 840 Δαϐίδ·
676 788 763 841 Ἐν
791 776 860 859 τῇ
893 774 996 859 ὁδῷ
1030 790 1124 843 σου
1157 789 1416 860 ζήσομαι,
1452 790 1548 843 καὶ
1590 789 1751 843 πάλιν
1779 805 1794 821 ο

213 878 371 932 Ὀδὸν
415 878 645 932 ἐντολῶν
691 888 784 933 σου
828 881 1097 952 ἔδραμον,
1127 882 1205 935 ὅτ’
1230 881 1296 936 ἂν
1348 882 1655 945 ὲπλάτυνας
1698 880 1796 950 τὴν

200 972 440 1041 καρδίαν
494 989 616 1041 μου.
635 972 832 1026 ’ἰστέον
880 974 939 1026 δὲ
986 974 1061 1038 ὡς
1109 974 1204 1040 τὸ,
1250 976 1375 1029 Οὐκ
1416 975 1794 1043 ἠκούσαμεν,

200 1063 352 1117 οὐδὲ
393 1064 451 1117 οἱ
498 1063 789 1132 ὀφθαλμοὶ
834 1062 1007 1132 ἡμῶν
1038 1061 1222 1129 εἶδον,
1258 1066 1473 1135 εἴρηται
1504 1065 1604 1134 μὲν
1630 1067 1709 1126 εἰς
1736 1064 1798 1117 τδ

199 1151 305 1218 τῆς
349 1150 502 1214 Οεξας
533 1151 816 1221 δυνάμεως
848 1154 1256 1225 ἀπαράόλητον.
1275 1154 1343 1208 Ὀ
1358 1154 1417 1207 δὲ
1448 1152 1659 1217 Παῦλος
1693 1172 1798 1225 μη-

199 1244 293 1294 δὲν
326 1240 507 1312 τούτῳ
546 1244 962 1313 λυμαινόμενος,
1009 1246 1090 1306 εἷς
1137 1245 1206 1299 τὰ
1250 1245 1659 1312 ὲπαγγελθέντα
1685 1246 1799 1309 τοῖς

202 1336 465 1402 ἀγαπῶσι
499 1338 587 1391 τδν
616 1339 748 1391 Θεὸν
778 1340 1059 1411 ἐξείληφεν
1096 1338 1296 1407 ἀγαθὰ,
1327 1339 1365 1394 ἃ
1386 1339 1663 1409 ὀφθαλμὸς
1695 1341 1796 1393 οὐκ

200 1424 368 1486 εἶδεν,
402 1428 495 1478 καὶ
538 1423 630 1489 οὖς
675 1428 775 1479 οὐκ
821 1428 1075 1498 ἤκουσεν.
1111 1412 1275 1481 Οὐδέν
1309 1426 1419 1498 γὰρ
1448 1426 1687 1479 τοιοῦτον
1714 1427 1793 1503 ,οὐ

200 1514 419 1576 Θεατδν,
447 1510 571 1567 οῦ-ἔε
618 1516 725 1585 μὴν
772 1518 1055 1571 ἁκουστὸν.
1093 1517 1202 1568 Kal
1231 1515 1466 1585 ἀλλαχοῦ
1501 1515 1558 1569 δέ
1589 1531 1753 1584 φησιν
1779 1531 1794 1547 ·

211 1603 270 1654 Ἀ
282 1604 434 1671 ρθεές
456 1605 562 1661 ἓως
592 1605 777 1675 τρίτου
803 1605 1036 1674 οὐρανοῦ
1069 1607 1276 1677 ἥκουσα
1301 1604 1518 1677 ᾶῤῥητα
1548 1592 1797 1675 ῥήματᾶ,

196 1692 236 1746 ἃ
271 1696 375 1746 οὐκ
402 1695 527 1758 ἐξὸν
549 1691 823 1766 ἀνθρώπῳ
859 1696 1111 1764 λαλῆσαι·
1144 1696 1244 1766 οὐχ
1284 1697 1359 1758 ὡς
1403 1696 1681 1759 ἐνταλοεὶς
1717 1697 1792 1768 μὴ

1900 528 2024 566 cum
2057 512 2358 583 Scriptura:
2388 504 2705 569 testimonio
2735 516 2993 586 populum
3026 531 3242 571 omnem
3272 514 3486 571 Domini

1899 603 2128 672 gloriam
2176 603 2434 657 intuitum
2484 618 2611 658 esse
2655 603 3104 662 didicerimus".
3152 605 3310 671 Quod
3361 620 3491 659 vero

1897 693 2324 763 exspectantibus
2357 704 2407 749 te
2430 695 2732 759 addidit,ad
2756 705 3041 764 sperantes
3072 697 3123 749 iu
3149 696 3319 750 Deum
3342 706 3492 750 retu-

1899 783 1961 836 lit
1987 802 2000 847 ;
2028 785 2230 854 quibus
2261 795 2345 840 est
2380 785 2599 839 abunde
2632 786 3062 839 misericordia»:
3106 800 3263 839 suam
3304 785 3491 854 largiri

1899 876 2117 930 solitus.
2157 876 2435 945 Sequetur
2470 879 2615 931 enim
2641 894 2728 932 eos
2760 878 2951 947 procul
2986 877 3175 939 dubio,
3209 878 3301 945 qui
3326 866 3492 945 justi-

1902 967 2030 1021 tiam
2064 970 2289 1039 (arium.
2323 967 2509 1039 Neque
2541 984 2673 1023 sane
2712 970 2918 1023 viarum
2951 968 3049 1021 I)ei
3085 969 3306 1021 nciuiue
3339 968 3490 1033 quid-

1898 1075 2064 1130 quam
2093 1061 2261 1125 aliud,
2293 1077 2457 1130 quam
2490 1063 2609 1130 ejus
2665 1069 2934 1131 praecepta
2990 1061 3280 1129 intelligit:
3326 1060 3491 1128 quale

1898 1158 1984 1205 est
2017 1151 2161 1220 apud
2200 1150 2481 1217 Davidem,
2509 1154 2602 1206 ubi
2646 1167 2705 1208 sc
2731 1153 2785 1206 in
2830 1154 2913 1206 via
2945 1155 3064 1220 ejus
3098 1153 3364 1207 victurn-n
3402 1153 3487 1205 di-

1897 1241 2071 1295 cit”:
2105 1241 2193 1294 uhi
2228 1242 2354 1296 item
2385 1245 2440 1313 iu
2473 1243 2557 1295 via
2594 1244 2973 1296 mandatorum
3009 1244 3130 1309 ejus
3163 1258 3228 1295 cu
3270 1244 3480 1296 urrisse

1898 1344 2130 1395 se,eum
2149 1344 2294 1388 esset
2313 1335 2380 1388 ab
2404 1336 2594 1389 eodem
2627 1351 2721 1390 cor
2744 1335 2864 1403 eju‘s
2887 1335 3195 1389 dilatatam.
3231 1333 3326 1387 Est
3349 1350 3479 1388 vero

1901 1423 2327 1493 haudquaquam
2353 1425 2737 1493 ignorantium,
2788 1426 2932 1495 quod
2979 1441 3039 1480 se
3060 1442 3152 1479 nec
3196 1425 3485 1486 audivisse,

1898 1530 1992 1567 nec
2030 1516 2197 1569 oculis
2231 1516 2344 1569 suis
2388 1516 2844 1586 vidisse,:.djccit,
2875 1526 2942 1571 co"
2982 1516 3087 1571 line
3129 1516 3375 1581 dixisse,
3429 1524 3489 1570 ut

1900 1603 1993 1659 Dei
2031 1605 2179 1659 vires
2195 1618 2318 1659 cum
2348 1607 2515 1660 nullis
2546 1622 2706 1675 posse
2733 1608 3042 1676 comparari
3060 1606 3507 1679 demonstrarets

1897 1694 2053 1761 Quod
2083 1695 2284 1752 Paulus
2318 1696 2522 1761 tuineu,
2559 1702 2715 1755 nulla
2744 1701 2846 1755 loci
2878 1702 3202 1767 violatione,
3225 1689 3289 1755 ad
3316 1704 3484 1759 bona.

200 1786 406 1849 εἰπεῖν,
432 1785 548 1839 ἀλλ’
581 1785 658 1849 ὡς
692 1786 768 1857 μὴ
799 1788 1008 1858 φρᾶσαι
1037 1785 1213 1840 ταῦτα
1250 1786 1385 1858 πρὸς
1429 1786 1584 1850 ἀξίαν
1632 1787 1793 1841 δυνά-

1898 1801 2018 1855 qua:
2054 1786 2222 1842 Deum
2259 1788 2618 1857 diligentibus
2658 1792 3078 1861 promittuntur,
3105 1808 3226 1863 quae
3249 1806 3489 1846 uecocu-

202 1892 392 1945 μενος.

1900 1877 1986 1931 lus
2021 1877 2181 1943 vidit,-
2237 1894 2339 1935 nec
2379 1882 2529 1935 auris
2581 1882 2806 1949 audivit,
2858 1885 3121 1939 retulit’:
3175 1897 3300 1938 cum
3350 1868 3491 1936 nihil

197 1967 475 2036 ejusmodi
512 1969 565 2022 in
615 1968 902 2021 oculorum
931 1968 1014 2022 vel
1055 1967 1273 2022 auriuni
1333 1967 1531 2023 sensus
1586 1966 1786 2022 cadere
1827 1966 2315 2036 animadverteret.-
2352 1970 2414 2026 Et
2441 1987 2572 2027 vero
2604 1974 2759 2038 alibi,
2826 1986 2950 2029 cum
2993 1984 3141 2031 esset
3213 1973 3374 2044 733
3416 1968 3493 2026 ad

199 2063 430 2114 tertium
472 2076 647 2131 usque
671 2061 872 2117 crelum
924 2070 1171 2123 evectus,
1204 2074 1269 2115 ea
1316 2074 1377 2116 se
1441 2074 1643 2115 arcana
1709 2057 1876 2113 verba
1910 2059 2190 2115 audivisse
2213 2054 2415 2117 a'sserit
2459 2050 2503 2129 ί,
2536 2079 2658 2133 quae
2697 2064 2852 2120 eﬂ‘ari
2889 2066 3097 2120 homini
3146 2084 3256 2120 non
3303 2068 3487 2121 liceat;

196 2144 327 2209 Eon
370 2153 516 2222 quod
559 2161 741 2207 tacere
784 2153 838 2205 iu
887 2150 1162 2208 mandatis
1204 2151 1583 2217 haberet,sed
1638 2150 1784 2221 quod
1822 2149 2018 2207 eﬂerre
2045 2166 2146 2222 pro
2177 2152 2448 2224 dignitate
2473 2170 2582 2209 non
2610 2165 2814 2226 posset.

287 2232 449 2301 Ἷδοὺ
479 2248 561 2302 σὺ
589 2249 918 2317 ὠργίσθης,
954 2248 1052 2301 καὶ
1099 2247 1272 2317 ἡμεῖς
1313 2247 1689 2316 ἡμάρτομεν
1723 2247 1800 2310 ὡς

200 2330 252 2394 si
282 2324 618 2412 σαφέστερον
646 2330 856 2408 ἔλεγεν,
892 2339 1112 2410 Ἐπειδὴ
1139 2341 1298 2410 ἡμεῖς
1327 2337 1690 2408 ἡμάρτομεν,

198 2433 525 2502 ὠργίσθης.
558 2434 667 2487 Καὶ
697 2434 871 2494 ἄλλως
902 2432 979 2493 δὲ,
1001 2432 1138 2487 Θεοῦ
1170 2433 1318 2501 ἡμᾶς
1352 2431 1798 2501 ἀποστραφέντος

197 2526 279 2581 δι’
300 2526 611 2597 ἁμαρτίας,
637 2527 823 2595 μεῖζον
853 2527 910 2579 ὲν
932 2527 1064 2596 ἡμῖν
1094 2525 1152 2577 τὸ
1188 2526 1359 2576 κακὸν
1389 2523 1661 2592 ἐμφύεται
1683 2539 1699 2552 ·
1722 2522 1799 2584 ὡς

198 2617 562 2697 παιδαγωγοῦ
608 2630 752 2680 τινας
789 2617 1184 2687 ἀπειλήσαντος
1232 2615 1333 2685 μὲν
1372 2615 1655 2680 πολλάκις,
1697 2614 1788 2666 καὶ

196 2710 502 2781 τύψαντος,
539 2709 693 2772 τέλος
734 2709 791 2763 δὲ
824 2710 1144 2783 παριδόντος
1175 2709 1295 2764 νέον
1329 2707 1569 2778 συνεχῶς
1608 2708 1791 2778 ἁμαρ-

201 2802 463 2855 τάνοντα.
483 2798 670 2863 Μείζω
692 2800 798 2871 γὰρ
818 2793 974 2863 οὗτος
996 2799 1103 2853 τῶν
1130 2799 1314 2853 κακῶν
1332 2799 1445 2865 ἔξει
1464 2797 1561 2869 τὴν
1584 2798 1786 2852 ἄδειαν.

198 2877 266 2945 Εἰ
308 2891 417 2962 γὰρ
460 2889 597 2944 Θεοῦ
631 2891 1019 2961 συνεργοῦντος
1052 2892 1219 2961 ἐσμεν
1248 2888 1480 2958 ἀγαθοί·
1505 2888 1688 2959 δῆλον,
1715 2887 1791 2951 ὡς

199 2982 665 3052 ἀποστραφέντος,
684 2982 946 3052 μειζόνως
972 2983 1151 3035 κακοί.
1176 2981 1307 3044 Θεὸς
1330 2981 1437 3051 γὰρ
1464 2981 1611 3033 ἐστιν
1637 2981 1664 3032 6
1683 2978 1792 3030 τῶν

197 3072 483 3142 δυνάμεων
508 3071 731 3142 Κύριος.
756 3073 994 3145 Καὶγὰρ
1027 3073 1130 3144 ἔφη
1158 3060 1391 3144 Χριστός
1411 3089 1427 3105 ·
1455 3066 1637 3141 Χωρὶς
1657 3070 1791 3141 ἐμοῦ

1976 2246 2244 2319 Sequitur
2266 2256 2437 2307 vero:
2470 2249 2608 2307 Ecce
2636 2263 2692 2307 tu
2717 2255 2889 2309 iratus
2928 2262 3006 2322 es,-
3042 2254 3090 2309 et
3136 2274 3229 2309 uos
3249 2257 3489 2324 peccavi-
3526 2259 3529 2261 ’

1898 2349 2056 2393 mus:
2095 2349 2356 2408 tanquam
2391 2358 2457 2396 eo
2490 2343 2634 2412 ipso,
2670 2344 2815 2414 quod
2847 2349 3202 2415 peccaverint,
3235 2349 3396 2401 irasci
3428 2361 3490 2401 se

1898 2431 2142 2501 apertius
2186 2432 2483 2501 signiticet.
2537 2434 2692 2489 Alias
2734 2436 2897 2490 etiam
2948 2439 2993 2491 si
3036 2453 3064 2490 a
3103 2439 3264 2493 nobis
3316 2439 3481 2505 Deus,

1894 2528 2111 2593 propter
2145 2523 2477 2593 iniquitates,
2514 2536 2826 2594 avertatur;
2882 2529 3059 2599 majus
3090 2531 3143 2584 in
3175 2532 3332 2585 nobis
3369 2548 3486 2586 ma-

1896 2614 2007 2667 lum
2046 2615 2380 2671 innasciturz‘
2411 2632 2534 2672 cum
2559 2633 2701 2689 saepe
2719 2620 3134 2690 quidem,veluti
3159 2624 3485 2693 paedagogus

1896 2705 2117 2775 aliquis,
2140 2707 2337 2760 minari
2363 2709 2572 2763 soleat:
2597 2725 2739 2780 saepe
2767 2710 2933 2765 etiam
2968 2712 3167 2768 ferire:
3207 2723 3486 2783 postremo

1899 2806 2081 2853 autem
2117 2814 2399 2868 spernere,
2433 2800 2478 2855 si
2504 2817 2643 2855 nova
2678 2803 2959 2872 prioribus
2994 2820 3213 2874 semper
3247 2806 3489 2874 adjicere

1898 2898 2219 2957 peccantem
2250 2890 2456 2948 videat.
2492 2889 2760 2946 Futurum
2800 2904 2884 2957 est
2913 2894 3085 2962 enim,
3128 2902 3189 2948 ut
3222 2896 3315 2966 qui
3359 2896 3487 2951 talis

1897 2983 1992 3044 sit,
2027 2981 2295 3035 malorum
2347 2991 2497 3037 metu
2545 2985 2729 3039 minus
2782 2983 3069 3040 afﬁciatur.
3110 2986 3168 3040 Si
3200 2988 3346 3040 enim
3376 2987 3488 3042 Deo

1899 3071 2198 3125 accedente
2252 3071 2380 3125 boni
2435 3072 2750 3141 reddimur;
2807 3075 3000 3129 eodem
3045 3074 3212 3131 etiam
3254 3091 3285 3130 a
3326 3077 3489 3132 nobis

196 3168 261 3247 οὐ
298 3164 524 3220 δύνασθε
560 3168 741 3219 ποιεῖν
762 3165 935 3218 οὐδέν.
974 3166 1087 3218 Καὶ
1132 3166 1262 3237 περὶ
1289 3163 1397 3218 τῶν
1431 3165 1601 3247 ἁγίων
1631 3163 1793 3241 φησιν

1899 3163 2194 3217 recedente
2246 3163 2541 3232 nequiores
2587 3164 2746 3236 longe
2793 3166 2909 3221 ﬁeri
2953 3167 3308 3223 manifestum
3355 3176 3484 3224 est:

197 3246 228 3311 δ
258 3255 425 3310 Δαϐίδ
447 3271 464 3287 ·
500 3256 654 3309 «Ὅτι
683 3255 746 3308 τδ
776 3254 1041 3325 καύχημα
1069 3253 1178 3308 τῶν
1202 3254 1487 3324 δυνάμεων
1521 3250 1700 3307 αὐτῶν
1741 3248 1793 3307 εἷ

198 3349 291 3403 σύ.
327 3368 344 3400 s
375 3348 487 3402 Καὶ
516 3336 749 3417 ἀλλαχοῦ
778 3346 836 3400 δέ
871 3364 1069 3417 φησιν·
1104 3366 1122 3398 ι
1150 3347 1265 3401 Οὐκ
1294 3347 1385 3400 ἐπὶ
1414 3346 1491 3416 τῷ
1520 3344 1660 3415 τόξῳ
1686 3362 1788 3416 μου

193 3440 394 3506 ὲλπιῶι
434 3440 527 3492 καὶ
550 3442 583 3510 ἠ
617 3435 863 3509 ῥομφαία
893 3455 993 3508 μου
1021 3438 1082 3490 οὐ
1114 3437 1277 3490 σώσει
1309 3437 1661 3507 μεοἜσωσας
1681 3436 1790 3507 γὰρ

196 3533 351 3601 ἡμᾶς
401 3533 466 3584 ὲκ
515 3529 623 3583 {xliv
673 3514 964 3583 θλιϐόντων
1009 3529 1177 3599 ἡμᾶς.
1212 3544 1232 3579 ι
1270 3530 1345 3582 Οὐ
1387 3528 1497 3598 γὰρ
1542 3528 1628 3596 ἐφ’
1658 3528 1789 3597 ἡμῖν

193 3623 493 3687 τοσοῦτον,
528 3624 654 3676 ὅσον
699 3624 757 3675 ἐν
800 3621 940 3691 Θεῷ,
982 3621 1084 3691 τῆς
1132 3620 1409 3691 σωτηρίας
1456 3620 1490 3686 ἡ
1538 3618 1787 3689 δύναμις.

208 3702 379 3769 διὶλλὰ
406 3714 500 3766 καὶ
536 3700 984 3781 ἐπλανήθημεν.
1014 3711 1169 3781 φησὶ,
1196 3709 1295 3764 καὶ
1322 3709 1690 3779 ἐγενήθημεν
1710 3708 1790 3773 ὡς

195 3806 547 3875 ἀκάθαρτοι.
580 3808 642 3869 Et
671 3807 727 3860 δὲ
761 3806 856 3859 καὶ
880 3805 1022 3871 δόξει
1052 3821 1136 3868 τις
1174 3804 1232 3857 ὲν
1262 3803 1392 3874 ἡμῖν
1420 3801 1622 3856 δικαία
1644 3802 1790 3873 πρᾶ-

195 3903 280 3966 ξις
315 3899 688 3970 εὑρίσκεσθαι,
723 3896 1116 3967 ἑρῤυπωμένη
1177 3896 1272 3950 καὶ
1304 3893 1445 3965 αὕτη
1472 3895 1567 3948 καὶ
1596 3894 1791 3964 ἄτιμος

195 3993 570 4061 εξελέγχεται.
601 3990 711 4044 Καὶ
737 3990 855 4052 πῶς
884 3990 993 4060 γὰρ
1024 3989 1090 4043 ἂν
1137 3988 1223 4058 εἴη
1269 3987 1624 4054 δικαιοσύνη
1651 3975 1792 4058 παρ⁶

194 4082 388 4143 αὐτοῖς
418 4083 499 4143 εἰς
523 4079 757 4149 Χριστὸν
782 4078 1080 4149 ἠσεϐηκόσι
1101 4117 1116 4141 ,
1157 4077 1256 4149 τὴν
1282 4077 1451 4140 ὅντως
1472 4077 1784 4132 δικαιοσύ-
1820 4100 1825 4105 ι

1892 3264 2018 3306 cum
2052 3252 2224 3307 Deum
2250 3267 2374 3308 esse
2397 3254 2668 3309 virtutum
2704 3255 2995 3311 Dominum
3026 3273 3187 3312 nemo
3222 3257 3483 3325 ambigat:

1891 3357 2017 3396 cum
2070 3339 2350 3399 Christtim
2400 3345 2568 3400 etiam
2645 3346 2858 3416 absque
2928 3364 2989 3404 se
3055 3348 3192 3402 nihil
3238 3351 3486 3419 pnestari
3554 3388 3560 3391 -

1882 3447 2076 3503 posse,
2104 3432 2645 3517 aliirmasse‘certuin
2671 3438 2745 3492 sit
2772 3437 2815 3492 ³.
2851 3436 3056 3494 Scribit
3085 3455 3251 3510 porro
3269 3439 3337 3495 de
3363 3455 3490 3496 san-

1891 3527 1996 3581 ctis
2018 3535 2071 3582 et
2098 3524 2265 3583 David
2284 3528 2432 3602 hunc
2449 3529 2502 3582 in
2523 3530 2744 3584 modum
2767 3548 2781 3583 :
2805 3529 3078 3597 Quoniam
3105 3532 3358 3602 gloriatio
3378 3532 3492 3586 vir-

1892 3620 2068 3671 tutum
2098 3617 2215 3688 ipse
2246 3633 2306 3672 es
2325 3598 2371 3672 δ’.
2407 3636 2428 3669 s
2472 3617 2539 3671 Et
2572 3620 2702 3673 alibi
2733 3638 2746 3673 :
2784 3619 2932 3675 «Non
2968 3623 3021 3674 in
3046 3598 3173 3676 arcu
3214 3637 3335 3676 meo
3364 3637 3490 3691 spe-

1892 3711 2060 3777 rabo;
2097 3724 2275 3780 neque
2312 3709 2527 3781 gladius
2568 3726 2726 3766 meus
2776 3699 3030 3765 ‘sal‘vabit
3091 3726 3197 3765 me.
3251 3711 3486 3766 Salvast]

1891 3803 2037 3857 enim
2066 3816 2169 3857 nos
2203 3817 2233 3855 a
2262 3801 2718 3857 tribulationibus
2750 3802 2792 3855 '.
2831 3821 2850 3854 s
2910 3800 3099 3871 Neque
3146 3803 3293 3856 enim
3333 3812 3488 3856 tanta

1891 3903 1976 3950 est
2019 3894 2073 3947 in
2119 3894 2282 3948 uobis
2336 3893 2513 3947 virtus
2555 3894 2623 3946 ad
2674 3893 2935 3959 salutem,
3002 3903 3208 3963 quanta
3257 3895 3312 3947 in
3351 3892 3485 3949 Deo.

1893 3984 2203 4052 Quinetiam
2234 3986 2552 4051 erravimus,
2602 3985 2789 4050 addit,
2825 3999 2873 4039 et
2926 3987 3060 4055 facti
3103 4002 3289 4040 sumus
3332 3987 3491 4054 quasi

1892 4074 2171 4129 immundi.
2221 4073 2336 4127 Imo
2367 4086 2536 4141 vero,
2565 4074 2610 4128 si
2648 4075 2910 4128 nonnulla
2964 4074 3017 4128 in
3061 4074 3221 4130 nobis
3265 4074 3490 4144 apparet

194 4188 350 4239 rnr;
369 4156 715 4238 Ἃκάθαρτοι
743 4171 947 4232 τοίνυν,
978 4168 1085 4223 κᾶν
1113 4168 1322 4223 δοκοῖεν
1351 4185 1497 4232 τινες
1527 4166 1789 4232 ἐπιεικεῖς

1898 4152 2040 4230 iusta
2070 4164 2249 4227 actio;
2282 4165 2598 4232 reperietur
2624 4164 2901 4217 immunda
2929 4171 2983 4218 et
3017 4164 3160 4233 ipsa,
3201 4166 3490 4235 gloriaque

197 4263 260 4317 ὲν
295 4261 501 4322 αὐτοῖς.
542 4260 661 4313 Κᾶν
688 4258 797 4329 γὰρ
831 4261 1201 4329 παρατηροῖεν
1242 4258 1341 4322 τὰς
1386 4257 1626 4322 ἐντολὰς,
1655 4258 1793 4313 ἀλλὰ

90 4358 99 4366 ’
196 4353 445 4408 διάθεσιν
468 4352 569 4404 οὐκ
603 4349 789 4421 ἔχουσι
832 4349 967 4419 πρὸς
995 4349 1148 4402 Θεόν.
1182 4347 1354 4402 Τοῦτο
1376 4349 1433 4402 δὲ
1465 4349 1559 4402 καὶ
1588 4349 1793 4417 ἔκρουν

1894 4254 2179 4311 destituta.
2215 4254 2398 4324 Ecqua
2412 4255 2557 4309 enim
2591 4254 2738 4324 apud
2764 4269 2860 4311 eos
2891 4270 3015 4310 esse
3027 4255 3250 4326 justitia
3275 4258 3480 4322 valeat,

1895 4347 2066 4417 quiin
2094 4345 2764 4417 Christum,'quijustitia
2803 4361 2931 4401 vere
2977 4362 3058 4412 es,
3089 4347 3255 4416 impie
3296 4348 3489 4402 saevit-.4

196 4459 309 4498 σιν
336 4439 502 4509 ἡμῖν,
526 4440 607 4506 ὡς
650 4440 913 4509 φύλλοις
940 4438 1009 4492 ἐκ
1031 4436 1282 4506 δένδρου
1334 4438 1657 4507 πεποίηκεν,
1694 4438 1793 4508 τῆς

1898 4439 2233 4494 runt?Sunt
2283 4440 2453 4511 igitur
2491 4439 2773 4505 immundi,
2818 4441 3176 4509 quantumvis
3224 4439 3370 4494 inter
3392 4455 3487 4495 eos

197 4503 417 4589 ἑαυτῖῦν
466 4503 622 4602 ῥίζης
651 4503 1080 4583 *ἐκπεπτωκόσμ
1113 4503 1223 4583 καὶ
1269 4531 1298 4583 6
1334 4528 1434 4599 μὲν
1468 4503 1792 4593 Ἀ’πόστολος

1898 4545 2019 4587 esse
2052 4532 2354 4587 clementes
2389 4531 2641 4587 nonnulli
2678 4513 2993 4587 videantur.
3026 4530 3139 4586 Etsi
3166 4533 3314 4585 enim
3335 4546 3489 4585 mana

195 4625 296 4682 τοῦ
325 4624 512 4688 ἔθνους
544 4622 889 4694 κατηγορῶν,
916 4622 991 4686 ὡς
1024 4621 1253 4685 κλάδους
1300 4623 1407 4675 ἀπὸ
1446 4622 1663 4692 δένδρου
1694 4629 1791 4675 κε·-

196 4714 442 4773 κλᾶσθαί
495 4729 681 4784 φησιν.
716 4698 777 4766 Ὅ
827 4711 886 4766 δὲ
938 4713 1037 4771 τὴν
1087 4713 1426 4784 κατηγορίαν
1480 4704 1790 4779 ἐπιτείνων,

194 4812 466 4881 φύλλοις
484 4798 792 4877 παρέϐαλεν
813 4807 872 4872 ἐξ
902 4807 1104 4877 ἀνέμου
1124 4808 1377 4877 ριςρεῖσιν.
1402 4806 1795 4877 Εὑπαρακόμι-

199 4909 331 4956 ότον
360 4901 472 4970 γὰρ
505 4900 776 4969 ἐσχήκασι
813 4896 913 4969 τὴν
942 4896 1170 4966 καρδίαν
1189 4936 1203 4962 ,
1238 4899 1336 4951 καὶ
1364 4891 1476 4950 οἷον
1502 4898 1665 4951 παντὶ
1695 4914 1794 4950 πε-

200 4992 581 5065 ριφερομένην
632 4989 929 5060 πνεύματι.
961 4988 1074 5042 Καὶ
1129 4989 1247 5051 πῶς
1294 4988 1404 5059 γὰρ
1439 4982 1509 5059 ἦν
1539 4989 1688 5060 ἡμᾶς
1731 4983 1791 5043 εὖ

198 5083 413 5156 πρᾶξαι
443 5083 542 5153 τὴν
565 5081 966 5150 ἀποστροφὴν
994 5082 1095 5153 τὴν
1118 5079 1271 5152 παρὰ
1295 5080 1415 5143 σοῦ,
1441 5082 1627 5151 φησὶν,
1656 5082 1792 5134 ὐπο-

202 5177 535 5250 μείναντιςς
570 5173 707 5227 Οὐδὲ
737 5174 847 5244 γὰρ
876 5173 1078 5245 εὑρέθη
1111 5190 1198 5235 τις
1224 5174 1283 5226 ὲν
1307 5174 1440 5243 ἡμῖν
1465 5173 1495 5224 6
1535 5172 1792 5244 δυσωπῆ-

198 5287 296 5324 σαι
324 5266 624 5337 δυνάμενός
653 5282 712 5318 σε
742 5265 1103 5333 δικαιοσύνῃ
1137 5266 1232 5319 καὶ
1261 5266 1614 5334 προσευχαῖς.

1896 4624 2023 4678 data
2052 4623 2379 4687 observent,
2424 4614 2685 4680 instituto
2704 4631 2887 4680 tamen
2927 4633 2983 4679 et
3028 4624 3312 4679 voluntate
3358 4628 3490 4679 sunt

1898 4729 1927 4767 a
1958 4712 2069 4768 Deo
2093 4713 2281 4768 alieni.
2327 4715 2508 4784 Atque
2528 4715 2661 4769 illud
2707 4714 2930 4784 quidem
2973 4725 3078 4781 est,
3124 4715 3269 4785 quod
3312 4714 3487 4784 deﬂud

1897 4806 2038 4859 cium
2073 4805 2287 4875 peperit
2315 4804 2488 4870 nobis,
2526 4807 2686 4864 veluti
2708 4807 2855 4876 foliis
2896 4807 2960 4861 ab
2996 4807 3206 4874 arbore,
3238 4823 3361 4861 cum
3395 4809 3488 4861 illa

1900 4913 1933 4953 a
1971 4899 2158 4955 radice
2207 4913 2305 4953 sua
2345 4897 2633 4954 decidunt.
2688 4898 2834 4965 Quin
2879 4910 2934 4955 et
2983 4901 3286 4971 Apostolus
3349 4902 3486 4965 ipse,

1901 5004 2025 5045 cum
2057 4998 2272 5059 gentem
2297 5000 2608 5057 accusaret,
2632 4999 2892 5064 tanquam
2931 5009 3146 5049 ramum
3179 4994 3249 5048 ab
3266 4994 3488 5061 arbore,

1909 5082 2154 5137 avulsam
2187 5097 2309 5137 esse
2340 5082 2719 5151 pronuntiavit
2745 5085 2787 5138 ⁸.
2812 5084 2912 5139 llic
2940 5095 3146 5150 autem,
3178 5092 3489 5140 utaccusae

1905 5173 2111 5228 tionem
2149 5181 2398 5244 augeret,
2424 5173 2570 5243 [aliis
2608 5176 2990 5244 comparavit;
3034 5193 3158 5247 qua:
3199 5180 3488 5231 ventorum

1905 5264 2113 5335 impetu
2163 5267 2474 5334 rapiuntur.
2513 5264 2652 5319 Sunt
2677 5264 2822 5320 enim
2858 5267 3027 5321 corde
3056 5267 3158 5322 levi
3187 5275 3241 5323 et
3276 5265 3488 5332 mobili;

195 5361 297 5434 qui
330 5360 481 5414 nullo
514 5374 626 5414 non
663 5357 828 5412 veluti
869 5365 1033 5413 vento
1049 5356 1522 5426 circumaguntur.
1547 5355 1667 5422 Quo
1704 5365 1867 5427 pacto
1891 5358 2036 5412 enim
2071 5356 2301 5412 feliciter
2332 5371 2495 5428 agere
2520 5357 2822 5421 valeamus,
2892 5358 3089 5426 inquit,
3158 5361 3252 5427 qui
3325 5373 3484 5410 avere

197 5458 407 5511 sionem
450 5467 480 5506 a
516 5461 570 5508 te
615 5451 891 5523 patimur?
943 5448 1063 5507 Non
1103 5450 1267 5525 734.
1311 5451 1457 5507 enim
1499 5452 1791 5523 quisquam
1831 5454 1977 5510 inter
2007 5467 2108 5508 nos
2140 5460 2391 5523 repertus
2418 5462 2526 5522 est,
2549 5454 2643 5523 qui
2666 5462 2853 5522 posset
2893 5462 2946 5507 te
2974 5454 3230 5522 precibus
3282 5459 3338 5506 ct
3361 5452 3488 5520 jus-

201 5551 333 5606 titia
352 5548 591 5604 ﬂectere.

283 5666 331 5699 ”
358 5666 672 5738 Ειράηιικο
710 5667 733 5719 Ι
770 5682 921 5738 εεηει.
969 5667 1182 5738 ’Ἶρειιι
1207 5639 1398 5730 cxvui,
1445 5667 1527 5723 ii.
1593 5667 1607 5699 ¹
1642 5667 1658 5720 l
1689 5669 1812 5723 Cor.
1837 5683 1897 5729 ιι,
1930 5669 1983 5722 9.
2045 5669 2062 5699 ‘
2093 5665 2276 5722 llCor.
2312 5682 2406 5734 xu,
2444 5666 2496 5720 4.
2549 5666 2568 5695 ³
2596 5662 2755 5718 Joau.
2788 5678 2840 5728 ν,
2874 5662 2962 5717 l9.
2998 5659 3017 5692 ⁸
3042 5659 3183 5715 Psal.
3210 5672 3473 5726 Lxsxnu,

214 5738 303 5791 18.
332 5796 345 5805 ,
386 5736 569 5793 ’Psal.
596 5751 752 5805 xuii,
774 5736 898 5803 7,8.
925 5739 973 5813 ,⁸
1004 5737 1162 5793 Rom.
1191 5753 1262 5803 xi,
1298 5738 1382 5793 l7.
