4000 6314
508 244 649 320 Ε683

1801 247 2146 319 PROCOPII
2169 243 2416 317 GAZAEI

3628 229 3784 306 268i

579 368 712 434 Quae
729 375 912 423 tamen
933 381 1058 422 cum
1104 365 1179 422 ita
1207 364 1338 426 sint.
1375 375 1428 420 et
1473 375 1677 436 patrem
1720 373 1770 422 te
1813 375 2103 428 nostrum,

2247 363 2394 435 Ιῆὴν
2437 361 2578 416 ἀλλὰ
2626 359 2720 415 καὶ
2762 359 2933 424 οὕτως
2975 359 3208 430 Πατέρα
3262 353 3634 430 γινῶσκομεν,
3669 356 3780 412 καὶ

507 467 557 512 rt
583 459 821 522 ﬁctorem
843 457 1228 528 agnoscimus;
1267 458 1624 528 quantumvis
1667 457 1829 512 fracti
1856 466 1905 514 et
1943 471 2081 512 con-

511 547 650 611 triti,
678 547 926 601 fictilium
976 561 1238 602 vasorum
1295 561 1469 602 more.
1501 545 1624 612 Qun
1671 546 1750 614 lit,
1811 559 1873 602 ut
1923 555 2089 601 tanta:

509 637 880 693 imbecillitati
931 639 1146 696 veniam
1216 639 1408 709 largiri
1449 647 1504 694 te
1547 653 1860 710 poscamus.
1912 637 2088 705 Quem

511 728 661 782 enim
688 730 952 799 operibus
990 730 1210 800 placare
1247 745 1358 785 non
1385 734 1640 800 possunt,
1669 739 1724 783 ut
1749 727 2090 784 conditorem

513 817 688 874 lenire
717 819 1083 886 contendunt,
1106 821 1314 875 servari
1358 835 1455 876 eos
1484 820 1850 890 postulantes,
1879 819 1973 890 qui
2021 819 2093 874 ab

511 906 634 976 ipso
661 909 839 977 primo
867 910 971 963 hoc
992 909 1171 978 ipsum
1206 908 1354 978 quod
1379 918 1533 974 sunt,
1560 917 1916 979 acceperunt.
1941 908 2090 962 Tan-

509 1012 679 1067 quam
712 1007 893 1053 autem
920 1015 1042 1070 qua:
1077 1001 1150 1054 ita
1179 1001 1344 1072 «ligna
1371 1003 1503 1064 sint,
1535 1001 1940 1071 perpetrariut;
1969 1015 2090 1056 ser-

515 1081 1018 1140 monisiibertatem
1043 1085 1147 1141 sibi
1176 1102 1286 1140 non
1315 1097 1560 1150 sumunt.
1589 1089 1730 1144 bene
1771 1102 1958 1144 secum
2001 1087 2090 1157 agi

515 1173 920 1241 existimantes,
956 1175 1006 1231 si
1045 1176 1127 1230 ira
1155 1191 1265 1231 non
1291 1185 1574 1247 augeatur.
1608 1177 1808 1233 Notum
1834 1188 1921 1234 est
1943 1181 2090 1236 enim

519 1263 656 1318 iram
693 1276 840 1319 tuam
871 1281 982 1322 non
1001 1282 1193 1338 parum
1213 1269 1466 1324 utilitatis
1492 1268 1716 1338 afferre,
1749 1270 1845 1326 sed
1867 1271 1988 1341 ejus
2011 1272 2092 1326 in-

519 1354 827 1410 tensionem
869 1367 1074 1424 tamen,
1122 1370 1344 1430 propter
1386 1360 1580 1415 virium
1637 1361 2086 1430 imbecillitatem,

447 1472 452 1477 -
523 1445 670 1500 ferre
703 1462 812 1501 non
841 1462 1158 1517 possumus.
1216 1449 1407 1520 itaque
1439 1460 1495 1506 et
1549 1451 1715 1507 David
1769 1453 1884 1522 ipse
1931 1455 2088 1524 argui

522 1537 746 1605 quidem
779 1553 840 1594 se
870 1540 1137 1608 postulat,
1165 1539 1262 1595 sed
1295 1555 1404 1595 non
1439 1543 1494 1594 in
1526 1541 1751 1597 furore:
1779 1551 1834 1599 et
1860 1545 2084 1614 corripi,

522 1625 617 1681 sed
659 1643 768 1682 non
812 1627 867 1682 in
919 1630 1000 1684 ira
1025 1631 1071 1686 τ.
1125 1629 1386 1701 Sequitur
1440 1647 1606 1689 vero:
1643 1631 1729 1688 Ne
1775 1635 1831 1688 in
1859 1643 2089 1704 tempore

2189 451 2474 520 πλάστην
2490 451 2796 520 ἡμέτερον,
2821 451 2871 503 εί
2903 450 2999 504 καὶ
3016 451 3225 504 σκευῶν
3241 449 3588 520 όστρακίνων
3612 445 3783 516 δίκην

2191 541 2508 616 ῥηγνύμεθα
2535 541 2966 612 συντριϐόμεναι.
2990 541 3081 594 Διὸ
3127 540 3274 594 δίδου
3322 536 3659 608 συγγνώμην
3707 540 3778 608 τῇ

2187 616 2414 705 τοιαύτῃ
2463 630 2774 701 σαθρότητι.
2797 631 2896 684 Ὃν
2948 629 3058 700 γὰρ
3105 628 3166 695 ἐξ
3213 629 3390 702 ἔργων
3434 628 3538 682 οὑκ
3589 626 3784 697 ἔχουσι

2188 722 2480 794 δυσωπεῖν,
2507 721 2583 786 ὡς
2625 721 2954 792 δημιουργὸν
3002 718 3405 790 εὕμενίζονται,
3444 717 3643 782 σώζειν
3691 716 3786 768 αἱὁ

2188 812 2428 878 τοῧντες,
2457 811 2552 876 οὒς
2575 812 2676 882 τὴν
2706 810 2879 883 ἀρχὴν
2911 812 2990 874 είς
3021 809 3084 862 τδ
3129 805 3268 864 εἶναι
3316 810 3670 879 παρήγαγεν.
3689 805 3786 867 ’σς

2189 906 2246 960 δὲ
2274 907 2372 976 τῆς
2398 905 2570 977 ὀργῆς
2599 904 2728 968 ἄξια
2762 901 3070 972 πράξαντες
3088 941 3104 965 ,
3133 900 3424 971 ἐλευθέραν
3452 899 3556 952 οὐκ
3589 898 3786 968 ἔχουσι

2190 997 2542 1070 παῤῥησίαν,
2562 993 2842 1066 ἀγαπητὸν
2871 993 3149 1066 κρίνοντες
3185 991 3247 1044 τὸ
3291 989 3368 1062 μὴ
3403 989 3617 1059 ταύτην
3651 991 3789 1040 ἐπιδ

2189 1087 2440 1158 ταθῆναι.
2465 1089 2585 1140 ’Ότι
2619 1087 2719 1156 μὲν
2747 1086 2856 1155 γάρ
2888 1101 2982 1137 σου
3031 1083 3150 1137 λίαν
3191 1081 3482 1152 ὲπωφελὴς
3525 1082 3562 1150 ή
3613 1078 3788 1150 ὁρτὴ,

2189 1171 2375 1249 δῆλον·
2427 1177 2570 1248 πλὴν
2615 1177 2684 1230 δι’
2721 1175 3008 1230 ἀσθένειαν
3054 1176 3118 1228 οὐ
3168 1173 3404 1245 φέρομεν
3451 1172 3626 1242 αὐτῆς
3677 1171 3788 1238 τὴν

2189 1271 2460 1325 ἐπίτασιν.
2490 1269 2581 1322 Διδ
2623 1270 2720 1322 καὶ
2767 1268 2930 1322 Δαϐὶδ
2977 1269 3120 1322 αἰτεῖ
3142 1266 3242 1338 μὲν
3268 1263 3619 1334 ἐλεγχθῆναι,
3646 1260 3791 1314 ἀλλ’

2189 1362 2248 1414 ού
2277 1358 2456 1430 θυμῷ,
2505 1361 2600 1413 καὶ
2627 1359 2984 1428 παιδευθῆναι
3002 1399 3017 1424 ,
3045 1357 3160 1412 ἀλλ’
3189 1356 3289 1410 οὐκ
3320 1355 3484 1426 ὀργῇ..
3508 1355 3652 1424 Φησὶ
3681 1353 3747 1404 δέ
3771 1369 3789 1382 ο

2189 1452 2289 1520 Μὴ
2331 1453 2402 1506 ὲν
2441 1449 2626 1520 καιρῷ
2665 1448 2948 1520 μνησθῇς
2967 1445 3270 1519 ἁμαρτιῶν
3293 1444 3485 1516 ἡμῶν.
3512 1442 3700 1497 Τοῦτο
3729 1441 3791 1494 δέ

2189 1561 2356 1615 φησιν
2378 1543 2407 1595 ό
2431 1543 2737 1612 προφήτης.
2769 1537 2927 1603 εἰδὼς
2953 1539 3154 1600 αὐτοὺς
3196 1539 3264 1608 τῇ
3307 1535 3404 1588 τοῦ
3439 1534 3613 1604 ἤθους
3654 1534 3794 1586 trst-

2196 1635 2456 1706 μένοντας
2487 1631 2744 1702 πονηρίᾳ,
2775 1628 2860 1699 ἐφ’
2891 1622 2968 1684 ὧν
3014 1631 3095 1692 είς
3137 1627 3296 1699 δίκην
3340 1626 3436 1680 καὶ
3477 1624 3549 1678 τὰ
3579 1623 3799 1694 προλεμ

523 1717 824 1774 nteniineris
849 1719 1194 1789 iniquitatum
1221 1731 1560 1778 nostrarum:
1599 1739 1721 1792 quae
1751 1731 1882 1780 sunt
1906 1739 1938 1778 a
1966 1739 2092 1794 pro-

2205 1724 2360 1778 δόντα
2393 1723 2708 1790 συνάγεται.
2735 1721 2800 1774 El
2853 1720 2912 1774 δὲ
2957 1719 3056 1774 καὶ
3097 1717 3372 1790 πατρικῆς
3411 1715 3656 1779 ἀδικίας
3685 1715 3790 1780 γέ-

526 1809 692 1878 pheta
727 1811 850 1866 ideo
880 1823 1168 1882 usurpata,
1198 1815 1344 1884 quod
1389 1829 1485 1871 eos
1514 1830 1728 1871 morum
1773 1816 2094 1888 pravitatem

525 1902 762 1958 retinere
791 1919 902 1959 non
933 1903 1249 1974 ignoraret:
1284 1905 1487 1976 quibus
1504 1893 1901 1986 cﬂ‘ectumilest,
1933 1915 1994 1961 ut
2039 1907 2097 1964 in

528 1993 793 2046 ultionem
836 2000 893 2048 et
921 1995 1012 2049 illa
1063 1995 1256 2062 etiam,
1305 2011 1429 2066 quae
1467 2007 1891 2067 praecesserunt,
1937 1998 2100 2052 colli-

526 2091 744 2150 gantur.
790 2082 950 2148 Quod
1019 2085 1067 2140 si
1104 2097 1461 2156 paternarum
1533 2089 1696 2142 etiam
1757 2089 2100 2158 iniquitatum

529 2171 777 2226 lneredes
801 2171 1027 2238 fuerint,
1041 2181 1097 2228 et
1138 2174 1354 2230 illorum
1371 2185 1587 2246 quoque
1603 2191 1795 2246 pcenas
1814 2178 1866 2232 in
1887 2179 2101 2249 seipsos

529 2261 819 2316 attracturi
849 2271 998 2318 sunt.
1030 2264 1217 2334 itaque
1237 2272 1292 2320 et
1306 2265 1520 2336 psalmo
1548 2267 1851 2323 centesimo
1903 2277 2100 2326 octavo

527 2367 655 2406 cum
699 2351 766 2408 de
799 2351 936 2410 luda
970 2355 1313 2425 loqueretur,
1363 2357 1418 2412 in
1476 2359 1801 2414 memoriam
1850 2363 2100 2417 revocari

532 2453 814 2512 peccatum
833 2445 1028 2503 matris
1043 2447 1161 2517 ejus
1179 2449 1482 2520 exoptavit.
1508 2447 1700 2521 Neque
1714 2466 1844 2507 vero
1856 2461 1941 2508 est
1955 2453 2102 2522 quod

533 2535 778 2602 mireris,
813 2536 860 2592 si
907 2549 1016 2593 non
1062 2539 1248 2594 omnia
1282 2555 1406 2610 quae
1447 2541 1517 2596 ab
1562 2541 1684 2612 ipso
1714 2543 2103 2601 maledictionis

532 2626 709 2683 forma
760 2625 907 2686 dicta
951 2639 1102 2700 sunt,
1144 2633 1447 2703 contigisse
1510 2635 1783 2706 reperias.
1847 2635 2105 2694 Pratdicit

531 2715 676 2775 enim
709 2719 874 2790 Deus,
900 2721 1179 2790 timorem,
1210 2737 1320 2778 non
1343 2739 1558 2794 pmnas,
1580 2724 1826 2798 inﬂigere
1853 2728 2104 2798 cupiens.

531 2811 688 2867 Alias
707 2814 874 2868 etiam
892 2827 958 2868 ea
983 2823 1383 2886 recenset,qua3
1410 2823 1540 2872 sunt
1571 2817 1842 2888 iniquitati
1863 2818 2106 2884 debita,a
2133 2830 2152 2841 ‘

533 2915 767 2970 quorum
799 2902 984 2974 aliquo
1016 2915 1143 2959 cum
1178 2903 1442 2972 abstinet,
1469 2915 1555 2962 est
1590 2905 1644 2960 id
1668 2907 1788 2976 ejus
1803 2907 2108 2964 clementia:

2196 1831 2373 1870 νοιντο
2399 1812 2750 1886 κληρονόμοι,
2781 1811 2874 1864 καὶ
2922 1809 3021 1874 τὰς
3067 1807 3296 1862 ἐκείνων
3323 1807 3407 1876 ἐφ’
3431 1805 3666 1868 ἑαυτοὺς
3697 1804 3791 1857 ξλ-

2198 1924 2354 1961 κουσι
2400 1905 2576 1968 δίκας.
2605 1901 2910 1974 Τοιγαροῦν
2948 1904 3007 1958 ὲν
3051 1899 3330 1972 ἑκατοστῷ
3361 1898 3534 1968 ὀγδόῳ
3577 1895 3796 1966 ψαλμῷ

2197 1997 2288 2050 διὰ
2313 1996 2404 2051 τὸν
2433 1995 2636 2049 Ἰούδαν
2661 1995 2856 2063 λέγων,
2874 1992 3297 2064 ’Δναμνησθείη,
3325 1990 3513 2060 φησὶν,
3535 1990 3573 2058 ἠ
3607 1988 3796 2057 ἀμαρο

2198 2089 2292 2142 tria
2321 2087 2424 2158 τῆς
2454 2087 2662 2158 μητρὸς
2688 2085 2878 2141 αὐτοῦ.
2908 2086 2974 2138 Ei.
2999 2083 3059 2138 δὲ
3103 2083 3179 2155 μὴ
3215 2082 3397 2136 πάντα
3425 2081 3654 2148 γέγονεν
3689 2077 3794 2130 ἐπ’

2199 2179 2366 2234 αὐτοῦ
2395 2179 2465 2232 τὰ
2493 2180 2553 2231 ὲν
2582 2177 2844 2246 κατάρας
2870 2175 3145 2246 λεγόμενα
3171 2175 3432 2244 σχήματι,
3463 2171 3540 2241 μὴ
3571 2169 3790 2238 θαυμά-

2203 2286 2306 2344 σῃς
2326 2289 2342 2302 ·
2377 2267 2637 2342 προλέγει
2684 2268 2794 2340 γὰρ
2835 2267 2990 2331 Θεδς,
3023 2265 3230 2337 φοϐεῖν,
3256 2266 3356 2318 οὐκ
3388 2265 3624 2332 ἐπάγειν
3657 2262 3790 2332 Bou-

2201 2359 2667 2430 λόμενος.”Αλλως
2688 2377 2749 2413 τε
2769 2359 2920 2427 λέγει
2947 2358 3016 2412 τὰ
3040 2355 3503 2429 κεχρεωστημένα
3525 2357 3792 2426 tyrqu-

2207 2451 2398 2524 piq..“0
2428 2449 2486 2504 δὲ
2518 2449 2593 2522 μὴ
2625 2449 2835 2504 τούτων
2867 2450 3154 2518 ἐπάγεται,
3183 2451 3252 2519 τῇ
3283 2445 3670 2516 φιλανθρωπία⁸
3703 2445 3792 2497 λου

2203 2545 2383 2614 γὶζου.
2411 2544 2582 2598 Πάλιν
2612 2543 2670 2597 δὲ
2694 2543 2776 2607 είς
2803 2537 2985 2596 οἶκτον
3010 2543 3040 2594 ὁ
3069 2543 3356 2612 προφήτης
3382 2539 3478 2592 τὸν
3507 2537 3646 2591 Θεὸν
3669 2539 3794 2590 ἑπι-

2207 2637 2516 2708 σπώμενος,
2545 2637 2616 2690 τὰ
2641 2635 2716 2702 ἐξ
2744 2636 2920 2707 ἀρχῆς
2954 2634 3277 2704 ὑπάρξαντα
3309 2631 3388 2702 τῷ
3414 2630 3532 2698 λαῷ
3575 2647 3793 2700 μνημο-

2203 2727 2350 2782 νεύει
2390 2720 2730 2798 συνθήματα,
2761 2727 2924 2780 Λαόν
2945 2741 3090 2788 σου,
3125 2724 3322 2792 λέγων,
3357 2723 3453 2777 καὶ
3481 2723 3670 2776 πόλιν
3701 2720 3792 2788 μὴ

2206 2820 2486 2890 παριδῃς,
2509 2821 2568 2872 ὲν
2592 2812 2627 2892 ᾗ
2655 2818 2728 2872 τὰ
2749 2816 2906 2885 ἅγια,
2931 2817 3026 2870 καὶ
3054 2817 3088 2886 ἡ
3119 2814 3315 2886 σκηνὴ,
3339 2813 3436 2867 καὶ
3465 2815 3502 2884 ἡ
3530 2811 3788 2873 κιϐωτὸς,

2206 2913 2236 2968 ὃ
2255 2929 2314 2966 τε
2345 2909 2562 2972 σταθείς
2593 2924 2675 2961 σοι
2691 2906 2846 2972 νεὼς,
2881 2905 2918 2960 ἃ
2951 2907 3045 2959 καὶ
3079 2904 3416 2976 περίϐλεπτα
3447 2905 3617 2956 πᾶσιν
3639 2899 3794 2968 ὲτύγυ

532 2993 974 3064 bumanitatique
1045 2995 1430 3052 tribuendum.
1517 2995 1605 3052 Ad
1667 2998 2103 3056 misericordiam

2207 3019 2397 3076 χανενο
2425 3001 2588 3056 τοῦτο
2632 2999 2744 3054 τῶν
2773 2997 3030 3068 πατέρων
3051 3025 3055 3029 -
3077 2995 3490 3066 προειρηκότων
3533 2995 3665 3063 περὶ
3695 2990 3790 3045 τοῦ

535 3082 733 3138 deinde
779 3084 1048 3155 propheta
1098 3082 1270 3141 Deum
1307 3085 1652 3160 pertrahens,
1684 3101 1806 3157 qua
1833 3087 1903 3144 ab
1948 3089 2103 3145 initio

2205 3096 2334 3154 ναοῦ
2353 3093 2472 3165 "ﬁt;
2500 3093 2596 3147 καὶ
2624 3090 2998 3162 πυρίκαυστος
3020 3088 3269 3157 γέγονεν,
3294 3086 3374 3150 ὡς
3419 3087 3482 3138 ὲν
3527 3082 3794 3152 κατάρας

535 3173 690 3243 signa
729 3173 956 3232 fmderis
984 3177 1222 3247 populus
1256 3177 1472 3242 babuit,
1500 3177 1554 3232 in
1585 3181 1904 3234 memoriam
1953 3196 2108 3238 revoo

537 3275 627 3320 cat
651 3283 775 3321 cum
806 3270 1056 3338 populum
1079 3283 1260 3337 suum,
1297 3285 1423 3326 cum
1443 3271 1709 3326 civitatem
1743 3273 1941 3328 intueri
1983 3289 2111 3345 pos-

541 3357 714 3424 tulat;
745 3357 927 3430 inqua
954 3369 1084 3415 sunt
1110 3369 1164 3415 et
1201 3369 1390 3414 sancta
1414 3360 1555 3430 ipsa,
1599 3369 1655 3416 et
1695 3361 2108 3420 tabernaculum

539 3457 595 3502 et
618 3461 768 3515 arca,
809 3457 864 3504 et
897 3447 1158 3517 templum
1185 3447 1350 3503 etiam
1383 3448 1493 3504 Deo
1519 3457 1932 3520 constructum;
1987 3470 2112 3526 qua:

540 3541 684 3609 apud
719 3556 910 3596 omnes
968 3541 1264 3609 conspicua
1313 3540 1550 3608 fuerant,
1614 3553 1670 3598 et
1709 3545 2110 3602 commendata.

540 3633 676 3689 Cum
709 3639 894 3702 patres
927 3629 995 3688 de
1043 3631 1250 3703 templo
1275 3633 1396 3688 fore
1447 3633 1854 3704 praedixissent,
1889 3645 1950 3693 ut
1989 3637 2115 3709 igne

541 3724 945 3796 conﬂagraret:
978 3723 1208 3796 ideoque
1260 3723 1649 3782 maledictiom's
1691 3727 1814 3784 vice
1880 3743 2113 3801 usurpa-

2210 3191 2363 3262 μέρει
2411 3183 2646 3246 κεῖσθαι,
2675 3180 2868 3247 ὼς-ὂτ’
2901 3180 2967 3236 ἄν
2998 3196 3082 3243 τις
3113 3179 3296 3248 λέγοι·
3333 3177 3594 3246 Πάθοιμι,
3623 3177 3659 3247 ἦ
3694 3192 3794 3230 ttae

2203 3275 2610 3350 ταστραφείην,
2642 3273 2719 3337 ὡς
2772 3271 3147 3344 Ἰερουσαλὴμ,
3195 3270 3224 3324 ὃ
3273 3286 3335 3326 τε
3383 3269 3594 3338 ταύτης
3643 3268 3787 3330 ναός.

2207 3369 2396 3426 ταῦτα
2435 3366 2494 3420 δὲ
2526 3365 2748 3434 γέγονεν
2784 3363 2844 3416 οὺ
2884 3362 2972 3416 διὰ
3007 3363 3108 3433 σὴν
3151 3361 3455 3424 ἀσθένειαν,
3488 3359 3606 3413 ἀλλ’
3638 3359 3788 3429 ἡμῶν

2215 3457 2568 3532 ἠσεϐηκότων
2625 3456 2708 3517 είς
2755 3453 2848 3508 τὸν
2897 3453 3154 3525 Χριστόν.
3207 3451 3363 3516 Τινὲς
3414 3450 3476 3505 δὲ
3524 3449 3792 3518 κατάραν

2219 3551 2428 3618 ἔφασαν
2460 3546 2560 3616 τὴν
2589 3542 2952 3616 κατάρῤησιν.
2985 3543 3050 3596 Oi
3088 3541 3198 3612 γὰρ
3224 3540 3436 3602 ἑλόντες
3465 3540 3566 3610 τὴν
3601 3539 3794 3609 Ἰερουο

2223 3637 2404 3710 σαλὴμ
2433 3637 2588 3698 θεοὺς
2615 3634 2715 3705 μὶν
2741 3635 2866 3696 τοὺς
2901 3631 3066 3697 ἰδίους
3093 3630 3396 3698 ἐδόξαζον,
3430 3628 3717 3694 ἀσθενείας
3735 3628 3792 3682 δὲ

2215 3731 2310 3785 τὸν
2333 3727 2536 3798 ταύτης
2559 3725 2791 3798 ᾐτιῶντο
2816 3725 2970 3782 Θεόν.

539 3815 727 3880 batur,
774 3830 900 3871 cum
949 3830 1010 3872 se
1049 3815 1250 3887 aliquis
1291 3817 1367 3871 ita
1400 3816 1488 3871 vel
1526 3817 1661 3888 pati,
1701 3819 1785 3875 vel
1838 3833 2022 3886 ruere,
2087 3831 2148 3878 ut
2186 3819 2698 3891 Hierosolymorum
2727 3813 3122 3884 urbcm,735
3145 3821 3240 3868 aut
3306 3811 3569 3882 templum
3600 3811 3792 3880 ipsius.

541 3910 960 3978 imprecaretur.
987 3911 1168 3984 Atque
1200 3911 1319 3967 hac
1344 3910 1566 3981 quidem
1607 3912 1979 3984 contigerunt,
2009 3932 2119 3972 non
2157 3917 2228 3972 ob
2267 3923 2438 3979 luant,
2470 3910 2564 3976 sed
2594 3911 2665 3964 ob
2689 3917 2939 3964 nostram
3006 3905 3471 3966 imbecillitatem;
3529 3904 3625 3974 qui
3690 3903 3793 3957 im-

531 3998 798 4068 pietatem
839 4000 894 4054 in
920 3995 1204 4056 Christum
1272 4001 1646 4056 exercuimus.
1705 4002 1823 4058 Non
1856 4005 2061 4062 desunt
2105 4015 2308 4070 tamen,
2379 4004 2474 4075 qui
2531 3999 2922 4056 maledictionis
2981 3999 3202 4054 nomine
3280 3995 3793 4051 condemnationem

543 4091 872 4162 intelligant.
902 4088 1008 4158 Qui
1032 4091 1178 4146 enim
1207 4085 1512 4149 Jerusalem
1543 4105 1942 4166 expugnarant,
1980 4097 2116 4155 deos
2154 4097 2372 4170 quidem
2403 4109 2538 4152 suos
2576 4093 2753 4164 gloria
2803 4091 3134 4155 adiciebant,
3213 4088 3548 4158 impotentia
3613 4097 3793 4144 autem

545 4187 1051 4258 imbecillitatisque
1068 4185 1238 4244 Deum
1259 4187 1379 4258 ejus
1407 4190 1762 4245 accusabant.

699 4284 710 4294 '
1169 4279 1321 4336 CAP:
1345 4279 1504 4337 LXV.
1600 4309 1616 4323 -

614 4369 780 4440 736
795 4368 956 4427 Vens.
977 4370 1131 4425 i-i2.
1148 4373 1386 4442 Apparui
1409 4389 1511 4426 non
1531 4371 1884 4442 quwrcntibus
1907 4391 1986 4431 me
1995 4391 2014 4441 ,'
2039 4379 2104 4432 in-

2767 4267 2774 4270 ’
2801 4278 3055 4332 ΚΕΦΔΛ.
3090 4271 3213 4331 SE'.

2801 4278 3055 4334 ΚΕΦΔΛ.
3090 4278 3213 4331 ΞΕ’.

2287 4368 2445 4444 α-ιβ’.
2499 4369 2808 4442 Ἐμφανὴς
2847 4367 3144 4440 ἐγενήθην
3169 4365 3295 4433 τοῖς
3327 4362 3433 4434 ἐμὲ
3468 4363 3556 4432 μὴ
3603 4360 3798 4430 ζητοῦ-

547 4472 732 4517 υεηιιιι
750 4479 864 4515 smn
883 4469 948 4516 ab
969 4449 1074 4530 his,
1093 4463 1185 4533 qui
1213 4479 1293 4516 me
1316 4479 1417 4517 non
1433 4464 1784 4534 interrogant.
1809 4465 1939 4522 Dixi
1954 4483 1972 4520 :
1987 4465 2103 4522 Em

2215 4479 2342 4520 σιν.
2371 4461 2642 4530 Εὑρέθην
2669 4461 2792 4526 τοῖς
2817 4457 2924 4528 ἐμὲ
2967 4457 3055 4528 μὴ
3105 4453 3502 4524 ἐπερωτῶσιν.
3535 4449 3696 4507 Εἷπα
3720 4452 3798 4517 τῷ

546 4567 640 4621 ego
669 4548 856 4602 adsum
883 4551 1046 4620 genti,
1080 4551 1171 4619 qui
1197 4565 1299 4604 non
1327 4551 1642 4604 invocarunt
1679 4567 1866 4606 nomen
1923 4569 2103 4618 meum,

2220 4557 2398 4618 ἔθνει,
2415 4553 2472 4609 οἳ
2497 4555 2610 4608 οὐκ
2638 4548 2946 4606 ἐκάλεσαν
2965 4565 3086 4618 μου
3109 4547 3177 4600 τὸ
3203 4546 3413 4614 ὄνομα.
3430 4543 3798 4646 ’ξξεπέτασα

547 4639 777 4706 errandi
807 4655 994 4692 manus
1021 4655 1164 4694 meas
1195 4647 1305 4694 tota
1327 4641 1410 4694 die
1467 4642 1535 4694 ad
1567 4640 1817 4710 populum
1838 4641 2116 4714 .incredu-

549 4733 682 4798 lum,
712 4742 760 4786 et
793 4731 1257 4798 contradicentem,
1283 4732 1374 4802 qui
1403 4748 1504 4786 non
1529 4731 1929 4786 ambulaverunt
1956 4733 2010 4786 in
2035 4733 2119 4786 via

548 4838 691 4886 vera,
723 4821 813 4876 sed
839 4831 955 4888 post
1002 4832 1219 4890 peccata
1276 4838 1400 4878 sua.
1434 4823 1671 4892 Populus
1696 4823 1801 4885 hic,
1849 4823 1938 4890 qui
1983 4837 2110 4876 exa-

551 4913 729 4970 rerbat
765 4931 844 4970 me
873 4913 926 4968 in
947 4924 1226 4983 conspectu
1250 4931 1360 4970 meo
1397 4931 1618 4984 semper,
1679 4914 1784 4984 ipsi
1835 4915 2114 4968 immolant

550 5011 606 5062 in
629 5008 820 5074 hortis,
852 5016 903 5062 et
953 5007 1165 5062 adolent
1199 5009 1466 5065 incensum
1504 5023 1660 5074 super
1707 5006 1902 5062 lateres
1924 5007 2123 5063 dromo-

551 5097 676 5164 niis,
707 5112 821 5168 quo:
853 5115 954 5152 non
977 5109 1120 5164 sunt,
1155 5108 1262 5154 etc.

621 5271 1074 5342 Quandoquidem
1101 5289 1196 5344 per
1221 5289 1410 5344 prcccs
1437 5274 1528 5328 alii
1561 5275 1964 5330 confitebantur
1983 5318 1996 5342 ,
2032 5275 2124 5330 alii

557 5369 734 5416 autem
765 5362 970 5418 erroris
1003 5363 1088 5418 sui
1139 5373 1418 5420 auctorem
1467 5364 1634 5419 Deum
1674 5380 1798 5420 esse
1827 5365 2128 5435 exprobra-

561 5451 718 5507 bant:
751 5455 1043 5524 respondct
1069 5456 1170 5511 hoc
1199 5472 1399 5512 sensu:
1431 5458 1652 5529 Quiego
1683 5467 1970 5528 precantes
1999 5472 2126 5513 con-

629 5593 650 5663 ί
684 5629 829 5686 Psai.
857 5648 932 5695 VI,
968 5634 1035 5698 2;
1066 5648 1273 5696 xxsvu,
1314 5633 1368 5687 2.

2223 4646 2330 4714 τὰς
2367 4642 2569 4715 χεῖράς
2591 4659 2713 4712 μου
2765 4640 2924 4708 ὅλην
2949 4639 3064 4707 τὴν
3101 4635 3330 4706 ἡμέραν
3359 4633 3510 4704 πρὸς
3547 4636 3706 4688 λαὸν
3737 4632 3797 4686 ἁ-

2221 4737 2537 4792 πειθοῦντα
2558 4735 2658 4790 καὶ
2689 4731 3102 4801 ἀντιλέγοντα,
3132 4727 3190 4783 οἳ
3230 4728 3344 4782 οὐκ
3386 4726 3797 4793 ἐπορεύθησαν

2219 4827 2338 4893 ὀδῷ
2379 4823 2643 4894 ἀληθινῇ
2664 4864 2680 4889 ,
2709 4822 2847 4879 ἀλλ’
2869 4821 3082 4876 ὀπίσω-
3095 4818 3213 4874 τῶν
3243 4813 3542 4886 ἁμαρτιῶν
3583 4811 3794 4868 αὐτῶν.

2229 4920 2284 4973 Ὁ
2312 4917 2462 4984 λαὸς
2489 4913 2668 4984 οὗτος
2721 4919 2755 4970 ό
2799 4912 3159 4982 παροξύνων
3197 4926 3276 4980 με
3295 4947 3311 4971 ,
3333 4906 3616 4962 ἐναντίον
3657 4902 3795 4973 ἐμοῦ

2221 5011 2572 5076 διαπαντὸς,
2600 5006 2771 5063 αὐτοὶ
2824 5001 3220 5064 θυσιάζουσιν
3267 4999 3340 5052 ἐν
3385 4996 3512 5062 τοῖς
3565 4993 3793 5058 κήποις,

2223 5102 2322 5158 καί
2371 5099 2665 5172 θυμιῶσιν
2702 5095 2802 5152 ἐπὶ
2840 5092 2971 5160 ταῖς
2997 5092 3274 5156 πλίνθοις
3301 5086 3426 5153 τοῖς
3454 5086 3793 5155 δαιμονίοις,

2230 5192 2271 5248 ἆ
2293 5194 2406 5247 οὐκ
2433 5191 2625 5256 ἔστιν,
2649 5206 2705 5244 κ.
2733 5205 2782 5242 τ.
2815 5187 2847 5239 λ

2298 5284 2420 5338 Τῶν
2453 5282 2551 5354 μὲν
2582 5275 3133 5350 ὲξομολογησαμένων
3159 5269 3228 5326 δι’
3251 5269 3437 5340 εὐχῆς,
3459 5267 3574 5320 τῶν
3595 5264 3652 5318 δὲ
3674 5263 3792 5316 ὀνει-

2228 5375 2492 5430 δισάντων
2513 5372 2591 5436 ὼς
2619 5371 2952 5441 πλανήσαντι
2973 5365 3053 5436 τῷ
3080 5363 3228 5434 Θεῷ,
3261 5358 3621 5430 ἀποκρίνεται
3645 5355 3791 5408 δυνάο

2237 5483 2327 5537 μει
2367 5465 2568 5534 λέγων·
2599 5461 2723 5526 Πῶς
2771 5460 2840 5515 ἂν
2885 5456 3140 5529 παρεῖδον
3168 5451 3522 5525 εὐχομένους,
3554 5448 3584 5502 ό
3612 5447 3686 5518 μὴ
3711 5443 3791 5497 τὸν
