4000 6314
263 293 412 372 2685
625 373 632 377 _
1452 303 1841 377 COMMENT!

1951 296 1991 374 :I'
2036 315 2118 375 ιιι
2156 297 2446 376 I'SAIAM'.
3400 293 3544 368 2036

262 424 498 479 θάνατον
535 423 631 480 τοῦ
671 426 1000 499 ἀμαρτωλοῦ
1044 429 1242 499 ζητῶν,
1277 429 1353 494 ὡς
1383 432 1481 502 τὴν
1518 431 1841 500 μετάνοιανῖ

1962 432 2184 501 tempsi,
2209 431 2300 499 qui
2335 443 2442 482 non
2485 423 2793 494 peccatoris
2825 421 3021 488 morte,
3065 410 3163 478 sed
3220 419 3541 489 pmnitentia

259 515 389 578 Πῶς
420 516 466 568 δ’
493 515 560 568 ἂν
601 517 902 587 ἐπλάνησα,
949 521 1302 590 ἐπιστρέφειν
1346 510 1556 585 πάντας
1607 539 1841 591 παρακαι

1965 521 2287 578 delector"?
2326 520 2426 587 Qui
2464 520 2518 572 in
2551 531 2792 571 errorem
2823 515 3048 580 induxi,
3102 514 3218 584 qui.
3259 525 3314 567 ut
3364 511 3431 566 ad
3481 527 3542 567 se

260 607 394 668 λῶν,
411 609 504 661 καὶ
530 609 852 664 ἀνίστασθαι
877 612 1177 676 πίπτοντας
1197 629 1212 677 ;
1231 613 1348 676 πῶς
1375 613 1419 665 δ’
1442 613 1508 666 ἂν
1533 614 1696 683 ἐσκλή
1707 630 1841 682 ρυνοε

1965 615 2208 670 redirem
2239 628 2454 674 omnes,
2480 619 2649 680 utque
2675 609 2922 678 jacentes
2964 606 3361 669 excitarentur,
3411 605 3541 658 hor-

262 697 436 766 ὑμᾶς,
460 700 488 751 ὁ
523 702 755 765 καὶτοῖς
785 703 1004 773 μακρὰν
1035 703 1346 772 ἁφεστῶσιν
1382 703 1517 772 ἐμοῦ
1547 704 1633 757 διὰ
1666 705 1841 772 φιλαν

1963 716 2112 762 tatus
2133 705 2300 762 sum?
2330 704 2433 770 Qui
2465 717 2562 758 vos
2584 713 2782 756 rursus
2813 697 3064 753 induravi
3088 739 3102 763 ,
3135 695 3229 766 qui
3266 695 3330 748 ad
3383 694 3542 761 longe

263 787 519 858 θρωπίαν
550 794 860 863 ἐπιτρέχων
887 795 1216 864 αὐτόματος,
1246 795 1321 858 ὡς
1357 793 1452 849 καὶ
1477 797 1604 858 τοὺς
1627 795 1841 864 ἀλλοφύ

1963 805 2225 861 remotos,
2259 808 2366 865 qua
2399 810 2519 850 sum
2547 793 2602 846 in
2633 791 2886 846 homines
2920 785 3322 846 benevolentia,
3349 790 3542 852 sponte

260 878 394 943 λους
444 881 732 948 γινώσκειν
767 885 889 951 ἐμὲ,
925 886 1090 962 μηδὲν
1137 883 1219 949 είς
1258 885 1416 938 τοῦτο
1451 887 1831 957 μοχθήσαντας

1969 887 2247 952 advolavi,
2277 897 2332 940 ut
2369 882 2522 938 nullo
2557 897 2645 937 tne
2671 880 2894 952 negotio
2915 878 3086 962 [etiam
3119 873 3440 943 alienigenis
3461 872 3544 924 iu-

259 968 502 1038 ἐμαυτὸν
535 973 718 1037 αὐτοῖς
752 969 1155 1043 ἐπιδείξαντοςξ
1204 973 1262 1030 '0
1291 976 1348 1030 δὲ
1381 980 1510 1048 περ)¹
1543 980 1670 1042 τοὺς
1700 978 1841 1032 ἀλλο·

1961 978 2222 1033 tuendum
2250 986 2304 1032 et
2332 973 2775 1044 cognoscendum
2809 962 3152 1040 praeberem?
3172 968 3276 1032 Qui
3308 965 3544 1033 denique

257 1061 448 1132 τρίους
475 1063 735 1129 τοιοῦτος,
765 1066 883 1130 πῶς
908 1068 1038 1136 περὶ
1065 1067 1208 1138 ὑμᾶς
1235 1069 1486 1139 ἀπηνήςς
1517 1069 1627 1122 Ka‘t
1659 1069 1767 1139 μὴν
1798 1069 1841 1134 ἐξ

1961 1071 2015 1124 in
2041 1086 2137 1124 vos
2169 1084 2279 1123 non
2310 1069 2550 1122 clemens
2572 1079 2697 1121 esse
2726 1063 2878 1134 potui
2905 1080 2919 1129 ;
2948 1061 3043 1132 qui
3073 1061 3126 1114 in
3175 1059 3386 1112 alienos
3416 1055 3542 1109 talis

258 1152 420 1255 ὑμῶν
449 1155 782 1255 ἀπηρξάμην
808 1158 914 1255 ,τῆς
945 1155 1204 1230 χάριτος,
1237 1160 1420 1212 καλῶν
1466 1160 1728 1231 εὐμενῶς,
1761 1162 1841 1215 κατ

1958 1160 2184 1217 exstiti?
2228 1159 2342 1221 lmo
2379 1175 2407 1212 a
2443 1159 2598 1212 vobis
2649 1171 2752 1226 ego
2804 1155 2997 1226 gratiae
3036 1150 3310 1223 principia
3366 1147 3538 1212 duxi,

256 1241 353 1294 οἷα
399 1246 612 1312 χερσὶν
654 1244 1072 1316 ἐκτεέαμέναις
1098 1249 1360 1317 γνησίους
1391 1251 1584 1315 παῖδας
1628 1251 1841 1322 περιλα-

1957 1251 2050 1318 qui
2088 1250 2319 1318 benigne
2348 1247 2572 1311 vocavi;
2599 1247 2826 1316 quique,
2858 1243 3029 1298 veluti
3061 1241 3303 1295 manibus
3339 1254 3540 1306 expan-

255 1333 379 1387 δεῖν
408 1333 790 1409 ἐπειγὸμενος,
817 1339 914 1394 καὶ
945 1339 1244 1412 μισοῦντας
1275 1342 1421 1413 ὑμᾶς
1455 1343 1709 1412 ἀγαπῶν.

335 1511 572 1578 Τινὲςδέ
599 1515 873 1585 λέγουσιν,
920 1517 996 1583 ὡς
1039 1518 1238 1582 αὐτούς
1268 1536 1402 1589 φησι
1442 1519 1517 1590 μὴ
1559 1516 1853 1591 ἐπερωτή-

256 1621 514 1672 σαντος.
539 1608 659 1677 Ἀφ’
690 1610 886 1663 ἑαυτοῦ
909 1611 1014 1683 γὰρ
1035 1614 1120 1676 είς
1137 1612 1238 1674 τὰς
1266 1613 1596 1681 συναγωγὰς
1620 1614 1854 1684 είσέτρε-

256 1713 378 1765 χεν,
431 1699 724 1770 κηρύσσων
757 1703 852 1756 καὶ
890 1703 1230 1772 θεραπεύων,
1277 1703 1464 1773 ἔλεγέν
1513 1721 1572 1757 τε
1623 1705 1848 1768 αὐτοῖς’

254 1786 406 1857 Ἐγώ
439 1791 556 1859 είμι
589 1792 654 1844 τὸ
683 1792 798 1861 φῶς
827 1793 921 1846 τοῦ
951 1794 1180 1864 κόσμου.
1221 1789 1354 1860 καὶ,
1387 1796 1537 1858 Εῖτις
1569 1783 1716 1867 διψᾷ,
1751 1796 1845 1867 ἐρ-

251 1881 443 1951 χέσθω
469 1883 608 1952 πρός
636 1901 725 1954 με.
758 1884 900 1937 Ἀλλ’
923 1885 1253 1958 ἠκολούθουν
1269 1889 1389 1951 ταῖς
1418 1887 1630 1940 ἑαυτῶν
1660 1888 1844 1958 ἀμαρ-

252 1969 427 2032 τίαις.
451 1971 560 2024 Καί
583 1991 664 2025 τοι
689 1970 992 2042 γεγωνότος
1020 1973 1155 2046 ἐμοῦ
1181 1992 1195 2005 ·
1237 1967 1365 2029 Ἐὰν
1391 1975 1464 2047 μὴ
1491 1974 1842 2046 πιστεύσητε,

253 2061 346 2114 δτι
371 2063 482 2130 ἐγώ
521 2065 658 2132 είμι,
690 2065 749 2118 ἐν
778 2069 900 2128 ταῖς
932 2066 1235 2138 ἁμαρτίαις
1265 2067 1418 2138 ὑμῶν
1457 2068 1840 2123 ἀποθανεῖσθε.

254 2152 423 2218 Τινὲς
447 2155 504 2208 δὲ
537 2155 677 2226 πρὸς
705 2156 777 2210 τὰ
798 2159 855 2210 ἐν
879 2155 1163 2230 Αἰγύπτῳ,
1195 2151 1288 2212 καί
1325 2161 1468 2214 κατὰ
1496 2161 1721 2232 καιροὺς
1751 2161 1846 2214 λυ-

253 2246 436 2317 πηρὰ,
467 2248 558 2300 τὸν
607 2248 766 2318 λόγον
812 2251 1079 2319 ἐδέξαντο,
1129 2253 1212 2306 ὅτι
1264 2253 1339 2323 μὴ
1387 2252 1611 2324 κληθεὶς
1652 2255 1844 2317 αὐτοῖς

254 2338 497 2414 ἐϐοήθει.
531 2342 675 2422 Ἐγὼ
701 2342 832 2415 γὰρ,
850 2347 882 2399 ὀ
907 2345 1008 2399 καὶ
1033 2345 1131 2399 διὰ
1153 2333 1414 2411 Μωᾶέως
1441 2345 1644 2414 χεῖρας
1673 2346 1846 2400 ἐκπε-

251 2429 508 2499 ταννὺς,
545 2432 682 2504 πρὸς
717 2435 778 2488 τὸ
811 2437 938 2499 τοὺς
985 2436 1084 2506 μὲν
1116 2433 1507 2489 οἰκειώσασθαι
1538 2435 1627 2488 διὰ
1665 2435 1843 2505 νίκης,

252 2523 353 2576 τὸν
374 2521 431 2576 δέ
458 2522 706 2594 Ἀμαλὴκ
739 2524 1032 2590 ἀπολέσαι,
1077 2511 1168 2580 καί
1208 2542 1290 2578 τοι
1342 2525 1655 2595 κεχηνὸτων
1705 2525 1848 2595 πρὸς

254 2609 476 2682 etanta,
515 2613 610 2669 κᾶὶ
642 2613 762 2680 ταῖς
797 2617 1004 2670 ἑαυτῶν
1043 2616 1363 2686 ἐπιθυμίαις
1383 2615 1844 2682 ἀκολουθούντων,

254 2709 377 2762 ἀλλ’
397 2709 456 2761 ού
486 2707 581 2760 νῦν
610 2708 845 2779 πρῶτον.
877 2709 1070 2780 Ὑμεῖς
1098 2707 1208 2778 γὰρ
1237 2707 1286 2759 oi
1318 2709 1382 2760 ἐκ
1428 2707 1630 2770 παντὸς
1650 2706 1847 2770 αἰῶνός

258 2817 334 2869 με
378 2799 832 2869 παροξύναντες
858 2842 872 2865 ,
943 2801 1194 2865 θύοντες
1239 2797 1498 2852 ἐνώπιον
1541 2797 1687 2867 ἐμοῦ
1751 2798 1846 2851 τοῦ

260 2887 443 2941 πάντα
487 2889 793 2958 ἐφορῶντος
824 2888 981 2953 Θεοῦ,
1015 2891 1108 2942 καὶ
1138 2890 1412 2953 εἰπόντος·
1433 2889 1548 2956 ’Μὴ
1588 2888 1684 2942 ἀπ’
1712 2888 1847 2960 ἐμοῦ

261 2977 604 3048 κρυϐήσεταί
655 2995 709 3031 τι
787 2977 806 3050 [
853 2978 1134 3032 ἐναντίον
1193 2975 1383 3048 ἐμοῦ]
1430 2977 1599 3046 ἤγουν
1658 2977 1718 3029 ἐν
1771 2974 1849 3046 τῷ

1957 1344 2050 1406 sis,
2077 1342 2144 1396 ad
2185 1337 2346 1410 737
2377 1353 2670 1409 germanos
2694 1338 2837 1391 ﬁlios
2869 1348 3193 1406 pr0perans,
3221 1349 3319 1388 vos
3347 1333 3535 1394 etiam,

1961 1435 2054 1507 qui
2105 1451 2191 1488 me
2225 1432 2798 1502 odistis,‘bom'plcxus
2827 1445 2970 1485 sum.

2029 1524 2232 1577 Voldnt
2280 1531 2461 1576 tamen
2521 1521 2792 1587 nonnulli,
2824 1525 2920 1575 eos
2980 1518 3366 1587 interrogantes
3430 1531 3536 1569 non

1955 1614 2161 1668 induci.
2201 1608 2279 1666 Ex
2319 1627 2378 1666 se
2407 1611 2552 1666 enim
2589 1609 2664 1663 ad
2705 1623 3011 1681 synagogas
3034 1606 3419 1671 concionandi,
3447 1621 3538 1661 sa-

1954 1705 2234 1774 nandique
2263 1703 2458 1774 gratia,
2485 1702 2820 1764 cncurrisse,
2847 1708 2902 1755 et
2930 1701 3212 1755 monuiSSe
3251 1699 3426 1753 lucem
3478 1713 3538 1752 se

1953 1813 2078 1854 esse
2108 1796 2297 1852 mundi
2327 1789 2367 1849 θ.
2401 1795 2487 1860 Ει,
2521 1795 2566 1849 si
2598 1794 2724 1866 quis
2757 1793 2958 1859 sitiret,
2995 1790 3062 1848 ad
3087 1807 3145 1847 se
3163 1799 3286 1847 esSe
3318 1790 3538 1845 venien-

1952 1878 2081 1948 dum
2119 1887 2184 1948 “5.
2213 1891 2316 1947 Sed
2355 1906 2452 1946 sua
2507 1895 2629 1945 esse
2683 1896 2904 1958 peccata
2955 1889 3171 1943 secutas
3203 1903 3218 1950 ;
3247 1891 3540 1962 quantum-

1953 1987 2036 2040 vi's
2067 1983 2174 2039 nisi
2210 1983 2499 2038 crederent
2531 1981 2659 2052 quia
2720 1981 2836 2049 ipse
2892 1987 2995 2044 est,
3031 1979 3085 2032 in
3130 1975 3373 2047 peccatis
3419 1972 3536 2026 suis

1952 2094 2078 2135 esse
2135 2078 2436 2132 moriturus
2478 2075 2800 2129 inclamaret
2842 2068 2908 2126 ¹¹.
2943 2071 3084 2125 Sunt
3116 2069 3304 2132 etiam,
3337 2068 3430 2133 qui
3469 2064 3536 2118 ad

1954 2154 2334 2241 Egyptiacam
2350 2165 2772 2228 servitutem,et
2807 2161 2876 2216 ad
2913 2159 3216 2222 molestias,
3243 2170 3383 2226 quas
3417 2168 3538 2208 cer-

1954 2263 2025 2317 tis
2057 2259 2394 2328 temporibus
2439 2257 2765 2319 tolerarunt,
2794 2255 2918 2309 ideo
2943 2251 3228 2315 referant;
3277 2245 3421 2318 quod
3468 2245 3537 2298 ab

1952 2367 2040 2417 eo,
2059 2367 2220 2420 quem
2235 2349 2457 2403 minime
2476 2347 2826 2410 invocabant,
2847 2345 3112 2399 auxilium
3131 2341 3414 2398 sentirent.
3443 2338 3538 2392 Ille

1953 2443 2124 2505 enim,
2146 2440 2258 2511 Ego
2288 2455 2433 2502 sum,
2459 2437 2660 2508 inquit,
2691 2437 2785 2507 qui
2816 2452 3004 2490 manus
3030 2451 3172 2489 meas
3198 2436 3251 2486 in
3275 2429 3424 2486 Mose
3439 2446 3537 2484 επι-

1952 2532 2163 2604 pandi;
2207 2539 2266 2585 ut
2341 2546 2437 2600 per
2480 2530 2764 2584 victoriam
2816 2543 2916 2583 vos
2972 2526 3104 2581 mihi
3160 2525 3534 2586 conciliarem,

1954 2621 2288 2681 Amalecitas
2321 2627 2500 2676 autem
2556 2619 2842 2689 perderem
2874 2635 2888 2672 :
2921 2616 3327 2688 quantumlibet
3375 2613 3536 2668 idolis

1955 2708 2231 2773 inhiantes
2251 2713 2448 2769 vestris
2466 2711 2868 2782 cupiditatibus
2891 2708 3236 2764 ins‘ervitetis
3261 2724 3275 2771 ;
3295 2721 3366 2760 ne
3390 2721 3538 2760 nunc

1956 2801 2009 2863 id
2043 2806 2277 2878 primum
2310 2802 2426 2858 ﬁeri
2459 2801 2724 2856 aﬂ‘eratis.
2758 2793 2870 2854 Vos
2899 2800 3044 2854 enim
3101 2797 3169 2851 ab
3223 2797 3373 2850 omni
3419 2799 3536 2849 aevo

1957 2915 2043 2955 me
2077 2896 2435 2953 exacerbaslis
2452 2909 2474 2959 ;
2509 2894 2602 2963 qui
2635 2893 2692 2946 in
2718 2896 2998 2959 conspectu
3024 2906 3134 2943 meo
3159 2888 3533 2955 sacriﬁcastis,

1957 2991 2054 3062 qui
2082 2991 2227 3045 Deus
2252 3003 2376 3042 sum
2406 2985 2622 3052 videns,
2648 2985 2854 3054 quique
2883 2997 2969 3037 me
2999 2980 3136 3037 nihil
3161 2980 3343 3034 celare
3374 2994 3538 3049 posse

255 3085 354 3139 μοι
395 3068 751 3137 ἀφιερωθέντι
796 3068 947 3138 ναῷ;
991 3069 1099 3120 Kal.
1139 3067 1227 3121 διὰ
1266 3066 1532 3138 Ἱερεμίου
1569 3065 1679 3136 γὰρ
1717 3064 1841 3137 ἔφη·

1956 3077 2167 3132 monui.
2196 3074 2337 3141 Quid
2365 3073 2533 3144 igitur
2569 3087 2665 3142 per
2698 3079 3038 3142 conspectum
3067 3081 3244 3130 suum,
3270 3070 3374 3123 nisi
3402 3079 3539 3122 tem-

263 3167 284 3213 ι
317 3159 382 3212 Τί
417 3162 450 3232 ἡ
484 3159 818 3230 ἠγαπημένη
849 3162 906 3213 ἐν
947 3160 1021 3230 τῷ
1038 3157 1181 3230 οἴκῳ
1220 3175 1321 3229 μου
1364 3159 1588 3229 ἐποίησε
1615 3157 1846 3229 βδέλυγ-

256 3269 378 3320 μα;
437 3271 455 3303 ι
501 3251 644 3304 οὕτω
688 3252 789 3322 τῆς
821 3252 1041 3322 Γραφῆς
1081 3249 1352 3321 καλούσης
1383 3250 1446 3303 τὸ
1473 3234 1716 3304 εἴδωλον.
1769 3250 1844 3304 Τὸ

247 3343 316 3394 δὲ
349 3343 444 3395 καὶ
480 3341 591 3396 οὐκ
616 3342 758 3407 ἐισί,
791 3343 920 3414 περὶ
945 3342 1052 3395 τῶν
1071 3342 1371 3411 δαιμόνων
1393 3341 1582 3412 φησὶν,
1619 3342 1696 3404 ὡς
1732 3342 1844 3396 οὐκ

251 3434 448 3486 ὄντων
497 3435 647 3488 θεῶν
673 3473 687 3495 ,
723 3429 806 3496 οἷς
844 3433 998 3486 ἔθυον
1045 3435 1105 3486 ἐν
1139 3436 1253 3496 τοῖς
1298 3433 1367 3486 ἐκ
1403 3432 1675 3488 πλίνθων
1710 3427 1845 3486 κατ-

247 3521 681 3593 ἐσκευασμένας
710 3524 933 3595 βωμοῖς.
959 3526 1164 3593 Ἥγουν
1199 3524 1454 3594 ἐπείπερ,
1521 3523 1683 3595 ἡνίκα
1729 3524 1843 3586 τοῖς

153 3640 159 3645 ·
249 3611 586 3684 δαιμονίοις
661 3615 917 3686 εῦχοντο,
989 3617 1190 3678 τόπους
1249 3614 1529 3682 πλίνθοις
1595 3617 1842 3681 ἐοικότας

251 3707 576 3778 διέγραφον,
614 3706 699 3775 ἐφ’
740 3701 816 3760 ὧν
866 3708 1105 3762 ἵσταντο.
1137 3707 1229 3760 Ἐν
1264 3704 1512 3778 μνήμασι
1557 3707 1615 3760 δὲ
1667 3707 1838 3776 λέῨει,

247 3797 342 3851 διὰ
379 3797 480 3862 τὰς
525 3798 1014 3868 ⁴νιεκυομαντιείας,
1069 3801 1127 3852 ἐν
1179 3798 1235 3851 δέ
1299 3782 1649 3865 σπηλαίοις,
1707 3796 1838 3851 ἔνθα

247 3889 418 3945 ἴστων
486 3891 578 3943 ἐπ’
626 3890 804 3959 ὅρους
833 3890 1147 3960 ἀγάλματα,
1189 3890 1222 3960 ἢ
1269 3889 1364 3942 καὶ
1399 3889 1622 3964 τελετας
1648 3889 1836 3942 ἐπετέι

182 4001 188 4005 ·
247 3976 576 4047 λουν’τινὰς,
611 3982 717 4037 ὑπὸ
746 3981 987 4052 δένδρεσι
1026 3981 1288 4052 μεγάλοις
1315 3980 1507 4045 θυσίας
1534 3980 1837 4051 προσάγον-

245 4091 363 4137 τες.
400 4075 512 4128 Kal.
545 4076 657 4137 τοῖς
689 4073 898 4126 ἔθνεσιν
943 4071 1162 4144 [φησιν]
1197 4071 1545 4142 ὁμοιούμενοι
1567 4071 1838 4141 χοιρείων

245 4165 594 4236 ινεφορείσθε
625 4163 832 4234 κρεῶν,
863 4165 958 4217 καὶ
984 4165 1054 4216 ἐκ
1093 4162 1212 4216 τῶν
1250 4161 1502 4222 θυσιῶν,
1545 4155 1621 4214 ὧν
1667 4173 1834 4231 προσι-

244 4260 476 4328 εφέρετε
519 4257 788 4326 δαίμοσιν,
837 4255 1056 4325 ἕψοντες
1089 4253 1159 4307 τὰ
1184 4253 1430 4324 περιττὰ,
1464 4251 1589 4306 πᾶν
1607 4252 1835 4318 σκεῦος

244 4351 563 4422 ἐμολύνετε.
619 4351 728 4402 Καὶ
777 4347 1004 4402 τοιαῦτα
1054 4346 1290 4417 δρῶντες
1321 4345 1492 4412 -πυρί
1533 4345 1628 4399 καὶ
1679 4343 1833 4399 ὕδατι

1951 3169 2124 3240 plum,
2157 3166 2302 3236 quod
2325 3165 2430 3221 sibi
2467 3169 2852 3220 consecratam
2885 3160 2991 3225 est,
3026 3161 3291 3216 intellexit
3315 3161 3338 3214 ?
3359 3159 3536 3214 Etiam

1945 3260 2093 3316 enim
2124 3274 2220 3328 per
2247 3257 2564 3318 Jeremiam,
2609 3274 2628 3306 ι
2665 3254 2841 3320 Quam
2898 3254 3099 3309 dilecta
3134 3253 3187 3306 in
3242 3251 3406 3306 domo
3436 3265 3536 3306 sua

1945 3347 2078 3407 fecit
2111 3345 2953 3416 abominationem“ipostulare
2986 3343 3176 3399 videas
3227 3342 3269 3374 ¹²
3297 3361 3311 3408 ;
3336 3341 3537 3410 quibus

1943 3441 2131 3498 verbis
2163 3441 2370 3496 idolum
2399 3439 2685 3510 Scriptura
2727 3437 3021 3509 signiﬁcat.
3063 3435 3218 3502 Quod
3247 3443 3429 3488 autem
3480 3446 3535 3486 et

1943 3552 2048 3590 non
2071 3549 2194 3588 sunt
2230 3532 2453 3602 adjecit,
2477 3531 2544 3587 de
2573 3531 2902 3586 daemonibus
2937 3529 3207 3585 intellexit
3237 3536 3535 3596 ‘;tanquam

1941 3627 2066 3682 deos
2125 3642 2227 3679 non
2255 3640 2368 3679 esse
2397 3632 2628 3687 asserat,
2662 3621 2864 3691 quibus
2913 3629 3078 3690 super
3127 3621 3321 3674 altaria
3353 3619 3538 3673 lateri—

1943 3715 2038 3772 bus
2061 3725 2382 3772 constructa
2400 3712 2809 3769 sacriﬁcabant.
2827 3697 2925 3767 Vel
2944 3711 3233 3781 quia,cum
3259 3711 3528 3765 dwmonia

1940 3809 2328 3879 precabantur,
2382 3806 2507 3861 leca
2573 3805 2827 3875 quaidam
2862 3805 2918 3858 in
2977 3801 3202 3856 laterum
3270 3801 3537 3855 similitu-

1939 3900 2219 3967 dinem,in
2245 3898 2448 3968 quibus
2488 3902 2552 3953 ea
2588 3896 2895 3967 erigebant,
2927 3893 3302 3957 delineabanl,
3359 3891 3539 3958 εεριιίο

1939 3997 2152 4044 crorum
2174 3987 2374 4044 deinde
2403 3987 2652 4043 meminit
2682 3995 2696 4052 ;
2732 3995 2791 4040 ut
2826 3984 3222 4039 divinationem
3260 3997 3356 4052 per
3387 3997 3536 4036 mor-

1939 4084 2066 4139 tuos
2123 4084 2402 4137 initueret.
2435 4065 2681 4135 Meminit
2711 4090 2765 4135 et
2794 4077 3190 4147 speluncarum,
3237 4075 3328 4129 ubi
3365 4075 3538 4129 sinui-

1938 4170 2084 4232 lacra
2106 4177 2158 4228 in
2174 4178 2347 4228 mont'e‘
2368 4171 2715 4228 collocabant
2731 4188 2746 4237 ;
2765 4179 2857 4223 aut
2874 4169 3038 4224 etiam
3081 4183 3174 4222 sae
3185 4183 3238 4220 ra
3262 4165 3534 4234 qtucdam,

1938 4269 2198 4323 mactatis
2229 4266 2332 4321 sub
2363 4263 2610 4334 proceris
2643 4261 2936 4316 arboribus
2968 4257 3194 4322 hostiis,
3230 4255 3534 4316 faciebant,

1939 4347 2084 4420 Quin
2117 4361 2172 4407 et
2226 4359 2439 4422 gentes,
2476 4349 2574 4414 ait,
2611 4348 2833 4414 imitati,
2866 4345 3098 4402 suilibus
3142 4345 3391 4399 carnibus
3432 4344 3538 4396 ἰιιιι

251 4437 733 4508 περιαγνίζόμενοι
773 4435 1072 4504 καθαροὺς
1101 4433 1359 4501 ἑαυτοὺς
1397 4433 1732 4504 ὠνομάζετε.
1766 4429 1830 4488 Ἀ

1951 4444 2246 4516 plebamini
2275 4461 2290 4511 ;
2328 4459 2557 4514 vastique
2581 4441 2762 4496 omnia
2801 4439 3098 4496 elixatione
3128 4437 3535 4508 superﬁuorum

243 4532 307 4585 δὲ
352 4531 528 4584 πάντα
575 4527 806 4595 καᾶτνός
853 4529 974 4582 stat
1007 4527 1114 4580 τοῦ
1148 4526 1340 4596 θυμοῦ
1389 4543 1530 4595 μου.
1569 4525 1684 4597 Πρὸ
1725 4527 1834 4597 γὰρ

243 4623 348 4691 τῆς
384 4618 684 4692 ἐπιδημίας
732 4621 872 4690 ἀρχή
910 4617 1027 4682 ario;
1066 4615 1136 4689 ἦν
1162 4621 1260 4688 τῆς
1301 4608 1455 4681 θείας
1491 4616 1686 4687 ὀργῆς.
1731 4615 1836 4669 Τὸν

244 4707 305 4771 δέ
324 4703 516 4785 θυμὸν
538 4710 742 4786 ἐξῆψαν
771 4715 839 4768 τὰ
859 4713 1005 4769 κατὰ
1033 4714 1128 4767 τοῦ
1157 4714 1409 4783 Σωτῆρος
1435 4713 1833 4784 τολμήσαντες.

257 4809 324 4860 'U
389 4806 447 4860 δὲ
501 4809 734 4873 καπνὸς
782 4794 870 4872 είς
914 4807 1036 4875 πῦρ
1097 4805 1479 4877 μετεϐάλλετο.
1518 4804 1741 4875 Ἐπειδὴ
1781 4803 1839 4856 δὲ

243 4907 363 4967 τοῖς
394 4903 702 4973 ἀνθρώποις
747 4904 969 4975 βοήθεια
1016 4905 1153 4974 πρὸς
1192 4903 1366 4974 λήθην
1398 4902 1470 4957 τὰ
1505 4901 1836 4973 γράμματα,

243 4996 527 5068 τροπικῶς
575 4998 638 5050 ἐκ
689 4998 896 5064 τούτων
941 4993 1184 5050 δείκνυσι
1229 4997 1289 5049 τὸ
1325 4997 1685 5066 ἁνεπίληστον
1739 4995 1834 5048 τοῦ

243 5087 385 5142 Θεοῦ
411 5103 426 5117 ⁶
459 5089 641 5142 ὁποῖον
680 5092 776 5144 καὶ
805 5090 955 5161 παρὰ
980 5089 1179 5158 Δανιὴλ
1221 5088 1302 5154 τὸ,
1339 5087 1525 5140 Βίϐλοι
1555 5087 1832 5157 ἀνεῴχθη-

247 5196 371 5241 σαν,
407 5181 671 5248 σημαῖνον
724 5180 824 5250 τὴν
851 5179 1027 5232 πάντα
1068 5177 1269 5246 γνῶσιν
1320 5177 1837 5248 περιλαμϐάνουσαν

241 5267 343 5322 τοῦ
385 5268 545 5323 Θεοῦ.

1946 4536 2009 4590 de
2049 4535 2260 4600 hostiis,
2295 4552 2436 4605 quas
2502 4525 2604 4605 ipsi
2663 4532 2942 4598 feceratis,
2994 4528 3528 4600 coinquinaveratis.

1943 4629 2075 4694 Quae
2131 4639 2311 4683 tamen
2360 4644 2485 4681 eum
2550 4627 2804 4698 ageretis,
2833 4634 3123 4696 postquam
3165 4625 3283 4694 igne
3327 4636 3424 4676 vos
3482 4629 3537 4675 et

1948 4735 2090 4791 aqua
2148 4720 2512 4780 lustrassetis,
2561 4720 2784 4772 mundos
2832 4734 2920 4772 vos
2979 4716 3358 4786 appellabatis.
3405 4713 3539 4779 Quae

1948 4821 2099 4868 certe
2117 4813 2303 4867 omnia
2334 4811 2532 4880 furoris
2555 4811 2657 4864 mei
2687 4810 2868 4878 fumus
2901 4820 3045 4863 sunt.
3077 4807 3206 4862 Erat
3229 4807 3374 4862 enim
3411 4813 3540 4858 ante

1947 4905 2245 4958 adventum
2291 4902 2458 4957 veluti
2491 4901 2767 4972 quoddam
2793 4900 2996 4955 divinae
3022 4901 3118 4955 ira:
3154 4898 3488 4969 principium
3520 4913 3535 4962 ;

1943 4993 2038 5050 sed
2072 4993 2237 5064 738
2269 4993 2504 5062 furorem
2546 4991 2797 5046 accendit
2835 4999 3113 5060 patratum
3159 4990 3215 5042 in
3274 4988 3536 5042 Salvato-

1943 5101 2060 5139 rem
2093 5085 2308 5139 facinus
2337 5102 2351 5138 :
2385 5084 2612 5153 ipseque
2665 5084 2841 5152 fumus
2876 5085 2929 5136 in
2960 5083 3078 5152 igne
3133 5087 3374 5135 mutatus
3430 5084 3537 5135 est.

1949 5176 2223 5243 Quoniam
2262 5184 2445 5230 autem
2508 5175 2764 5229 homines
2799 5174 2863 5228 ad
2902 5173 3179 5228 memoria:
3225 5169 3536 5226 subsidium

1945 5269 2158 5337 scriptis
2185 5267 2260 5322 uti
2291 5268 2542 5322 videmus
2578 5285 2592 5332 ;
2636 5268 2704 5319 ab
2736 5266 2846 5320 illis
2898 5266 3108 5336 tropice
3167 5265 3320 5318 nulla
3367 5263 3534 5316 Deum

244 5356 529 5413 oblivione
552 5358 804 5414 laborare
826 5360 1194 5414 demonstrat.
1217 5356 1541 5429 Cujusmodi
1573 5357 1706 5412 illud
1727 5367 1832 5422 est,
1867 5359 2014 5428 quod
2067 5360 2210 5429 apud
2283 5359 2556 5414 Danielem
2619 5365 2840 5425 apertos
2917 5371 3040 5412 esse
3113 5356 3282 5410 libros
3331 5352 3539 5422 reperi-

245 5466 375 5508 mus
410 5453 489 5518 ¹³;
533 5460 592 5506 ιιι
619 5457 802 5507 omnia
847 5453 942 5508 Dei
987 5453 1355 5524 cognitionem
1405 5454 1694 5522 complecti
1756 5453 2048 5520 signiﬁcet.

330 5547 465 5603 Ἐπί
507 5549 564 5602 δὲ
611 5548 728 5604 τῶν
749 5550 999 5615 βουνῶν
1039 5550 1364 5604 ὠνείδισάν
1413 5566 1511 5619 με,
1560 5549 1714 5618 φησί.
1751 5549 1826 5600 υἷι

2015 5548 2277 5616 Sequitur
2296 5545 2493 5602 deinde
2526 5564 2537 5600 :
2569 5545 2637 5598 Et
2674 5560 2830 5613 super
2882 5542 3041 5597 colles
3087 5543 3538 5609 exprobrauerunt

321 5664 342 5695 ⁸
365 5667 557 5721 Ezech.
585 5684 736 5733 ιιι-ιιι,
762 5667 852 5723 2⁵5.
908 5671 927 5700 ⁹
963 5666 1124 5723 Joan.
1149 5684 1266 5732 vttt,
1299 5667 1377 5720 12.
1428 5667 1468 5695 ‘°
1505 5665 1634 5720 ibid.
1666 5681 1758 5731 vtt,
1793 5665 1841 5718 57

1962 5667 1998 5694 ¹¹
2042 5666 2174 5720 ibid.
2202 5681 2321 5731 vttt,
2362 5666 2453 5720 Ἡ.
2535 5667 2577 5696 ³⁸
2609 5662 2906 5732 1οι·ειιι.χι,
2945 5662 3027 5717 15.
3107 5659 3306 5715 “Dan.
3338 5654 3537 5720 vtt,l03

241 5735 417 5805 Apoc.
451 5751 542 5801 xx,
586 5735 671 5788 1‘2.
