4000 6314
399 211 401 213 ’
485 250 626 328 om

1797 262 2150 337 RHOCOPII
2181 265 2424 336 GAZ/El

3617 265 3770 340 2688

485 371 640 426 mihi.
669 369 856 443 Neque
887 371 1185 439 enim_aliis
1218 385 1462 442 unquam
1506 372 1784 439 litassent,
1823 377 1926 431 nisi
1973 391 2060 431 me

2181 379 2271 448 {ip
2300 381 2366 434 ἂν
2407 379 2562 434 ἔθυον
2601 382 2828 454 ἑτέροις,
2866 383 2941 456 μὴ
2983 376 3456 452 καταφρονοῦντες
3493 383 3570 446 ὡς
3601 385 3761 437 εὐτε-

487 461 976 531 cuutempsissent,
1029 471 1284 531 tanquam
1337 461 1478 520 Deus
1528 465 1646 533 ipse
1703 481 1814 520 non
1855 481 2060 523 essem.

486 550 646 616 Quod
678 561 860 608 autem
919 569 1021 606 non
1067 553 1354 606 taciturum
1386 568 1446 608 se
1482 555 1725 624 adjecit;
1761 555 1828 612 ad
1865 572 2066 628 exspe-

488 649 704 698 ctantes
743 659 803 698 se
860 644 1070 701 retulit.
1105 643 1293 714 Itaque
1328 647 1374 701 si
1410 646 1723 702 Inveniatur
1765 649 1966 720 aliquis
1997 665 2066 704 ex

487 750 550 786 ea
593 735 962 802 multitudine,
991 736 1083 806 qui
1122 737 1318 792 salutis
1385 753 1537 808 spem
1601 739 1820 808 habeat,
1868 742 2065 797 borum

487 825 583 880 ille
615 825 669 879 in
703 843 934 881 numero
980 843 1088 882 non
1143 829 1454 884 habebitur.
1498 828 1558 884 Si
1591 832 1737 886 enim
1803 835 1886 888 vel
1939 836 2068 892 vitis

489 917 608 984 ipsa
645 916 886 980 Domini,
915 933 1014 988 pro
1045 919 1190 983 uvis,
1227 921 1416 988 spinas
1441 921 1732 990 producat,
1761 923 2070 978 eradicabi-

489 1017 605 1062 tur.
642 1007 738 1064 Sin
793 1021 975 1067 autem
1027 1013 1110 1066 vel
1145 994 1392 1082 .paucus,
1422 1013 1581 1067 veluti
1645 1014 1700 1067 in
1739 1017 1878 1068 sicco
1919 1015 2069 1070 botro

488 1102 676 1154 acinus
711 1103 995 1158 incolumis
1027 1105 1360 1170 inveniatur;
1389 1116 1648 1175 tanquam
1683 1106 2068 1162 benedictionis

491 1195 789 1262 partit-ops,
821 1195 1154 1249 servabitur.
1205 1194 1325 1248 Non
1371 1196 1530 1250 aliter
1565 1211 1628 1250 ac
1663 1197 1707 1251 si
1736 1197 1851 1266 agri
1884 1195 2070 1251 Domi-

495 1297 599 1336 uus
630 1299 896 1338 racemum
941 1285 1213 1354 amputari
1266 1276 1662 1354 prohibeat,'in
1695 1302 1805 1355 quo
1827 1290 2070 1355 supersit

491 1373 702 1434 acinus,
731 1388 894 1442 quem
925 1374 1130 1428 habere
1170 1373 1584 1427 benedictionem
1617 1381 1858 1428 moneat.
1884 1371 1975 1426 Sic
2016 1380 2071 1428 et

493 1461 732 1516 Sodoma
777 1473 1128 1517 servaturum
1170 1479 1230 1518 se
1287 1463 1646 1531 pollicebatur
1703 1463 1988 1525 Dominus,
2020 1463 2068 1518 si

491 1554 576 1608 vel
611 1553 1052 1624 quinquejnstos
1085 1553 1451 1609 habuisset“.
1479 1555 1582 1610 Hie
1613 1563 1796 1608 autem
1827 1553 1894 1608 ad
1913 1554 2072 1608 boni-

486 1645 623 1698 tatis
671 1645 1050 1728 extensionem
1096 1652 1321 1715 propter
1361 1646 1573 1733 qcinum
1623 1660 1814 1710 unum,
1859 1645 2066 1700 botrum

2171 469 2313 532 λοῦς,
2346 472 2440 524 καὶ
2477 471 2608 543 μηδὲ
2639 475 2790 538 θντος
2816 474 2974 530 Θεοῦ.
3006 476 3081 530 Τὸ
3111 476 3190 542 δὲ,
3211 478 3296 532 Οὐ
3321 476 3411 545 μὴ
3439 477 3758 544 σιωπήσω.

2171 563 2538 630 ἐπιμενόντων
2571 565 2748 618 αὐτῶν
2788 565 3051 636 δηλονότι.
3078 565 3383 638 Τοιγαροῦν
3413 569 3466 621 si
3500 567 3756 639 εὑρεθείη

2169 666 2253 713 τις
2281 652 2339 704 ἐν
2370 649 2448 722 τῷ
2485 651 2678 724 πλήθει
2712 656 2986 727 σωτηρίας
3005 655 3146 726 ἔχων
3165 657 3382 720 ἐλπίδα,
3409 657 3624 710 τούτων
3650 657 3760 722 ἐξω

2170 741 2480 810 γενήσεται.
2522 743 2582 795 Et
2617 742 2726 816 γὰρ
2754 745 2852 798 καὶ
2883 747 2911 800 ὁ
2938 747 3198 818 ἀμπελὼν
3229 749 3441 820 Κυρίου
3476 751 3605 804 ἀντὶ
3638 764 3765 804 στα-

2171 829 2343 900 φυλῆς
2364 831 2610 895 ἀκάνθας
2635 834 2868 904 ποιήσας
2891 845 2941 897 1,
2961 836 3430 906 ἀφανισθήσεταισ
3450 838 3572 891 ἀλλ’
3599 839 3764 891 εἵπου

2169 936 2254 982 τις
2283 919 2636 990 εὑρεθήσεται
2667 922 2894 986 σπάνιος
2929 923 3011 990 ὡς
3041 923 3110 978 ἐν
3153 924 3316 993 ξηρῷ
3355 925 3588 994 βότρυϊ
3630 926 3766 994 ρὼξ

2169 1008 2366 1076 ὑγιὴς,
2388 1003 2462 1072 ὡς
2491 1012 2777 1080 εὐλογίας
2797 1015 3064 1085 μετέχων,
3099 1015 3407 1084 σωθήσεται
3428 1033 3443 1047 ο
3475 1015 3550 1077 ὡς
3585 1019 3636 1071 εί
3664 1021 3765 1070 καὶ

2171 1095 2445 1169 δεσπότης
2483 1101 2654 1171 ἀγροῦ
2699 1103 2899 1157 κωλύοι
2959 1107 3236 1176 τμηθῆναι
3283 1108 3522 1175 βότρυν
3561 1110 3764 1178 ἔχοντα

2170 1190 2260 1242 τὸν
2304 1191 2399 1243 Eva
2439 1191 2624 1261 ρῶγα,
2679 1196 2965 1263 εὐλογίαν
2995 1199 3136 1268 ἐχειν
3176 1198 3366 1260 εἰπὼν,
3403 1199 3551 1252 οῦτω
3593 1203 3764 1270 μέχρι

2171 1279 2332 1332 πέντε
2360 1281 2587 1334 δικαίων
2611 1283 2641 1334 ὁ
2669 1282 2800 1347 Θεὸς
2830 1284 3100 1355 ὑπέσχετο
3146 1286 3342 1352 σώζειν
3396 1289 3468 1340 τὰ
3515 1289 3762 1358 Σόδομα.

2170 1369 2284 1422 Νῦν
2304 1369 2362 1422 δὲ
2393 1372 2515 1423 κατ’
2542 1373 2794 1426 ἐπίτασιν
2818 1375 3172 1446 ἀγαθότητος,
3203 1375 3274 1430 δι’
3305 1378 3401 1432 ἕνα
3431 1377 3636 1452 [ρῶγα]
3664 1380 3766 1432 λέ-

2169 1475 2256 1526 γει
2278 1459 2370 1512 τὸν
2389 1461 2624 1529 βότρυν
2654 1463 3022 1534 σωθήσεσθαι,
3041 1465 3243 1540 δηλαδή
3267 1468 3446 1537 πρλιν,
3475 1471 3508 1540 ἦ
3536 1471 3764 1540 κώμην.

2171 1551 2282 1604 Καὶ
2330 1552 2431 1622 τὴν
2489 1552 2749 1606 ἐπάνοδον
2807 1556 2916 1628 γὰρ
2979 1558 3248 1628 πεποίηκε
3287 1559 3379 1614 διὰ
3423 1561 3763 1630 Ζοροεὰὃελ,

2183 1636 2390 1713 Ἰησοῦν
2433 1654 2494 1698 τε
2533 1645 2628 1698 καὶ
2695 1647 2954 1719 Ἐσδραν,
3001 1649 3096 1703 καὶ
3133 1649 3186 1702 εί
3214 1667 3302 1715 τις
3332 1651 3596 1716 τοιοῦτος.
3646 1654 3764 1706 Καὶ

487 1735 670 1802 ipsum
706 1753 720 1800 ;
750 1735 802 1788 id
827 1742 913 1788 est
947 1719 1250 1798 civitatem,
1282 1735 1367 1790 vel
1380 1712 1618 1805 \pagum,
1647 1741 1990 1790 servaturum
2011 1751 2070 1792 se

2181 1712 2272 1787 νῦν
2317 1733 2376 1787 δέ
2423 1734 2769 1808 ἐξελοῦμαι,
2811 1712 2981 1808 ήγουν
3039 1741 3241 1812 ὑψηλὸν
3283 1712 3652 1810 ’ἀποδείξω-τὺ
3700 1745 3764 1808 ἐξ

486 1825 784 1894 signiﬁcat.
814 1822 956 1880 Olim
989 1824 1134 1881 enim
1153 1827 1315 1880 etiam
1336 1826 1643 1882 revertendi
1671 1827 1888 1896 copiam
1919 1826 2068 1892 fecit,

488 1924 714 1986 pmpter
773 1915 1193 1984 Zorobabelem,
1215 1927 1270 1972 et
1322 1917 1533 1982 Jesum,
1563 1926 1618 1974 et
1649 1915 1904 1981 Esdram,
1938 1926 1994 1974 et
2022 1918 2066 1974 si

487 2008 616 2077 quis
644 2009 937 2078 ejusmodi.
967 2011 1032 2066 Et
1056 2027 1442 2082 nuncquoqne
1463 2012 1778 2066 educturum
1801 2009 1876 2074 se,
1909 2011 1960 2065 id
1983 2018 2069 2066 est

489 2099 769 2154 excelsum
809 2101 1255 2158 facturnmJuda:
1277 2117 1450 2157 semen
1478 2111 1526 2156 et
1551 2099 1747 2156 Jacobi
1774 2101 2068 2170 signiﬁcat.

489 2184 752 2256 lntelligit
801 2204 928 2244 vero
987 2193 1206 2246 seminis
1257 2190 1624 2262 appellatione
1681 2189 1813 2244 illud
1869 2191 2070 2270 ipsum,

487 2279 637 2349 quod
685 2281 900 2336 czeteris
939 2281 1006 2336 ad
1037 2272 1314 2338 fructuum
1369 2281 1666 2338 editionem
1696 2281 1948 2337 conferre
1977 2299 2072 2337 va-

489 2370 803 2442 leatzquale
833 2381 918 2428 est
953 2373 1120 2428 illud:
1155 2393 1174 2426 ι
1211 2372 1327 2430 Nisi
1361 2375 1628 2430 Dominus
1661 2374 1904 2428 Sabaoth
1937 2375 2061 2430 reli-

489 2461 701 2532 quisset
718 2465 872 2518 nobis
907 2480 1093 2520 semen
1115 2466 1192 2533 ";
1219 2484 1238 2518 ι
1265 2465 1469 2536 quibus
1485 2461 1670 2519 verbis
1690 2461 2066 2534 apostolorum

489 2553 696 2609 chorus
731 2555 1075 2625 signiﬁcatur
1101 2573 1116 2622 ;
1145 2557 1260 2628 qui,
1289 2557 1502 2612 caeteris
1528 2558 1888 2624 pereuntibus,
1914 2571 2068 2608 mon-

492 2655 593 2700 tem
617 2658 859 2702 sanctum
881 2649 1185 2722 possidens,
1219 2649 1282 2702 ad
1317 2657 1556 2703 montem
1600 2646 1754 2714 Sion,
1775 2657 1830 2703 et
1883 2647 1950 2701 ad
1985 2645 2069 2700 ci-

489 2737 720 2792 vitatem
755 2737 848 2794 Dei
873 2741 1129 2802 viventis.
1150 2741 1432 2796 ccelestem
1456 2737 1762 2794 Jerusalem
1795 2737 1860 2802 ",
1891 2737 1944 2791 id
1979 2744 2064 2792 est

2189 1821 2384 1878 Ἰούδα
2406 1825 2644 1896 σπέρμα
2678 1827 2777 1882 καί
2815 1828 3037 1886 Ἰακώϐ.
3075 1831 3148 1884 Τὸ
3167 1831 3224 1885 δὲ
3253 1833 3495 1901 σπέρμα
3523 1833 3678 1902 δηλοῖ
3699 1835 3768 1887 τὺ

2175 1916 2254 1978 εἰς
2331 1913 2534 1985 ἐτέρων
2600 1916 2974 1986 καρποφορίαν
3048 1917 3366 1972 συντελέσαι
3433 1917 3764 1988 δυνάμενον

2171 2003 2356 2060 ὁποῖον
2415 2007 2508 2069 τὸ,
2560 2025 2580 2058 ι
2619 2007 2683 2060 Εἰ
2720 2007 2797 2078 μὴ
2844 2007 3050 2080 Κύριος
3094 2008 3326 2064 Σαϐαὼθ
3393 2011 3765 2078 ἐγκατέλιπεν

2180 2098 2314 2166 ήμίν
2345 2098 2586 2166 σπέρμα,
2627 2117 2646 2148 ι
2703 2097 2732 2151 ὃ
2777 2098 2870 2152 τὸν
2897 2100 3256 2154 ἀποστολικδν
3279 2103 3538 2171 σημαίνει
3567 2101 3760 2175 χορόνσ

2177 2187 2372 2254 8,,τῶν
2416 2187 2595 2243 ἄλλων
2643 2190 3106 2261 ἀπολλυμένων,
3138 2193 3204 2246 τὸ
3229 2191 3404 2268 ἅγιον
3431 2195 3765 2263 ἐκληρονό-

2172 2295 2375 2348 μησεν
2416 2279 2554 2350 6ρος
2597 2297 2612 2311 ·
2669 2283 2990 2352 φάσκοντες,
3060 2282 3562 2356 Προσεληλύθαμεν
3621 2285 3770 2338 Σιὼν

2177 2372 2316 2440 ὄρει,
2367 2373 2464 2426 καὶ
2495 2374 2649 2427 πόλει
2681 2375 2815 2428 Θεοῦ
2851 2374 3055 2440 ζῶντος
3107 2375 3468 2448 Ἰερουσαλὴμ.
3521 2379 3768 2449 ἐπουρα-

2176 2463 2295 2532 νίῳ,
2331 2463 2498 2534 ήγουν
2527 2464 2625 2534 τὴν
2667 2465 2992 2535 Ἐκκλησίαν
3020 2467 3163 2520 κατά
3189 2467 3271 2531 τὸ,
3305 2465 3532 2521 Πίονται
3565 2467 3768 2537 εὐφροο

2178 2555 2367 2632 σύνην,
2415 2557 2627 2612 πίονται
2667 2552 2831 2625 οἶνον,
2871 2559 3153 2629 χρίσονται
3200 2558 3371 2630 μύρον
3407 2559 3480 2612 ὲν
3518 2557 3601 2624 τῷ
3642 2558 3767 2626 ὄρει

2175 2647 2370 2718 τούτῳ,
2409 2649 2476 2702 δι’
2514 2645 2590 2702 ὢν
2627 2649 2930 2721 ἐπληροῦτο
2979 2652 3071 2715 καὶ
3116 2650 3197 2717 τὸ,
3233 2651 3527 2705 Ἔσονται
3573 2650 3646 2703 ἐν
3683 2644 3769 2713 τῷ

2172 2737 2376 2807 δρυμῷ
2426 2741 2735 2808 ἐπαύλεις.

491 2829 815 2897 Ecclesiam,
839 2831 1138 2887 accessisse
1171 2847 1229 2888 se
1261 2831 1448 2886 dicunt
1477 2831 1666 2902 :juxta
1699 2831 1844 2901 quod
1871 2830 2142 2884 bibituros
2165 2829 2432 2895 laetitiam,
2479 2833 2751 2888 bibituros
2785 2833 2972 2888 vinum
2997 2841 3308 2904 ;unguento
3331 2833 3572 2903 denique
3596 2834 3766 2888 eosin

433 2959 436 2963 -
491 2931 668 2976 monte
698 2933 923 2978 unctum
949 2924 1015 2979 iri
1049 2923 1324 2996 legimus;
1355 2925 1560 2994 quibus
1591 2921 1842 3010 effectum
1865 2931 1970 2988 est,
2009 2932 2069 2977 ut
2106 2921 2253 2992 quod
2289 2923 2503 2992 futuras
2531 2926 2586 2982 in
2613 2925 2759 2979 saltu
2797 2925 2986 2980 cautas
3021 2924 3186 2999 739
3261 2925 3490 2996 adjecit,
3557 2924 3764 2978 factum

493 3017 820 3082 reperiatur.

569 3107 664 3162 Est
702 3125 830 3165 vero
861 3117 1148 3176 usrtatum,
1183 3116 1243 3163 ut
1265 3109 1436 3163 saltus
1461 3107 1704 3174 nomine,
1755 3115 2066 3164 exterarum

2242 3105 2478 3177 Δρυμὸν
2511 3105 2756 3178 συνήθως
2809 3105 2985 3176 λέγων
3019 3104 3128 3160 τῶν
3160 3103 3480 3174 ἀλλοφύλων
3527 3105 3590 3156 τὺ
3627 3105 3766 3174 πὶῆο

495 3199 744 3268 εθιιιίιιιη
779 3199 1078 3254 multitudo
1106 3199 1450 3268 signiﬁcetur
1471 3216 1487 3266 ;
1511 3198 1653 3268 apud
1678 3214 1818 3268 quas
1851 3199 2076 3253 institu-

497 3295 584 3340 tas
613 3301 738 3342 esse
802 3297 1020 3343 constat
1084 3288 1358 3343 Ecclesias
1385 3303 1401 3352 ;
1427 3301 1548 3354 quae
1593 3286 1784 3350 cauta,
1817 3297 1872 3340 et
1916 3287 2075 3342 vallis

495 3381 676 3434 Achar
705 3381 1067 3450 appellantur.
1092 3381 1170 3436 Ae
1203 3383 1248 3437 si
1293 3381 1506 3435 diceret
1533 3399 1547 3436 :
1574 3379 1692 3436 Non
1727 3382 1886 3436 aliter
1910 3397 2074 3452 quam

495 3470 694 3524 vallem
748 3469 938 3524 Acbor
1004 3478 1170 3525 totam
1235 3471 1668 3527 exsecrationem
1732 3472 1845 3541 pati
1898 3473 2078 3527 conti-

498 3561 576 3630 git
607 3560 648 3592 "
675 3576 690 3625 ;
721 3575 845 3616 cum
877 3575 943 3616 eo
981 3561 1261 3631 coniectus
1289 3561 1472 3618 Achor
1523 3569 1630 3629 est,
1670 3566 1764 3634 qui
1805 3577 1926 3634 qua:
1966 3563 2078 3619 Deo

497 3649 720 3706 fuerant
767 3661 1090 3707 consecrata
1130 3651 1348 3707 furatus
1404 3655 1742 3709 essetztalis
1788 3653 1966 3710 fuerat
2025 3661 2080 3710 et

497 3743 890 3813 ipsa‘g'entium
935 3745 1254 3814 impiarum,
1299 3745 1522 3816 Deoque
1545 3746 1850 3802 carentium
1883 3747 2075 3816 regio;

496 3848 622 3904 qua:
641 3834 696 3888 in
721 3845 1082 3890 armentorum
1117 3837 1372 3907 requiem,
1401 3839 1616 3906 populo,
1640 3838 1731 3908 qui
1757 3855 1838 3892 me
1882 3841 2081 3908 quaesi-

499 3933 708 3989 uerunt,
751 3922 936 3978 futura
963 3934 1048 3980 est
1079 3941 1093 3979 :
1132 3941 1294 3996 quem
1313 3933 1368 3980 et
1391 3927 1613 3992 racemi,
1634 3935 1687 3982 et
1719 3927 2084 3992 seminis,ele—

497 4025 717 4070 cturum
752 4016 997 4085 insuper,
1024 4024 1078 4071 et
1125 4013 1410 4072 servorum
1449 4019 1763 4073 nominibus
1795 4018 2080 4074 indicavit.

495 4108 714 4180 Cogent
739 4111 884 4164 enim
927 4119 1170 4164 armenta
1207 4119 1262 4166 et
1279 4127 1484 4182 greges,
1518 4125 1628 4165 non
1662 4111 1715 4166 in
1749 4111 1954 4179 Israel;
1987 4112 2082 4166 sed

499 4197 557 4252 in
581 4199 724 4252 saltu
774 4199 1059 4269 praedicto,
1089 4207 1144 4254 et
1203 4201 1339 4256 ualle
1385 4201 1652 4268 Achoris;
1681 4201 1736 4255 id
1766 4210 1870 4268 est,
1907 4201 1962 4256 in
1997 4218 2084 4258 re-

500 4290 682 4358 gionis
729 4290 1114 4360 amplitudine,
1165 4291 1212 4346 si
1259 4292 1502 4347 nominis
1562 4291 2077 4362 interpretationem

503 4380 775 4448 postulas.
799 4382 982 4452 Atque
1029 4382 1144 4437 lure
1189 4383 1410 4452 quidem
1457 4383 1582 4438 istis
1614 4391 1897 4442 eventura
1931 4389 2082 4437 sunt.

2183 3197 2296 3261 θος,
2342 3197 2473 3268 παρ’
2522 3190 2606 3256 οἷς
2671 3196 2992 3268 Ἐκκλησίαι
3053 3196 3422 3266 κατέστησαν,
3478 3195 3766 3262 ἐπαύλεις

2183 3289 2537 3360 καλούμεναι,
2572 3287 2670 3342 καὶ⁵
2686 3287 2922 3358 φάραγξ
2964 3286 3161 3356 Ἀχώρ.
3186 3285 3341 3340 Τοῦτ’
3373 3285 3547 3351 ἐστιν,
3579 3284 3764 3356 ὥσπερ

2183 3380 2323 3450 αὑτὴ
2356 3379 2580 3448 γέγονεν
2630 3377 3180 3448 ἀνατεθηματισμένη
3227 3375 3517 3444 πατγενεὶ,
3550 3374 3709 3430 τοῦτο
3738 3384 3760 3411 ⁸

2184 3470 2441 3540 ἀνάθημα
2472 3468 2776 3538 κλέψαντος
2813 3467 3180 3538 ἐμϐληθέντος
3214 3467 3351 3536 αὐτῇ
3375 3481 3390 3496 °
3423 3465 3650 3536 τοιαύτη
3680 3481 3765 3526 τις

2185 3559 2254 3635 ἦν
2294 3563 2328 3634 ή
2357 3560 2511 3633 χώρα
2551 3559 2662 3614 τῶν
2701 3559 2876 3614 ἀθέων
2901 3559 3094 3622 ἐθνῶν,
3143 3559 3267 3630 ἥτις
3299 3560 3390 3624 εἰς
3415 3556 3766 3614 ἀνάπαυσιν

2187 3655 2342 3709 ἔσται
2385 3653 2736 3718 ,Βουκολίων
2765 3653 2846 3718 τῷ
2875 3651 3275 3720 ἐκζητήσαντί
3314 3668 3394 3720 με
3420 3651 3572 3716 λαῷ,
3604 3649 3664 3714 ὃς
3694 3646 3765 3722 ἦν

2186 3749 2215 3802 ὀ
2249 3743 2379 3816 ρὼε
2421 3745 2515 3800 καὶ
2542 3745 2606 3798 τὸ
2642 3744 2883 3814 σπέρμα
2905 3744 2966 3797 τὸ
3003 3744 3316 3814 εἰρημένον,
3345 3743 3396 3796 οἱ
3429 3743 3677 3797 ἐκλεκτοί
3706 3755 3765 3798 τι

2187 3834 2386 3892 δοῦλοι.
2444 3837 2812 3906 Συστήσονται
2863 3835 2972 3906 γὰρ
3023 3828 3172 3888 οῦτοι
3213 3833 3516 3898 ,ϐουκόλιά
3561 3851 3624 3888 τε
3675 3835 3769 3888 καὶ

2189 3929 2459 3998 ποίμνια,
2487 3929 2587 3982 οὐκ
2619 3929 2676 3980 ἐν
2708 3929 2786 3998 τῷ
2817 3927 3058 3997 Ἰσραὴλ,
3100 3925 3216 3979 ἀλλ’
3258 3928 3316 3978 ἐν
3345 3925 3424 3996 τῷ
3470 3925 3768 3992 δηλωθέντι

2188 4021 2410 4092 δρυμῷ,
2428 4021 2525 4074 καὶ
2540 4019 2616 4089 τῇ
2640 4017 2896 4089 φάραγγι
2925 4017 3032 4072 τοῦ
3065 4016 3350 4088 Ἀχὼρ,δς
3382 4017 3764 4088 ἑρμηνεύεται.

2192 4113 2389 4183 φασὶν,
2419 4111 2754 4182 εὐρυχωρία.
2790 4108 2976 4164 Ταῦτα
3027 4110 3128 4179 μὲν
3170 4109 3381 4172 τούτοις
3404 4124 3417 4138 ·
3457 4111 3569 4170 τοῖς
3627 4108 3769 4160 δέτό

2191 4202 2364 4272 ἅγιον
2403 4197 2914 4272 ἑγκαταλιποῦσιν
2951 4197 3110 4266 ὅρος,
3165 4199 3257 4252 καὶ
3314 4197 3634 4266 συναφθείσι
3658 4198 3770 4258 τοῖς

2193 4293 2447 4356 ἐθνικοίς,
2479 4293 2554 4354 ὼς
2612 4284 3087 4359 παρασκευάζειν
3117 4285 3194 4354 τῷ
3209 4288 3327 4358 μὲν
3345 4286 3642 4356 ἀγάλματι
3663 4285 3767 4351 τῆς

2193 4383 2382 4453 τύχης
2410 4378 2722 4450 τράπεζαν,
2774 4379 2855 4445 τῷ
2892 4378 2961 4432 δὲ
2989 4379 3229 4448 δαίμονι
3255 4377 3530 4445 κέρασμα
3573 4375 3656 4445 τῷ
3709 4377 3767 4426 ἐν

503 4467 564 4522 In
605 4477 836 4524 caeteros
874 4479 1080 4536 autem,
1114 4471 1206 4540 qui
1239 4480 1468 4524 montem
1499 4483 1742 4525 sanctum
1793 4472 2077 4542 derelique-

2191 4472 2361 4544 αὐτῷ,
2407 4469 2775 4543 ἐπαχθήσεται
2804 4469 3084 4539 μάχαιρα.
3119 4469 3238 4522 Κᾶν
3262 4469 3578 4540 ἐρωτήσῃς,
3614 4464 3761 4520 ’Δνθ’

401 4566 405 4572 ’
501 4569 651 4624 runt,
689 4577 859 4632 seque
896 4563 1156 4632 gentibus
1184 4564 1259 4617 ita
1287 4563 1686 4634 adiunxerunt,
1723 4571 1783 4618 ut
1815 4579 1938 4619 mox
1970 4563 2084 4634 [or-

501 4662 653 4705 tuna:
711 4651 1001 4706 simulacro
1059 4669 1296 4706 mensam
1347 4661 1620 4722 pararent,
1677 4669 1802 4708 moa:
1857 4653 2089 4708 dwmoni

499 4745 788 4815 potionem,
813 4757 862 4802 et
895 4747 1108 4818 gladius
1158 4749 1324 4804 etiam
1371 4749 1684 4804 inducetur.
1716 4747 1873 4815 Quod
1923 4749 1971 4804 si
2005 4749 2092 4803 in~

502 4847 776 4908 terroges,
803 4852 910 4892 cur
944 4851 974 4890 a
1029 4853 1131 4892 me.
1175 4845 1374 4892 caetera
1431 4836 1926 4908 pratermittantur
1957 4849 1973 4900 ;
2006 4849 2092 4889 me

504 4939 610 4986 Vos
641 4938 864 5001 propter
895 4929 1166 5000 m'eipsum
1194 4947 1407 4985 vocasse
1461 4927 1832 5000 respondebo,
1862 4941 1963 4982 vos
1990 4941 2090 4981 aua-

504 5027 614 5076 lem
645 5037 747 5074 non
777 5019 1043 5075 audivisse
1069 5035 1088 5085 ;
1122 5021 1284 5090 quale
1308 5021 1446 5075 illud
1472 5019 1596 5087 fuit,
1628 5017 1774 5089 quod
1807 5027 2095 5082 antea,me

505 5113 727 5168 venisse
760 5113 1124 5184 quidem,scd
1161 5114 1438 5169 Itoniiinem
1487 5127 1602 5167 non
1653 5111 1869 5178 fuisse;
1908 5121 1964 5166 et
1998 5125 2094 5164 vo-

506 5208 890 5275 casseetiam,
930 5207 1027 5264 sed
1071 5209 1280 5265 nullum
1329 5207 1667 5276 obedivisse,
1707 5208 1921 5262 monui.
1964 5203 2087 5260 Non

508 5297 710 5352 desunt
760 5315 949 5370 porro,
976 5299 1070 5370 qni
1129 5307 1407 5370 postrema
1438 5299 1569 5364 ista,
1600 5299 1666 5353 ad
1716 5309 1932 5369 gentes,
1963 5298 2086 5368 quae

587 5452 635 5484 "
665 5443 818 5508 Gen.
847 5469 1003 5520 xvm,
1036 5453 1130 5510 52.
1208 5455 1250 5487 ¹⁸
1272 5454 1376 5511 lsa.
1414 5471 1451 5522 ι,
1483 5454 1538 5511 9.
1621 5453 1850 5512 "Hebr.
1877 5470 1978 5518 ιιι,
2089 5450 2180 5510 29..

2188 4565 2312 4618 ὅτου
2378 4563 2547 4618 τᾶλλα
2607 4563 2833 4630 παρεῖς;
2888 4559 3000 4630 ἐρῶ
3049 4562 3132 4624 ὅτι
3162 4557 3231 4612 δι’
3273 4557 3514 4629 ἐμαυτοῦ
3565 4557 3770 4611 καλῶν

2192 4651 2578 4727 παρεγενόμην
2594 4651 2624 4707 ὗ
2633 4654 2760 4724 μᾶς,
2787 4653 2946 4720 ὑμεῖς
2969 4651 3026 4706 δέ
3046 4655 3156 4717 οὐχ
3176 4641 3592 4718 ὑπηκούσᾶτε.
3615 4646 3768 4701 Καθά

2192 4749 2474 4820 προεῖπεν,
2498 4743 2727 4810 Ἷὶλθον,
2759 4745 2854 4798 καὶ
2889 4744 2989 4798 οὐκ
3041 4737 3110 4812 ἦν
3167 4741 3481 4813 ἅνθρωπος·
3512 4739 3764 4802 ἐκάλεσα,

2194 4839 2290 4894 καὶ⁸
2321 4839 2422 4893 οὐκ
2443 4833 2511 4909 ἦν
2531 4837 2560 4890 ὀ
2589 4835 2899 4890 ὑπακούων.
2927 4835 3086 4898 Τινὲς
3109 4830 3166 4887 δέ
3187 4834 3257 4888 τὰ
3287 4833 3576 4886 τελευταῖα
3603 4829 3768 4885 ταῦτα

2199 4930 2334 5000 πρδς
2353 4930 2480 4990 τοὺς
2497 4928 2558 4993 ἐξ
2574 4927 2744 4981 ἐθνῶν
2760 4926 3170 4998 ἀπειθήσαντας
3195 4924 3448 4996 εἰρῆσθαί
3465 4939 3648 4992 φασιν.
3682 4920 3769 4983 Ὠς

2195 5023 2303 5093 γὰρ
2333 5021 2392 5074 οὐ
2428 5019 2652 5089 γέγονεν
2693 5018 2928 5089 ἀζήμιον
2957 5020 3070 5082 τοῖς
3096 5015 3157 5082 ἐξ
3198 5013 3416 5086 Ἰσραὴλ
3452 5014 3514 5066 τὸ
3540 5011 3768 5080 ἀπειθῆο

2197 5131 2286 5167 σαι
2316 5109 2538 5182 Χριστῷ
2563 5109 2790 5182 (δέδοται
2819 5109 2926 5180 γὰρ
2955 5110 3034 5172 είς
3069 5107 3304 5178 σφαγὴν,
3336 5104 3476 5174 ἐλέῳ
3502 5101 3638 5156 Θεοῦ
3669 5117 3768 5153 σω-

2195 5206 2379 5268 θέντος
2415 5204 2510 5258 τοῦ
2553 5200 3038 5272 καταλείμματος),
3071 5198 3244 5261 οῦτως
3276 5199 3335 5250 ἐν
3365 5197 3432 5266 τῇ
3459 5193 3570 5248 τῶν
3597 5191 3764 5246 ἐθνῶν

2191 5295 2383 5366 κλήσει
2403 5293 2452 5347 οἱ
2475 5291 2550 5364 μὴ
2570 5290 2884 5354 πεισθέντες
2907 5286 3374 5360 παραδοθήσονται
3399 5283 3536 5352 πρὸς
3562 5279 3766 5350 σφαγὴν

2315 5453 2358 5486 ¹⁷
2377 5450 2547 5508 Iosue
2585 5468 2682 5519 vn,
2705 5447 2795 5533 26.

1757 5613 1770 5624 .
1825 5565 2063 5624 VARIIE
2102 5563 2504 5623 LECTIONES.

589 5661 620 5710 IT
641 5681 731 5730 .yp.
761 5665 978 5734 ποιήσῃ.
1056 5672 1174 5733 ιγρ.
1208 5663 1298 5716 τοῦ
1331 5667 1416 5718 τό.
