3966 6318
146 265 296 330 2693

1315 249 1846 311 COMMENTARII
1895 250 1977 310 IN
2011 250 2292 310 lSAIAM.

3291 243 3434 309 259$

149 376 356 431 Οῢκέτι
398 366 814 442 μεμνήσονται
839 362 956 417 τῶν
990 361 1316 430 προτέρων,
1349 361 1447 422 τὰς
1477 361 1655 423 δόξας,
1682 360 1748 422 ἃς

1855 360 1948 413 Dei
1980 376 2144 430 opera
2204 365 2522 430 agnoscent,
2557 373 2662 426 qua
2716 356 2781 410 de
2835 371 3000 410 causa
3056 357 3295 425 priorum
3331 375 3434 412 non

150 464 324 538 εἶχον,
347 463 424 526 ὡς
453 460 582 532 περὶ
621 457 761 511 θεῶν
800 453 1220 512 ἀποϐάλλοντες.
1263 452 1632 518 Ἀγαλλίαμα
1657 450 1739 514 δὲ,

1847 468 1959 505 esse
1980 451 2350 505 recordaturos
2378 449 2606 517 amplius
2631 449 2871 517 adjecit;
2923 457 2983 501 ut
3015 465 3152 517 quas
3201 451 3266 504 de.
3300 451 3430 508 illis.

153 557 348 628 φησὶν,
371 551 744 622 εὑρήσουσιν
766 546 836 599 ἐν
851 543 1026 612 αὐτῇ,
1047 542 1241 609 animi
1251 541 1282 610 ὴ
1308 540 1382 609 τῇ
1399 541 1506 608 νέᾳ
1533 541 1748 609 Ἰερου-

1851 551 2110 611 tanquam
2147 541 2252 594 diis
2289 540 2584 600 hahcbaut,
2631 540 2923 608 opiniones
2961 540 3284 605 aligieerent.
3319 541 3432 593 Ad-

150 647 386 714 σαλὴμ,
441 638 762 710 Ἐκκλησία,
798 635 931 707 περὶ
967 631 1034 706 ἦς
1065 633 1318 702 ἐπιφέρει
1339 651 1350 664 ι
1389 632 1519 685 αὑτό
1548 633 1658 702 γὰρ
1687 631 1746 684 τὸ

152 738 522 810 ἀγαλλίαμα,
560 731 656 785 καὶ
699 731 732 801 ἡ
778 726 996 797 καθαρὰ
1029 724 1316 779 θεοσέϐεια
1374 725 1525 777 ἔσται
1563 726 1746 788 αὐτοῖς

169 826 590 900 Ἰπρουσαλήμ
623 825 692 876 Ἢ
718 823 800 876 ὅτι
842 819 1134 890 Ἐμαυτοῦ
1164 820 1552 888 εὐφροσύνην
1580 817 1748 886 θήσω

153 923 276 988 τὴν
319 915 740 986 Ἰερουσαλὴμ,
782 910 1275 984 ὲνευφραινόμενος
1313 909 1394 973 τῷ
1425 909 1573 975 λαῷ,
1603 903 1652 976 ᾧ
1679 909 1746 961 τὸ

152 1012 374 1068 καινὸν
392 1011 590 1079 ,ὄνομα
622 1003 1104 1080 κατεπήγγελμαι.

229 1259 471 1320 τοιαῦτα
491 1264 601 1335 γὰρ
627 1261 828 1332 πράξει
854 1260 1058 1314 τούτων
1082 1261 1113 1329 ἡ
1145 1258 1411 1321 πολιτεία,
1437 1257 1517 1324 ὠς
1533 1256 1745 1326 μηκέτι

153 1358 406 1428 πράξεις
456 1357 525 1409 ἐνν
587 1353 792 1420 αὐτοῖς
843 1353 1171 1407 ἀκούεσθαι
1239 1345 1552 1420 κλαυθμοῦ
1648 1349 1748 1404 καί

153 1449 426 1519 κραυγῆς
481 1448 658 1511 ἀξίας.
707 1446 794 1508 Ὠς
841 1447 906 1497 ὲκ
941 1443 1195 1513 διαϐολῆς
1226 1443 1281 1496 δὲ
1328 1443 1426 1512 τῆς
1475 1441 1742 1511 αἰσθητῆς

169 1539 565 1610 Ἰερουσαλὴμ
612 1538 827 1604 ὑφαίνει
867 1535 959 1587 τὸν
1015 1534 1195 1603 λόγον,
1237 1529 1306 1606 ἧς
1354 1536 1403 1587 ot
1447 1533 1744 1604 ἡγούμενοι

163 1631 303 1702 μετὰ
331 1629 518 1699 δώρων
547 1626 825 1695 κρίνοντες
874 1622 1071 1676 seram
1101 1621 1558 1692 κατεψηφίζοντο,
1594 1621 1746 1691 μετὰ

1843 630 1977 698 jeeit
2037 629 2202 682 etiam
2240 627 2618 680 exultationem
2649 641 2762 679 esse
2809 627 2864 677 in
2919 641 2980 678 ca
3018 627 3344 689 inventuros,
3376 635 3433 679 ut

1846 731 2104 790 regentem
2135 719 2458 782 Jerusalem,
2505 719 2554 772 id
2585 727 2693 778 est,
2726 717 3050 777 Eri-lesiam,
3075 720 3430 793 signiﬁcaret;

1846 814 1915 867 de
1948 829 2052 882 qua
2118 813 2452 881 intelligens,
2489 811 2661 880 ipsam
2717 810 2822 863 illis
2859 810 3288 873 exsultationem,
3333 826 3432 878 pu-

1847 916 2082 970 rumque
2109 903 2317 956 cultum
2361 901 2660 954 Jerusalem
2721 897 2834 952 fore.
2865 898 3218 965 siguiﬁCavit.
3263 897 3353 952 Vel
3380 915 3434 951 se

1847 992 2118 1062 facturum
2175 992 2412 1044 laetitiam
2467 1007 2620 1042 suum
2668 989 2969 1041 Jerusalem
3033 988 3286 1056 afﬁrmat,
3339 989 3433 1056 qui

1845 1085 2037 1158 populo
2059 1083 2384 1146 delectetur,
2416 1081 2502 1136 cui
2545 1079 2704 1150 745
2738 1095 2916 1132 recens
2949 1094 3135 1132 nomen
3168 1094 3196 1131 a
3221 1093 3280 1132 se
3317 1093 3436 1146 pro-

1849 1179 2082 1231 missum
2114 1175 2223 1229 sit:
3453 1163 3455 1165 ’

1922 1268 2160 1322 Tantum
2185 1266 2331 1321 cnim
2363 1263 2684 1318 effecturam
2727 1263 2957 1317 istorum
2988 1262 3112 1314 vita:
3135 1263 3428 1322 rationem,

1848 1371 1905 1413 ut
1936 1359 2098 1413 nulla:
2131 1358 2361 1428 amplius
2394 1357 2447 1409 in
2478 1356 2554 1409 eis
2590 1356 2745 1424 [lctus
2805 1364 2854 1407 ct
2882 1354 3131 1407 clamoris
3187 1353 3432 1408 actiones

1849 1453 2166 1506 audiantur.
2193 1449 2478 1518 Tanquam
2496 1463 2630 1500 vero
2652 1445 2959 1514 subjectum
2985 1445 3244 1499 sensibus
3273 1444 3432 1497 Jeru-

1847 1542 2016 1595 salem
2054 1545 2296 1602 accuset,
2331 1550 2644 1592 sermonem
2683 1534 3082 1595 accommodat,
3105 1539 3160 1586 in
3197 1550 3300 1602 qua
3327 1534 3426 1603 qui

1814 1633 1956 1702 -juri
2017 1631 2258 1686 dicundo
2301 1627 2761 1699 prmﬁciebantur,
2817 1627 3140 1680 muneribus
3181 1626 3428 1694 corrupti

156 1721 431 1790 κραυγῆς
457 1719 656 1781 αὐτοὺς
672 1717 900 1787 θρηνεῖν
929 1716 1354 1783 ἀναγκάζοντες,
1388 1716 1517 1786 περὶ
1550 1709 1618 1784 ἦς
1651 1713 1748 1766 Ἰε-

1851 1725 2171 1778 innocentes
2207 1718 2671 1778 condemnabam,
2725 1719 2793 1773 ad
2827 1719 3008 1788 ﬂetum
3038 1729 3085 1770 et
3141 1717 3426 1771 clamorem

161 1815 360 1884 ρεμίας
382 1812 546 1882 φησίν
566 1826 580 1840 °
617 1827 637 1862 ι
666 1808 737 1862 Ὦ
759 1808 916 1872 πόλις
937 1807 1161 1878 ψευδὴς,
1185 1809 1280 1878 ὅλη
1310 1807 1741 1860 καταδυναστεία

161 1910 220 1959 ἐν
253 1906 411 1974 αὐτῇ,
445 1922 468 1954 ι
502 1903 598 1956 καὶ
626 1901 695 1954 τὰ
727 1902 989 1970 ἑπόμενα.
1021 1901 1132 1954 Καὶ
1173 1899 1334 1963 ἄλλος
1361 1899 1418 1952 δέ
1447 1917 1580 1968 φησι
1607 1915 1744 1968 προ-

159 1997 364 2065 φήτηςο
389 2013 408 2045 ι
447 1991 921 2056 Ἐκονδὺλιζονεὶς
950 1991 1193 2059 κεφαλὰς
1217 1989 1470 2060 πτωχῶν,
1495 1989 1592 2043 καὶ
1622 1989 1742 2042 ὁδὸν

156 2088 434 2140 ταπεινῶν
460 2085 762 2150 ἐξέκλιναν.
802 2100 821 2133 ι
868 2082 931 2134 Ἥ
953 2082 1008 2134 δὲ
1029 2081 1270 2150 Χριστοῦ
1300 2079 1599 2150 Ἐκκλησία
1614 2079 1743 2132 τού-

157 2193 274 2228 των
301 2173 671 2245 ἀπήλλακται,
700 2174 757 2226 ὲν
858 2173 970 2225 οὐκ
1005 2170 1178 2224 ἕσται
1210 2170 1419 2238 ἄωρος,
1455 2169 1554 2224 καί
1601 2182 1744 2237 πρε-

160 2268 412 2332 σϐύτης,
466 2264 534 2330 ὃς
583 2266 695 2318 οὐκ
743 2262 1044 2332 ἐμπλήσει
1098 2261 1208 2315 τὸν
1261 2264 1489 2331 χρόνον
1532 2261 1743 2315 αὑτοῦ.

165 2360 398 2438 ’.ἄωρον
431 2357 532 2426 μὲν
563 2357 654 2409 τὸν
685 2356 742 2423 ἐξ
779 2354 949 2409 ὲθνῶν
977 2355 1125 2423 λέγει
1168 2354 1318 2418 λαδν,
1349 2353 1478 2425 περὶ
1519 2349 1580 2408 οὗ
1609 2371 1744 2424 φησι

160 2446 262 2499 καὶ
285 2445 448 2502 Δαϐίδ
471 2461 483 2473 °
523 2463 543 2496 ι
594 2446 652 2496 Ὀ
683 2443 812 2506 λαὸς
847 2445 877 2495 ὁ
923 2443 1241 2512 κτιξόμενος
1273 2442 1476 2495 αἰνέσει
1503 2443 1594 2496 τὸν
1633 2442 1746 2498 Κύ-

160 2553 304 2603 ριον..
352 2554 372 2586 ›
427 2531 520 2597 Οἷς
550 2533 645 2587 καὶ
695 2533 908 2597 Παῦλος
941 2536 970 2574 8
1003 2549 1200 2603 φησιν·
1250 2533 1336 2596 Ὠς
1380 2534 1746 2604 ἀρτιγέννητα

163 2629 346 2701 βρέφη
393 2627 454 2681 τὸ
505 2625 727 2696 λογικὸν
779 2626 882 2679 καὶ
928 2626 1112 2680 ἄδολον
1157 2624 1314 2693 γάλα·
1347 2625 1744 2696 ἐπιποθήσατε.

158 2721 518 2787 Πρεσϐύτην
550 2718 628 2783 δὲ,
651 2717 741 2770 τὸν
765 2718 829 2768 ὲκ
846 2714 1168 2787 περιτομῆς,
1195 2717 1268 2779 ὠς
1295 2717 1372 2786 τῷ
1392 2719 1590 2785 χρόνῳ
1609 2717 1748 2770 κατὰ

161 2812 265 2881 τὴν
311 2809 635 2879 Ἐκκλησίαν
661 2807 1052 2878 πρεσϐύτερον,
1086 2810 1144 2862 ὲν
1183 2801 1346 2880 ᾖοὺκ
1389 2807 1544 2860 ἐσται
1585 2809 1748 2877 φησὶν

157 2901 449 2972 οὐδετέρου
494 2899 748 2968 διαφορά.
783 2899 988 2960 Πάντες
1031 2899 1140 2968 γὰρ
1177 2898 1392 2952 ἔσονται
1423 2900 1641 2965 τέλειοι,
1669 2901 1750 2964 είς

165 2995 368 3065 μέτρον
408 2992 624 3062 ἡλικίας
669 2989 1052 3053 ἀναϐαίνοντες
1101 2990 1194 3043 τοῦ
1248 2989 1614 3061 πληρώματος
1654 2991 1747 3044 τοῦ

160 3085 428 3158 Χριστοῦ.
453 3083 622 3136 Τοῦτο
644 3082 754 3152 γὰρ
771 3083 798 3133 ὁ
819 3081 1109 3143 ἑκατοστὺς
1135 3083 1466 3152 παρίστησιν
1488 3081 1744 3153 ἀριθμὸς,
1774 3066 1817 3123 c

161 3183 259 3234 ὅτε
290 3178 384 3230 καὶ
419 3179 452 3247 ἡ
477 3176 616 3229 κατὰ
645 3175 810 3244 νόμον
837 3173 1122 3236 τελείωσις
1177 3174 1436 3245 ἀνόνητος
1464 3173 1616 3228 ἔσται
1638 3177 1749 3238 τοῖς

163 3271 407 3340 ἔχουσιν,
442 3269 490 3320 εί
543 3266 619 3337 μὴ
660 3265 882 3336 Χριστῷ
916 3264 1288 3336 προσέλθωσιν
1343 3265 1433 3320 διὰ
1490 3267 1747 3333 πίστεως,

165 3363 228 3414 ἐν
326 3360 709 3429 βαπτισθέντες
749 3359 873 3420 τοὺς
904 3359 968 3410 ὲκ
1011 3358 1109 3426 τῆς
1139 3357 1418 3427 ἁμαρτίας
1461 3357 1751 3426 ἀποτριϐό-

167 3449 315 3520 μεθα
375 3448 708 3520 μολυσμούς.
734 3446 948 3500 Οὐκοῦν
984 3447 1086 3500 κᾶν
1136 3448 1189 3500 εἰ
1227 3464 1310 3510 τις
1354 3447 1572 3500 ἑκατὸν
1601 3445 1752 3500 ἐτῶν

166 3540 432 3609 ὑπάρχων
453 3539 550 3610 τὴν
575 3541 632 3591 ἐν
658 3539 806 3607 νόμῳ
835 3535 1014 3590 λαϐὼν
1042 3521 1380 3608 τελειότητα,
1418 3538 1511 3590 καὶ
1541 3541 1749 3591 τελευ-

164 3631 420 3696 τήσειεν
463 3630 831 3699 ἁμαρτωλὸς,
856 3629 954 3700 τὴν
999 3632 1057 3682 έν
1093 3629 1315 3700 Χριστῷ
1356 3629 1431 3698 μὴ
1464 3629 1750 3699 προσηκά-

167 3740 334 3793 μενος
371 3724 574 3786 πίστιν,
605 3723 776 3775 ἕσται
813 3719 1266 3787 ἐπικατιὶρατος,
1296 3721 1418 3781 ταῖς
1451 3717 1543 3770 τοῦ
1583 3719 1748 3787 νόμου

168 3812 554 3884 παραϐάσεσιν
597 3812 778 3881 ἔνοχος
807 3811 903 3873 ῶν,
947 3811 1004 3861 ὲν
1043 3804 1085 3877 ᾧ
1116 3809 1304 3878 μηδεὶς
1341 3808 1592 3864 τοσοῦτον
1619 3825 1751 3863 κατ-

169 3904 452 3975 ώρθωσεν,
498 3904 573 3968 ὡς
620 3905 728 3966 ὑπὸ
771 3903 1086 3973 παράϐασιν
1127 3903 1201 3972 μὴ
1248 3905 1454 3956 πεσεῖν.
1488 3919 1506 3952 ι
1543 3902 1752 3965 Πάντες

166 3997 305 4067 γὰρ,
330 3998 515 4066 φησὶν,
542 3997 810 4070 ἥμαρτον,
837 3995 930 4052 καὶ
955 3992 1309 4064 ὑστεροῦνται
1340 3994 1436 4064 τῆς
1468 3991 1627 4062 δόξης
1657 3991 1749 4046 τοῦ

168 4088 333 4150 Θεοῦ,
355 4086 722 4154 δικαιούμενοι
743 4086 953 4156 δωρεὰν
968 4089 1032 4158 τῇ
1058 4085 1224 4140 αὑτοῦ
1243 4087 1446 4157 χάριτι.
1477 4103 1495 4136 ι
1518 4085 1753 4156 Τοιγαρο

169 4179 272 4232 οῦν
300 4181 356 4232 ἐν
398 4179 476 4249 τῷ
519 4178 669 4248 νόμῳ
701 4177 908 4240 Παῦλος
950 4176 1279 4238 τελειωθεὶς,
1315 4176 1562 4232 σκύϐαλα
1607 4177 1749 4246 ἡγή-

173 4288 312 4324 σατο
348 4271 416 4324 τὰ
456 4273 513 4323 ὲν
542 4271 712 4341 νόμῳ,
743 4271 828 4323 ἵνα
866 4270 1100 4342 Χριστὸν
1128 4270 1384 4341 κερδάνῃ,
1413 4269 1505 4330 καὶ
1546 4268 1747 4340 εὑρεθῇ

1846 1817 2126 1884 adigentes
2152 1830 2168 1877 ;
2201 1811 2270 1866 de
2299 1825 2405 1881 qua
2432 1817 2559 1864 sunt
2588 1817 2641 1862 et
2669 1809 2772 1862 ista
2811 1807 3060 1862 Jercmize
3089 1825 3102 1860 :
3135 1808 3178 1863 Ο
3227 1812 3425 1867 civitas

1846 1905 2102 1967 mendax,
2127 1903 2275 1956 nulla
2316 1916 2423 1954 non
2461 1898 2748 1968 oppressio
2785 1900 2838 1951 in
2881 1914 2942 1950 ea
2967 1899 3034 1960 ’⁷,
3068 1919 3086 1948 ι
3121 1908 3427 1968 caeteraque

1846 1995 2126 2062 deinceps.
2187 1991 2254 2046 Et
2311 1990 2576 2059 propheta
2610 1989 2839 2044 aliuszu
2902 1987 3190 2043 Feriehant
3248 1993 3426 2060 capita

1845 2101 2170 2158 pauperum,
2190 2093 2243 2140 ct
2259 2085 2402 2138 viam
2423 2082 2711 2135 humilium
2729 2081 3075 2136 declinabant
3095 2083 3160 2132 ’⁸.
3177 2101 3194 2134 ι
3217 2083 3282 2136 At
3307 2084 3428 2137 istis

1845 2179 2049 2234 Christi
2085 2177 2324 2231 liberata
2355 2185 2438 2228 est
2469 2173 2714 2227 Ecclesia
2742 2190 2758 2231 :
2806 2173 2860 2225 in
2894 2187 2998 2242 qua
3055 2189 3156 2227 non
3184 2174 3434 2226 immatu-

1846 2286 1990 2332 rum,
2048 2286 2152 2323 non
2207 2283 2404 2328 cenent,
2440 2266 2530 2335 qui
2588 2274 2789 2334 tempus
2826 2281 2980 2318 suum
3035 2283 3136 2318 nun
3189 2267 3425 2334 intp'eat,

1846 2358 2088 2427 futurum
2126 2358 2222 2410 ait.
2250 2354 2372 2419 Quo
2407 2354 2549 2416 loco,
2579 2353 2857 2405 immaturi
2892 2355 3136 2418 nom7ne,
3184 2358 3427 2422 gentimu

1848 2447 2107 2518 populum
2143 2443 2440 2512 intelligit;
2467 2455 2525 2496 ut
2553 2450 2607 2496 et
2648 2441 2816 2495 David
2846 2444 3105 2512 populum
3147 2445 3236 2513 qui
3272 2460 3430 2499 etea-

1845 2545 1938 2590 tur
1960 2578 1974 2602 ,
2006 2537 2350 2590 laudaturum
2388 2531 2681 2586 Dominum
2727 2529 2954 2583 aﬁirwat
2984 2531 3028 2562 ”
3054 2572 3067 2585 .
3125 2532 3186 2584 l‘lt
3236 2531 3429 2589 Petrus

1847 2631 2036 2697 etiam,
2073 2627 2165 2682 ubi
2199 2628 2342 2681 sicut
2373 2625 2532 2679 modo
2587 2624 2804 2694 genitos
2835 2623 3073 2676 infantes
3106 2626 3430 2678 rationabile

1848 2721 1954 2783 lac,
1986 2730 2042 2775 et
2071 2720 2193 2775 sine
2227 2718 2354 2773 dolo
2379 2717 2777 2786 concupiscere
2828 2716 3170 2786 praecipit”.
3219 2715 3430 2770 Intelli-

1851 2814 1930 2883 git
1970 2826 2138 2882 porro
2191 2811 2331 2864 senis
2354 2809 2746 2884 appellatione,
2777 2805 3049 2869 Iuda-um,
3081 2809 3247 2860 veluti
3301 2819 3430 2860 tem-

1850 2923 1978 2975 pore
2009 2903 2372 2974 superiorem,
2425 2901 2612 2955 habita
2641 2901 2708 2955 ad
2743 2899 3042 2952 Ecclesium
3093 2901 3327 2960 ratione.
3374 2903 3428 2956 in

1851 3011 1957 3067 qua
2014 2995 2266 3050 neutrius
2319 2991 2616 3046 discrimen
2671 2991 2892 3060 aliquod
2953 2992 3068 3043 fore
3138 2991 3429 3060 signiﬁcat.

1851 3087 2026 3142 Erunt
2063 3087 2210 3141 enim
2267 3083 2495 3155 perfecti
2537 3097 2750 3143 omnes,
2787 3082 2851 3136 ad
2907 3096 3217 3148 mensuram
3252 3086 3432 3144 aztatis

1852 3181 2212 3252 plenitudinis
2241 3179 2442 3232 Christi
2488 3175 2816 3247 βινονιιςιίη,
2881 3177 3114 3243 idipsum
3158 3180 3428 3248 siquidem

1853 3270 2082 3340 uterque
2117 3267 2391 3338 signiﬁcat
2426 3279 2687 3320 numerus
2715 3279 2730 3328 ;
2761 3278 2870 3332 quo
2911 3272 3155 3332 tempore
3203 3273 3256 3317 et
3311 3265 3430 3333 ipsa

1852 3361 2156 3418 secundum
2187 3361 2360 3430 legem
2387 3357 2650 3428 perfectio
2673 3355 3086 3425 possessoribus
3108 3357 3225 3409 suis
3249 3356 3430 3408 futura

1851 3456 1936 3504 cst
1972 3447 2202 3511 inutilis,
2225 3447 2268 3500 si
2301 3461 2408 3499 non
2437 3446 2501 3498 ad
2526 3445 2804 3498 Christum
2834 3459 2927 3513 per
2957 3444 3116 3497 ﬁdem
3142 3445 3430 3516 accedant;

1851 3547 1906 3602 in
1945 3561 2053 3616 qua
2083 3545 2368 3615 baptizati,
2410 3543 2601 3597 sordes
2626 3558 2740 3606 eas,
2797 3544 2999 3612 quibus
3057 3545 3432 3614 inquinamur.

1851 3637 2110 3691 eluimus.
2145 3634 2200 3688 Si
2235 3634 2357 3702 quis
2390 3633 2558 3701 igitur
2578 3643 2783 3683 centum
2836 3649 3097 3684 armorum
3145 3633 3434 3700 perfectio-

1851 3744 1976 3783 nem
2011 3727 2144 3797 legis
2173 3726 2429 3794 adeptus,
2455 3731 2702 3786 peccator
2739 3721 2903 3774 etiam
2954 3725 3216 3774 moriatur
3245 3725 3346 3777 tltle
3380 3725 3432 3778 iu

1852 3818 2135 3876 Christum
2191 3817 2530 3880 destiturns;
2584 3813 2684 3866 erit
2738 3811 3072 3871 maledicam,
3148 3815 3240 3883 qui
3301 3815 3434 3882 legis

1853 3907 2394 3979 transgressionibus
2427 3904 2837 3972 obstringatur;
2871 3903 2925 3956 in
2982 3919 3088 3972 qua
3124 3919 3282 3958 uerno
3323 3913 3431 3958 tam

1854 4008 2078 4057 strenue
2103 4012 2344 4067 unquam
2378 3995 2588 4050 versari
2625 3995 2817 4063 potuit.
2854 4003 2911 4046 ut
2940 3995 2990 4046 in
3036 4009 3153 4046 eam
3185 4010 3290 4049 non
3329 3995 3433 4048 im.-

1853 4091 2125 4162 pingeret.
2168 4107 2186 4140 ι
2215 4087 2423 4143 Omnes
2461 4085 2632 4150 enim,
2675 4083 2866 4139 scrihit
2903 4083 3219 4152 Apostolus,
3250 4099 3435 4153 pecea-

1853 4191 2073 4247 verunt,
2114 4192 2168 4236 et
2201 4191 2366 4250 egent
2406 4178 2578 4248 gloria
2624 4177 2736 4239 Dei,
2794 4175 3078 4245 iustiﬁcati
3118 4178 3289 4244 gratis
3339 4193 3436 4246 per

1853 4275 2082 4345 gratiam
2133 4273 2307 4342 ipsius
2347 4271 2418 4324 ³’.
2465 4289 2484 4322 ι
2525 4268 2766 4337 indeque
2815 4268 3020 4322 factum
3063 4276 3166 4334 est,
3207 4278 3264 4323 ut
3299 4270 3344 4325 is
3377 4270 3433 4324 in

172 4366 237 4416 ὲν
263 4361 411 4432 αὑτῷ
443 4364 518 4433 μὴ
542 4362 682 4433 ἔχων
712 4361 804 4431 τὴν
833 4362 1026 4415 ἑαυτοῦ
1056 4361 1421 4430 δικαιοσύνην,
1451 4361 1594 4414 τοῦτ’
1635 4361 1748 4414 ἔστι

1857 4367 1976 4436 lege
2008 4366 2310 4436 perfectus,
2333 4377 2420 4428 ea,
2445 4376 2569 4430 qua:
2600 4361 2660 4413 in
2683 4361 2796 4430 lege
2826 4368 3030 4425 essent,
3059 4369 3300 4414 stercora
3332 4377 3433 4429 pu-

170 4456 277 4524 τὴν
310 4456 368 4507 ὲν
403 4457 573 4525 νόμῳ,
602 4455 739 4509 ἀλλὰ
766 4455 866 4526 τὴν
889 4455 983 4508 διὰ
1013 4455 1247 4517 πίστεως
1282 4453 1463 4526 Ἰησοῦ
1492 4454 1750 4525 Χριστοῦ.

175 4546 292 4598 Καὶ
321 4545 444 4608 τοὺς
487 4545 774 4608 Ἰουδαίους
807 4546 1157 4615 μεμφόμενος
1193 4545 1380 4612 λέγει·
1413 4562 1431 4596 ι
1475 4544 1756 4612 Ἀγνοοῦν-

174 4653 272 4698 τες
317 4637 425 4705 γὰρ
478 4637 576 4708 τὴν
615 4637 710 4689 τοῦ
742 4635 884 4688 θεοῦ
934 4635 1306 4706 δικαιοσύνην,
1343 4635 1439 4689 καὶ
1483 4635 1584 4705 τὴν
1622 4635 1757 4691 ἰδίαν

180 4726 500 4796 βουλόμενοι
544 4726 759 4797 στῆσαι,
790 4730 856 4796 τῇ
895 4726 1208 4801 δικαιοσύνῃ
1251 4727 1344 4780 τοῦ
1374 4727 1508 4780 Θεοῦ
1537 4726 1636 4797 οὑχ
1658 4728 1760 4781 ὑπ-

176 4819 478 4889 ετάγησαν.
508 4820 670 4882 Τέλος
697 4821 809 4889 γὰρ
839 4820 1006 4889 νόμου
1038 4821 1080 4877 Χ
1091 4819 1273 4890 ριστδς
1306 4821 1384 4882 είς
1415 4819 1760 4888 δικαιοσύνην

179 4913 348 4965 παντὶ
379 4912 468 4981 ’τῷ
515 4911 846 4966 πιστεύοντι.
883 4930 904 4962 ι
951 4911 1062 4971 Καὶ
1111 4911 1312 4964 πάλιν·
1361 4929 1381 4962 ι
1429 4911 1641 4972 Εἱδότες
1679 4911 1756 4975 δὲ,

178 5006 268 5057 ὅτι
305 5004 366 5056 οὑ
397 5002 699 5056 δικαιοῦται
734 5002 1017 5073 ἄνθρωπος
1045 4999 1105 5066 ἐξ
1132 5003 1310 5073 έργων
1336 5003 1526 5072 νόμον,
1558 5002 1652 5054 ἐὰν
1685 5002 1759 5072 μὴ

177 5097 286 5153 sta:
317 5095 548 5158 πίστεως
594 5093 766 5166 Ἰησοῦ
794 5092 1055 5165 Χριστοῦ,
1087 5094 1180 5146 καὶ
1222 5095 1380 5162 ἡμεῖς
1425 5096 1506 5156 είς
1527 5092 1759 5163 Χριστὸν

172 5188 654 5258 πεπιστεύκαμεν.
693 5207 711 5239 ι
745 5187 834 5240 Διὸ
877 5185 1104 5254 κατάρα
1149 5184 1382 5256 Χριστὸς
1414 5184 1609 5254 ἐλέχθη
1657 5183 1758 5254 τῆς

178 5276 279 5331 τοῦ
311 5278 480 5347 νόμου
508 5277 770 5345 κατάρας
798 5277 1078 5350 ῥυόμενος,
1111 5279 1168 5329 έν
1199 5270 1242 5345 ᾧ
1269 5277 1385 5330 ἐστι
1429 5277 1506 5340 τὸ,
1541 5296 1560 5328 ι
1603 5275 1753 5330 Ἐπι-

262 5388 308 5419 ¹⁷
333 5386 535 5443 Jerem.
587 5404 701 5450 xw,
739 5389 828 5442 Μ.
905 5390 951 5422 ’⁸
982 5389 1148 5444 Amos
1179 5407 1231 5454 ν,
1266 5390 1352 5444 Η.

182 5459 277 5512 9⁸5.
356 5459 400 5489 ³³
435 5459 662 5512 l’hiltno.
697 5475 777 5512 ιιι.
811 5458 921 5512 8.9.
1001 5459 1046 5492 ³⁸
1085 5459 1244 5512 Rom.
1281 5477 1335 5512 χ.

245 5480 277 5511 ι.

1851 4467 2014 4524 taret,
2059 4465 2116 4511 ut
2146 4457 2424 4512 Christum
2457 4454 2826 4520 lucrifaceret,
2871 4463 2921 4508 et
2952 4469 3056 4506 non
3101 4453 3438 4506 inveniretur

1853 4566 2009 4606 suam
2046 4549 2098 4604 id
2133 4557 2242 4612 est,
2277 4548 2528 4618 legalem,
2563 4547 2770 4601 habens
2795 4546 3104 4614 justitiam;
3141 4546 3232 4610 sed
3263 4547 3433 4612 illam,

1855 4659 1977 4714 quae
2014 4658 2077 4698 ex
2105 4641 2210 4697 ﬁde
2249 4652 2356 4704 eat,
2394 4656 2488 4711 per
2514 4639 2700 4695 Jesum
2755 4639 3033 4693 Christum
3079 4640 3124 4671 ³⁸
3155 4679 3168 4694 .
3198 4639 3436 4705 Accusat

1857 4751 1988 4790 vero
2017 4744 2070 4790 et
2095 4735 2316 4790 Iudaeos
2352 4733 2441 4788 his
2471 4733 2685 4785 verbis:
2728 4750 2747 4782 ι
2795 4729 3121 4799 lgnorantes
3177 4731 3319 4783 enim
3346 4729 3436 4797 ju-

1856 4829 2064 4883 stitiam
2096 4827 2212 4890 Dei,
2255 4833 2307 4880 et
2333 4839 2486 4880 suam
2524 4831 2827 4893 qumrcntes
2861 4831 3123 4884 statuere,
3181 4822 3274 4874 Dei
3327 4837 3432 4875 non

1861 4925 1996 4975 sunt
2020 4917 2187 4988 746
2213 4916 2467 4985 subjecti.
2509 4915 2664 4969 Finis
2692 4916 2834 4970 enim
2864 4915 3024 4985 legis,
3052 4915 3304 4968 Christus
3330 4931 3343 4977 ;
3365 4915 3435 4968 ad

1853 5009 2121 5080 justitiam
2141 5007 2288 5060 omni
2315 5005 2560 5060 credenti
2594 5005 2658 5058 ".
2697 5024 2716 5057 ι
2757 5004 2820 5056 Et
2841 5020 3094 5059 rursum:
3127 5023 3146 5055 ι
3185 5003 3435 5059 Seientes

1857 5111 2061 5163 autem,
2092 5098 2348 5167 quoniam
2385 5111 2496 5150 non
2532 5095 2866 5165 justiﬁcatur
2893 5096 3058 5149 homo
3083 5111 3148 5150 ex
3176 5095 3436 5163 operibus

1860 5192 2017 5262 legis.
2042 5191 2147 5244 nisi
2169 5204 2266 5259 per
2285 5187 2440 5242 ﬁdem
2462 5185 2589 5242 Jesu
2603 5186 2807 5242 Christi
2829 5205 2847 5252 ;
2868 5192 2920 5242 et
2949 5202 3049 5240 nos
3081 5187 3130 5240 in
3153 5185 3434 5240 Christum

1861 5281 2200 5338 credidimus
2248 5281 2334 5334 ³⁸.
2378 5297 2396 5329 ι
2449 5277 2570 5344 Quo
2628 5276 2830 5332 factum
2881 5287 2986 5342 est,
3039 5287 3092 5332 ut
3134 5276 3435 5330 watcdictio

515 5427 546 5469 ρ.
587 5404 701 5450 xw,
739 5389 842 5469 ML
872 5390 951 5469 A”
982 5389 1148 5469 ituros
1179 5407 1231 5454 ν,
1266 5390 1387 5469 ll._
1432 5389 1477 5469 ’ξ
1501 5387 1647 5469 Psal.
1674 5407 1748 5469 Et,

1857 5435 1872 5457 ,
2070 5392 2220 5448 Petr.
2252 5391 2396 5458 ",2.
2472 5391 2514 5424 ³⁸
2558 5390 2757 5462 Epltcs.
2806 5406 2881 5455 tv,
2917 5391 3003 5444 l5.
3081 5390 3124 5420 δ’
3161 5388 3320 5444 Ront.
3351 5403 3433 5446 In.

356 5459 400 5489 ³³
435 5459 662 5529 Philipp.
697 5475 777 5524 ιιι,
811 5458 921 5526 8,9.
1001 5459 1046 5492 ⁸⁸
1085 5459 1244 5515 Rom.
1281 5460 1410 5525 χῶ,
1452 5459 1508 5512 Δ.
1586 5459 1629 5490 ³⁸
1667 5461 1846 5517 Calat.
1873 5479 1932 5528 ιι,
1970 5463 2059 5517 16.

1460 5549 1692 5605 VARI/{‘2
1734 5551 2138 5614 LECTIONES.

259 5643 288 5686 Β
319 5660 407 5710 γρ.
437 5642 660 5713 Πέτρος.
