3966 6318
298 326 440 392 2697

1426 321 1957 383 COMMENTARII
1996 322 2077 381 ΙΝ
2116 313 2400 382 ISAIAM.

3403 308 3543 374 ριθιι

302 443 562 512 Χριστοῦ.
624 442 863 509 Σπέρμα
924 441 1030 511 γὰρ
1096 436 1502 506 εὐλογημένογ
1568 436 1742 489 ἔσται
1808 433 1873 488 τὸ

1986 449 2147 487 unum
2179 422 2513 501 proselytum
2568 425 2836 489 facerent,
2885 424 2977 479 ubi
3018 433 3197 477 autem
3236 422 3549 478 effecissent

302 532 544 603 σπέρμα
573 529 791 587 αὐτῶν.

378 709 531 773 Τινὲς
572 708 628 761 δὲ
659 708 752 762 καὶ
785 706 942 761 τοῦτο
973 706 1114 763 κατὰ
1158 700 1256 777 τὴν
1298 705 1720 773 παλιγγενεσίαν
1762 704 1879 757 ἐδέ-

304 800 483 866 ξαντο.
516 794 578 851 El
609 799 718 868 γάρ
754 815 898 860 τινες
936 796 1150 850 ἔσονται
1197 796 1319 849 τότε
1349 796 1545 861 κόποι,
1593 795 1873 865 σωτήριοι,

304 890 398 943 καὶ
426 889 545 943 λίαν
594 889 763 958 ἡδεῖς,
812 887 955 949 οἴους
999 886 1361 953 ὑπομένουσιν
1416 885 1657 952 ἄγγελοι.
1717 871 1876 936 Ἀλλὰ

306 978 498 1048 μισθὸς
549 978 732 1041 αὐτοῖς
782 976 1193 1046 θησαυρίζεται.
1229 975 1365 1028 Οὐδὲ
1414 975 1489 1028 τὰ
1532 974 1877 1044 γεννήματα

303 1066 483 1120 αὐτῶν
503 1068 592 1131 είς
619 1064 908 1131 κατάραν,
936 1062 1083 1116 τοῦτ’
1111 1062 1259 1115 ἔστιν
1284 1064 1334 1117 οἱ
1359 1063 1631 1133 λογισμοὶ,
1654 1063 1756 1116 κᾶν
1783 1063 1876 1115 ἐπὶ

302 1157 413 1212 τῶν
445 1155 762 1210 ἀποστόλων
782 1155 838 1208 δὲ
867 1156 1172 1224 νοήσωμεν,
1200 1149 1275 1209 ὧν
1309 1155 1541 1222 καρπὸς
1572 1157 1605 1225 ἡ
1646 1153 1874 1208 καθόλου

303 1250 403 1317 τῆς
436 1249 538 1318 γῆς
590 1247 904 1317 Ἐκκλησία,
946 1247 1041 1300 καὶ
1076 1247 1242 1300 τέκνα
1287 1248 1358 1301 τὰ
1385 1248 1473 1301 διὰ
1499 1248 1596 1317 τῆς
1625 1247 1718 1301 τοῦ
1754 1248 1878 1301 λου-

302 1341 434 1410 τροῦ
453 1340 870 1408 παλιγγενεσίας
892 1338 1192 1409 παράθεσιν
1215 1339 1327 1409 ἔχει
1350 1341 1486 1410 προς
1501 1338 1571 1391 τὰ
1593 1339 1652 1403 ἐξ
1680 1339 1875 1408 Ἀδὰμ,

301 1424 365 1486 οὗ
386 1431 521 1502 πρὸς
536 1431 635 1500 τὴν
668 1433 902 1498 γυναῖκα
927 1430 1176 1483 λέλεκται
1209 1430 1290 1495 τὸ,
1328 1449 1347 1480 ‹
1382 1430 1474 1484 Ἑν
1506 1429 1706 1492 λύπαις
1746 1429 1878 1500 τέξῃ

301 1524 491 1581 τέκνα·
514 1542 532 1574 ι
557 1522 707 1576 κατὰ
727 1520 925 1590 σάρκα
941 1522 1050 1592 γὰρ
1067 1521 1345 1589 ἐγέννων*
1361 1521 1427 1575 τὸ
1444 1522 1499 1576 δὲ
1517 1521 1755 1591 σπέρμα
1771 1521 1877 1573 τῶν

304 1613 619 1667 ἀποστόλων
647 1612 1075 1682 εὐλογημένον.
1107 1613 1135 1663 ὃ
1166 1612 1564 1680 κατέσπειραν
1586 1614 1645 1665 ὲν
1678 1613 1880 1674 πάσαις

301 1702 421 1766 ταῖς
475 1702 850 1772 Ἐκκλησίαις,
878 1697 959 1766 οἷς
989 1702 1056 1771 δὴ
1084 1702 1178 1756 καὶ
1201 1703 1473 1757 λέλεκται’
1504 1702 1650 1771 Πρὶν
1671 1701 1882 1772 κεκρά-

1977 521 2237 591 gehennae
2275 518 2445 571 lilium
2473 516 2719 570 reddere.
2746 515 2814 569 At
2849 521 2935 568 est
2979 513 3086 565 alia
3113 512 3319 567 Christi
3358 511 3547 567 futura

1977 611 2221 667 conditio
2254 650 2269 664 .
2304 608 2421 663 Erit
2452 609 2591 662 enim
2611 622 2785 660 semen
2814 620 2994 658 eorum
3027 603 3376 657 benedictum.

2048 700 2186 755 Sunt
2216 698 2464 755 nonnulli
2497 705 2701 757 tamen,
2735 694 2829 764 qui
2866 694 2970 747 ista
3015 692 3180 747 etiam
3224 692 3289 746 ad
3325 706 3551 758 regene-

1978 794 2248 849 rationem
2294 792 2490 847 referri
2546 789 2858 867 voluerunt.
2915 785 2973 838 Si
3027 785 3206 847 enim,
3267 784 3548 854 inquiunt,

1979 890 2111 937 tunc
2163 883 2428 952 temporis
2481 880 2686 934 labores
2720 877 2886 946 aliqui
2925 876 3091 930 futuri
3146 883 3305 942 sunt,
3339 876 3550 930 saluta-

1980 989 2068 1029 res
2134 974 2170 1027 ii
2196 972 2498 1042 etjucundi
2532 971 2712 1035 valde,
2762 970 2955 1039 quales
3007 968 3184 1037 angeli
3240 966 3549 1037 perierunt,

1980 1065 2146 1119 futuri
2175 1073 2338 1121 sunt:
2375 1063 2576 1133 quibus
2610 1075 2710 1118 sua
2745 1074 2958 1115 merces
2995 1057 3334 1113 reconditur.
3368 1057 3552 1126 Neque

1981 1173 2110 1213 vero
2136 1172 2257 1227 quae
2286 1157 2387 1226 ipsi
2415 1153 2755 1225 generabant,
2795 1152 2849 1206 id
2891 1158 2975 1206 est
3000 1164 3119 1220 quae
3146 1149 3331 1204 animo
3377 1157 3554 1219 partu-

1978 1250 2144 1315 rient,
2171 1247 2591 1303 maledictionem
2624 1259 2853 1316 passura
2886 1251 3018 1299 sunt
3042 1260 3056 1296 :
3085 1243 3297 1297 etiamsi
3325 1243 3391 1295 de
3419 1257 3552 1311 apo-

1978 1344 2136 1398 stolis
2166 1342 2533 1410 intelligamus
2567 1356 2583 1403 ;
2614 1352 2847 1407 quorum
2893 1336 3097 1404 {ructus
3145 1335 3260 1404 ipsa
3293 1344 3376 1389 est
3401 1335 3557 1411 orbis

1979 1431 2223 1486 universi
2249 1429 2587 1491 Ecclesia,et
2619 1426 2736 1487 lilii,
2768 1424 2862 1495 qui
2903 1440 2999 1493 per
3033 1423 3232 1477 lavacri
3261 1437 3553 1493 regenera-

1981 1518 2187 1573 tionem
2219 1517 2370 1581 editi,
2414 1514 2881 1584 comparationem
2932 1510 3138 1566 habent
3184 1525 3310 1563 cum
3344 1511 3555 1565 Adamn
3652 1586 3659 1592 .

1980 1608 2286 1678 prognatis,
2341 1605 2503 1676 cujus
2535 1604 2692 1660 uxori
2758 1618 2868 1657 non
2927 1601 3050 1657 sine
3111 1601 3301 1655 dolore
3348 1600 3555 1656 liberos

1982 1714 2112 1753 suos
2136 1713 2259 1754 esse
2306 1698 2608 1767 parituram
2642 1695 2957 1749 nuntiatum
3007 1701 3091 1747 est
3116 1692 3186 1745 δι.
3223 1689 3556 1745 Generabant

303 1791 404 1858 Eat
456 1792 677 1855 αὐτοὺς,
726 1792 1145 1861 ἐπακούσομαι
1192 1792 1397 1847 αὐτῶν.
1448 1793 1627 1864 Ὅπερ
1673 1778 1879 1860 ἐγίνετο

1986 1791 2127 1843 ettim
2164 1788 2450 1843 secundum
2506 1802 2743 1841 carnem.
2783 1786 2852 1838 At
2896 1791 2982 1839 est
3020 1782 3353 1837 benedictum
3381 1797 3557 1837 semen

305 1882 875 1953 θαυματουργούντων
908 1883 1090 1937 αὐτῶν
1114 1884 1173 1937 ὲν
1191 1885 1313 1947 ταῖς
1351 1883 1620 1954 Πράξεσιν
1647 1884 1727 1947 είς
1751 1885 1878 1938 ἑπι-

305 1972 548 2043 στροφὴν
575 1973 685 2026 τῶν
731 1972 1085 2041 καλουμένων
1113 1974 1195 2036 είς
1234 1974 1435 2036 πίστιν,
1468 1973 1556 2027 ὅτε
1597 1972 1801 2038 πάντες
1828 1975 1878 2026 οἱ

303 2061 437 2132 πρὶν
462 2063 799 2134 ἁρπακτικοί
823 2080 882 2116 τε
909 2063 1007 2117 καὶ
1031 2062 1318 2134 θηριώδεις
1337 2062 1434 2133 τὴν
1454 2061 1624 2134 αὐτὴν
1644 2059 1790 2132 εἶχον
1820 2064 1879 2117 ἐν

317 2151 617 2222 Ἐκκλησία
644 2155 759 2215 τοῖς
793 2152 1020 2224 ἡμέροις
1040 2152 1298 2222 τροφὴν,
1328 2153 1552 2225 Γραφὴν
1597 2154 1697 2224 τὴν
1727 2153 1879 2210 θείαν

305 2245 617 2315 νεμόμενοι.
650 2246 758 2298 Καί
786 2262 871 2308 τις
920 2245 1047 2316 ίὼδη
1075 2246 1277 2317 τρόπον
1315 2246 1474 2317 ἔχων,
1504 2246 1696 2301 τούτου
1743 2264 1879 2301 παυ-

305 2335 543 2406 σάμενος
566 2336 772 2408 τροφὴν
794 2337 1054 2408 ἐτρέφετο
1088 2338 1335 2409 λογικὴν,
1368 2337 1489 2392 ἀντὶ
1531 2338 1655 2408 γῆς,
1687 2336 1878 2391 Τοιοῦι-

304 2443 393 2479 τοι
413 2427 470 2480 δὲ
498 2427 800 2496 γεγονότες,
831 2426 950 2490 πῶς
994 2426 1075 2480 ἔτι
1124 2428 1382 2496 βλάπτειν
1413 2427 1704 2499 ἡδόναντος
1723 2430 1880 2482 Ἔστι

303 2512 366 2567 δὲ
399 2514 489 2568 διὰ
508 2509 712 2568 τοῦτων
745 2515 841 2568 καὶ
883 2514 993 2567 τῶν
1024 2515 1117 2568 δύο
1143 2515 1289 2569 λαῶν
1310 2516 1547 2570 νοεῖσθαι
1575 2516 1674 2587 τὴν
1716 2518 1796 2579 εἰς
1821 2516 1880 2569 ἒν

309 2607 635 2677 συνδρομήν.
666 2606 746 2660 Τὰ
787 2607 887 2677 μὲν
917 2606 1024 2678 γὰρ
1049 2609 1171 2676 ίερὰ
1201 2607 1337 2672 ζῶα,
1377 2609 1471 2660 καὶ
1503 2608 1715 2672 θυσίαις
1739 2609 1882 2662 κατὰ

308 2696 401 2750 τὸν
445 2697 609 2767 νόμον
661 2698 935 2769 ἁρμόδια,
987 2697 1242 2769 σημαίνει
1280 2698 1373 2752 τὸν
1411 2699 1649 2770 Ἰσραήλ.
1699 2700 1782 2754 Τὰ
1822 2699 1880 2752 δὲ

309 2787 518 2858 ἀνίερα,
540 2788 635 2841 καὶ
654 2787 839 2860 θηρία,
872 2789 997 2853 τοὺς
1034 2789 1281 2854 ὲθνικοὺς
1309 2788 1460 2860 ὁμοῦ
1480 2790 1880 2861 τρεφομένους

307 2878 382 2932 τά
410 2896 469 2930 τε
510 2876 627 2930 θεῖα
663 2878 985 2951 μαθήματα,
1018 2880 1112 2933 καὶ
1140 2880 1232 2933 τὸν
1269 2879 1522 2952 οὐράνιον
1555 2880 1741 2950 ἄρτον.
1771 2882 1883 2953 Τή-

217 3020 223 3025 .
311 2986 397 3042 ρει
433 2968 511 3035 δὲ,
538 2969 612 3033 ὡς
649 2971 751 3023 οὐκ
784 2971 1019 3040 εἴρηται,
1061 2972 1129 3025 τὰ
1155 2973 1341 3044 ἥμερα
1375 2974 1476 3044 τῆς
1520 2972 1630 3026 τῶν
1677 2972 1881 3043 θηρίων

312 3057 562 3129 μεθέξειν
594 3058 825 3128 τροφῆς,
867 3058 1003 3113 ἀλλὰ
1033 3060 1367 3115 τούναντίον.
1403 3059 1743 3114 ’Δκολουθεῖν
1779 3059 1882 3130 γὰρ

1983 1878 2381 1945 apostolorum,
2413 1878 2559 1948 quod
2589 1876 2645 1930 in
2682 1873 2947 1930 Ecclesiis
2967 1872 3226 1928 omnibus
3257 1872 3294 1925 ii
3324 1871 3557 1926 semina-

1984 1978 2141 2029 runt;
2175 1969 2377 2040 quibus
2422 1978 2700 2038 antequam
2761 1966 3052 2020 clanmrenl
3085 1981 3119 2016 a
3166 1980 3222 2018 se
3249 1962 3558 2017 exauditam

1983 2062 2053 2115 iri
2086 2060 2363 2130 pollicitus
2395 2067 2481 2115 est
2513 2059 2799 2114 Dominus.
2833 2056 2992 2123 Quod
3026 2070 3098 2111 eo
3138 2062 3386 2123 tempore
3417 2070 3559 2123 pra-—

1985 2150 2148 2214 stitit,
2179 2164 2289 2220 quo
2324 2149 2578 2219 patratis,
2605 2157 2665 2201 ut
2694 2148 2955 2203 Actorum
2994 2153 3183 2200 narrat
3235 2143 3465 2200 historia
3488 2144 3558 2208 “.

1986 2245 2040 2299 in
2074 2259 2264 2300 eorum
2318 2242 2698 2307 conversione,
2749 2241 2844 2310 qui
2889 2238 2957 2292 ad
2988 2237 3149 2294 ﬁdem
3196 2237 3559 2300 vocabantur.

1986 2335 2293 2402 miraculis,
2322 2334 2415 2404 qui
2440 2334 2601 2402 prius
2659 2331 2843 2400 rapaci
2874 2338 2928 2384 et
2966 2328 3131 2401 748
3179 2327 3358 2384 ferino
3406 2342 3563 2383 more

1986 2424 2263 2490 vivebant,
2280 2424 2472 2479 eodem
2489 2436 2682 2477 omnes
2703 2419 2843 2484 cibo,
2877 2419 2931 2474 id
2956 2428 3063 2480 est,
3093 2416 3380 2488 Scriptura
3403 2434 3561 2474 sacra

1986 2530 2112 2570 cum
2141 2515 2424 2569 cicuribus
2441 2522 2494 2568 et
2532 2511 2860 2577 mansuetis,
2887 2510 2942 2563 in
2968 2508 3229 2575 Ecclesia,
3256 2509 3408 2578 pasci
3430 2524 3565 2564 con-

1986 2605 2128 2674 tigit.
2168 2603 2283 2660 [mo
2311 2613 2366 2659 et
2393 2605 2489 2674 qui
2517 2602 2767 2658 moribus
2823 2611 2980 2659 erant
3011 2602 3321 2666 venenatis,
3364 2602 3559 2657 iisdem

1985 2695 2252 2766 depositis
2282 2711 2391 2750 non
2423 2704 2572 2750 terra
2600 2693 2853 2765 amplius,
2880 2695 2976 2750 sed
2998 2694 3259 2749 rationali
3286 2694 3411 2750 cibo
3460 2711 3562 2749 nu-

1988 2788 2312 2857 triebantur.
2344 2786 2625 2856 Ejusmodi
2669 2793 2849 2841 autem
2884 2800 3006 2840 cum
3044 2785 3279 2844 abierint
3337 2788 3430 2858 qui
3458 2803 3562 2843 no-

1986 2890 2113 2932 cere
2135 2876 2249 2946 jam
2276 2876 2531 2931 valeant?
2565 2874 2662 2931 Est
2686 2888 2819 2930 vero
2851 2889 2948 2944 per
2974 2874 3164 2930 istluec
3213 2875 3379 2930 etiam
3424 2877 3563 2931 duo-

1988 2982 2109 3021 rum
2164 2968 2492 3037 populorum
2542 2975 2848 3022 cencursus
2882 2965 2939 3018 in
2966 2979 3136 3019 unum
3191 2965 3556 3035 signiﬁcatus.

1988 3056 2174 3112 Sacris
2203 3056 2349 3112 enim
2382 3056 2734 3121 animalibus,
2769 3062 2826 3110 et
2849 3054 2916 3110 ad
2964 3055 3362 3133 sacriﬁciorum
3399 3071 3559 3111 usum
3592 3101 3594 3103 .

305 3146 417 3201 ἔδει
438 3146 510 3201 τὰ
532 3146 701 3218 χείρω
732 3149 845 3210 τοῖς
874 3147 1203 3217 κρείττοσιν,
1228 3146 1305 3212 ὼς
1332 3150 1446 3212 τοῖς
1468 3149 1788 3213 ἀποστόλοις
1813 3151 1879 3205 τὰ

1986 3147 2289 3204 sectmdum
2330 3147 2501 3218 legem
2550 3138 3300 3216 congruentibus;lsraelem
3352 3147 3564 3217 signiti-

306 3232 460 3305 ἔθνη.
492 3236 636 3306 Ilch
666 3234 726 3289 δὲ
742 3236 869 3299 τοὺς
901 3235 1182 3307 οἰομένους
1225 3239 1292 3292 τὰ
1321 3237 1453 3309 ἔθνη
1472 3236 1677 3294 τούτων
1698 3241 1882 3310 τυχεῖν

320 3327 609 3392 Ἰουδαίους
651 3329 710 3381 ὲν
754 3330 820 3399 τῇ
862 3328 1070 3399 παλαιᾷ
1110 3326 1494 3402 Ἰερουσαλὴμ,
1534 3330 1770 3403 ἐροῦμεν
1805 3332 1883 3396 ὡς

306 3420 543 3490 οὐδαμοῦ
591 3419 771 3474 αὐτῶν
799 3421 859 3474 ὲν
891 3420 1102 3485 τούτοις
1129 3421 1218 3474 ἐπ’
1263 3421 1488 3490 ἀγαθοῖς
1520 3424 1730 3494 μνήμη,
1763 3423 1878 3477 ἀλλ’

309 3510 675 3581 ἀσεϐημάτων
716 3509 1031 3581 όνειδισμοί,
1060 3510 1126 3564 Τί
1177 3511 1234 3564 δὲ
1279 3512 1342 3565 τὸ
1380 3512 1677 3581 ἀναγκαῖον
1704 3513 1774 3567 ἐν
1799 3513 1880 3579 τῷ

306 3599 455 3670 ἁγίῳ
495 3601 617 3669 ὄρει
668 3600 832 3671 θηρία
858 3600 1181 3671 τυγχάνεινς
1243 3601 1316 3655 ’Ἡ
1349 3601 1466 3665 πῶς
1515 3603 1673 3657 τοῦτο
1731 3603 1881 3669 θείας

307 3690 458 3756 ἄξιον
483 3691 851 3760 ὲπαγγελίας;
880 3692 1056 3760 ὄρους
1085 3693 1142 3746 δὲ
1171 3692 1434 3764 μνησθεὶς
1459 3694 1633 3763 ἁγίου
1682 3694 1845 3765 φησίν
1863 3710 1879 3727 ο

318 3781 387 3838 '0
425 3784 681 3853 οὐρανός
718 3801 821 3855 μοι
863 3786 1096 3853 θρόνος,
1130 3786 1225 3838 καὶ
1255 3785 1326 3839 τὰ
1369 3786 1455 3838 ἐπ’
1495 3785 1664 3855 αὐτῷ.
1707 3788 1783 3839 Δι’
1807 3781 1882 3841 ὧν

309 3873 590 3945 προδήλως
619 3878 962 3947 παραινεῖται
992 3877 1094 3947 τὴν
1114 3877 1206 3929 ἐπὶ
1230 3876 1333 3948 γῆς
1361 3875 1740 3947 Ἰερουσαλὴμ,
1768 3874 1879 3950 [ἢν]

308 3963 602 4017 ἀκόλουθον
652 3964 912 4036 τοιαύτην
957 3961 1096 4019 εἶναι
1147 3965 1540 4034 φαντάζεσθαι.
1573 3969 1684 4022 Καὶ
1729 3968 1883 4023 λαὸν

306 4054 421 4126 γὰρ
445 4055 656 4109 καινὸν
686 4056 811 4128 ἔφη,
837 4057 936 4109 καὶ
966 4053 1156 4127 ὄνομα
1194 4059 1423 4115 καινόν.
1461 4059 1670 4123 ’Δλλως
1701 4079 1759 4113 τε
1788 4062 1883 4115 καὶ

308 4143 461 4199 εἶπεν
484 4146 556 4200 οὐ
591 4146 678 4216 μὴ
717 4145 1037 4215 μνησθιῖωνι
1068 4148 1189 4202 τῶν
1210 4149 1513 4218 προτέρων
1552 4150 1660 4206 ἔτι.
1694 4152 1792 4206 Διὰ
1824 4153 1881 4206 δὲ

308 4235 415 4289 τῶν
444 4234 592 4306 ἑξῆς,
615 4238 804 4291 καὶτὰ
840 4236 859 4275 1
894 4238 1084 4303 θυσίας
1128 4240 1309 4293 αὐτῶν
1347 4242 1771 4314 ἀποστρέφεται,
1811 4244 1880 4298 δι’

306 4320 384 4380 ὧν
426 4327 678 4397 ἐνόμιζον
734 4328 999 4394 εὐσεϐεῖν,
1057 4331 1151 4385 τὸν
1194 4334 1470 4399 ταπεινὸν,
1525 4338 1620 4388 καὶ
1659 4335 1880 4406 ἡσύχιον

312 4420 476 4488 μόνον
505 4419 925 4489 ἀποδεχόμενος.
960 4420 1186 4493 Πρὸςηδὲ
1215 4423 1276 4474 τὸ
1322 4423 1497 4493 παρὸν
1540 4423 1704 4494 ῥητὸν
1742 4425 1878 4494 ἐφα-

309 4508 412 4564 σάν
440 4526 604 4576 τινες,
632 4510 707 4573 ὡς
743 4509 942 4573 ἱκανῶς
976 4514 1415 4580 μυσταγωγήσας
1445 4513 1570 4577 τοὺς
1609 4513 1874 4580 ὲθνικοὺς,

294 4597 632 4667 μεθίσταται
661 4598 849 4653 λοιπὸν
876 4601 964 4654 ἐπ’
991 4600 1153 4654 αὑτὸν
1185 4601 1287 4673 ήδη
1312 4602 1404 4655 τὸν
1443 4603 1680 4675 Ἰσραὴλ,
1721 4606 1878 4659 ἀποί-

308 4704 418 4741 σων
452 4688 615 4742 αὑτὸν
637 4688 736 4758 τῆς
762 4691 937 4753 σκιᾶς.

1903 4475 1957 4536 D

1986 3236 2124 3291 cavit
2157 3253 2175 3304 ;
2230 3247 2290 3293 ut
2315 3252 2411 3306 per
2470 3235 2703 3307 profana
2734 3244 2788 3291 et
2850 3235 2984 3299 fera,
3007 3242 3198 3305 gentes
3239 3237 3413 3306 ipsas,
3439 3254 3562 3306 quae

1984 3329 2038 3383 in
2067 3330 2243 3404 sacris
2259 3328 2421 3383 simul
2437 3327 2766 3398 disciplinis,
2790 3324 3118 3397 caelestique
3147 3342 3285 3398 pane
3309 3331 3560 3384 nutriun-

1986 3425 2093 3476 tur.
2121 3420 2365 3477 Observa
2399 3426 2607 3484 autem,
2645 3428 2707 3475 ut
2739 3434 2863 3489 qua:
2889 3428 3176 3475 mansueta
3222 3430 3370 3485 sunt,
3414 3421 3561 3477 l'ero-

1983 3528 2105 3567 rum
2141 3512 2388 3567 alimeuti
2418 3511 2708 3581 participia
2747 3509 2866 3565 fore
2926 3525 3034 3566 non
3081 3511 3251 3580 dixit;
3289 3512 3382 3567 sed
3427 3528 3561 3568 cou-

1984 3613 2089 3659 tra.
2147 3603 2340 3660 Decuit
2382 3604 2542 3658 enim‘
2575 3616 2697 3671 quae
2747 3601 3022 3657 deteriora
3067 3613 3218 3669 sunt,
3268 3619 3332 3661 ea
3378 3608 3558 3677 sequi,

1982 3708 2105 3770 quae
2126 3692 2522 3763 praestantioris
2536 3699 2718 3747 essent
2742 3691 3106 3758 conditionis;
3139 3705 3197 3747 ut
3225 3703 3415 3764 gentes
3432 3712 3563 3768 apo-

1983 3783 2177 3839 stolos.
2207 3781 2469 3838 Utautem
2499 3783 2566 3837 iis
2588 3783 3145 3853 respondeamus.qui
3162 3784 3231 3840 de
3246 3783 3558 3842 Judaaorum

1986 3892 2243 3942 numero,
2273 3875 2530 3948 gentibus
2572 3875 2677 3932 ista
2707 3877 2764 3930 tn
2797 3884 2983 3931 vetere
3032 3874 3333 3933 Jerusalem
3386 3882 3559 3934 conti-

1983 3969 2127 4040 gisse
2174 3969 2547 4025 arbitrantur:
2595 3968 2842 4024 dicemus
2870 3981 3062 4023 eorum
3093 3968 3183 4023 hic
3216 3968 3364 4024 nullo
3397 3971 3560 4025 modo

1983 4063 2037 4115 in
2058 4061 2327 4117 bonorum
2361 4061 2578 4116 ratione
2602 4060 2934 4116 mentionem
2967 4058 3102 4125 ﬁeri,
3122 4060 3218 4116 sed
3245 4061 3558 4131 impietates

1982 4145 2557 4222 exprobrari.Deinde,
2589 4150 2686 4220 qui
2712 4157 2834 4205 erat
2852 4163 3078 4205 necesse
3105 4151 3163 4203 in
3181 4159 3357 4205 monte
3372 4163 3558 4204 sancto

1985 4243 2129 4298 feras
2151 4242 2315 4299 esse?
2342 4250 2437 4296 aut
2488 4256 2600 4313 quo
2627 4251 2791 4313 pacto
2825 4241 2988 4297 fuerit
3029 4241 3171 4297 istud
3207 4241 3390 4296 divina
3429 4256 3558 4311 pro-

1983 4334 2250 4390 missione
2271 4349 2381 4389 non
2405 4335 2732 4406 indignum?
2780 4334 2926 4388 facta
2956 4349 3120 4404 porro
3143 4334 3317 4388 sancti
3358 4337 3556 4388 montis

1984 4426 2285 4492 mentione,
2316 4426 2503 4481 calum
2533 4427 2734 4496 ipsum,
2784 4434 2838 4480 et
2866 4440 2987 4495 quae
3019 4426 3073 4480 in
3104 4440 3171 4481 eo
3198 4436 3348 4491 sunt,
3380 4424 3557 4481 sedem

1985 4514 2088 4569 sibi
2111 4531 2224 4570 esse
2252 4516 2476 4585 adjicit:
2510 4516 2711 4586 quibus
2754 4515 2937 4571 verbis
2965 4513 3294 4580 Jerusalem,
3345 4530 3466 4586 qua:
3500 4514 3558 4570 iu

1984 4607 2146 4661 terris
2175 4614 2281 4670 est,
2311 4616 2499 4677 aperte
2530 4606 2771 4677 respuit;
2803 4620 2967 4676 quam
3004 4605 3128 4661 ideo
3163 4607 3324 4661 talem
3370 4606 3557 4662 haberi

1983 4714 2094 4754 non
2128 4698 2293 4754 fuerit
2341 4701 2728 4768 incongruum,
2780 4698 2933 4768 quod
2971 4698 3223 4767 populum
3276 4708 3554 4762 recentem.

308 4795 594 4848 nomenque
617 4795 801 4834 novum
843 4774 1146 4836 habituram
1182 4782 1428 4850 monuit;
1457 4784 1713 4855 quodque
1738 4787 1873 4842 alias
1946 4790 2185 4858 priorum
2218 4806 2323 4844 non
2384 4806 2497 4844 esse
2551 4787 2921 4842 recordatum:
2965 4789 3194 4859 amplius
3245 4788 3553 4845 allirmavit.

309 4873 412 4926 Per
434 4887 499 4927 ea
536 4887 718 4944 porro,
781 4888 901 4943 quae
974 4882 1303 4944 sequuntur,
1354 4885 1409 4930 et
1446 4892 1639 4933 eorum
1675 4882 1947 4953 sacriﬁcia
1985 4893 2309 4951 aversatur;
2343 4899 2439 4955 per
2464 4900 2587 4954 qua:
2610 4898 2670 4939 se
2693 4869 3088 4955 piosexsistere
3114 4884 3403 4953 putabant,
3428 4900 3555 4940 cum

308 4969 566 5024 humilem
596 4975 807 5022 tantum
850 4978 904 5023 et
928 4969 1177 5040 quietum
1219 4974 1603 5044 amplectatur.
1639 4976 1718 5032 Ad
1770 4979 1887 5035 hate
1920 4988 2102 5037 autem
2130 4982 2296 5036 verba
2316 4997 2422 5036 non
2455 4981 2676 5049 desunt,
2703 4982 2797 5052 qui
2820 4991 3098 5045 moneant,
3156 4981 3252 5035 ubi
3299 4982 3554 5037 ethnicos

305 5060 444 5115 satis
466 5060 726 5131 mysteria
757 5060 1054 5123 docuisset,
1090 5058 1352 5134 deinCeps
1384 5065 1453 5120 ad
1485 5066 1664 5136 ipsum
1695 5071 1959 5126 continuo
1996 5070 2251 5128 lsraelem
2293 5072 2578 5138 transisse,
2650 5081 2709 5127 ut
2742 5087 2868 5128 eum
2919 5072 3115 5127 umbra
3169 5071 3445 5127 liberaret.

881 5153 1130 5209 ΚΕΦΑΛ.
1150 5152 1286 5221 scr.

330 5240 473 5297 α’έδν.
502 5242 700 5308 Οὕτως
728 5242 892 5311 λέγει
941 5244 1154 5313 Κύριος
1173 5260 1189 5276 °
1232 5245 1295 5299 Ὀ
1324 5248 1581 5315 οὐρανός
1622 5268 1721 5318 μοι
1741 5251 1874 5319 θρό-

2570 5163 2723 5221 CAP.
2764 5161 2951 5220 LXVI.

2051 5256 2220 5312 Vsus.
2252 5256 2365 5311 ιυι.
2400 5253 2489 5310 Sic
2518 5255 2650 5310 dicit
2681 5255 2940 5310 Dominus
2963 5271 2983 5310 :
3007 5254 3206 5310 Cretum
3231 5255 3378 5309 sedes
3413 5270 3544 5315 mea,

303 5347 426 5397 νος,
459 5334 556 5386 καί
597 5333 636 5400 ἢ
667 5334 751 5403 γῆ,
784 5334 1120 5389 ὑποπόδιον
1152 5336 1270 5391 τῶν
1295 5338 1496 5392 ποδῶν
1527 5358 1666 5410 μου.
1696 5342 1876 5395 Ποῖον

1986 5356 2026 5399 et
2061 5357 2203 5401 terra
2232 5347 2521 5402 scabellum
2574 5346 2763 5416 pedum
2811 5362 3067 5402 meorum.
3131 5344 3262 5410 Ome
3319 5353 3396 5399 est
3444 5343 3548 5396 iam

370 5510 571 5564 “Gen.
623 5526 705 5576 ιιι,
762 5512 847 5566 l6.
923 5513 968 5544 δ’
996 5512 1117 5567 Act.
1161 5530 1219 5579 ιι,
1245 5514 1336 5570 45.
1448 5542 1460 5566 ι

1576 5607 1667 5661 'VA
1680 5606 1814 5661 Rhl".
1857 5604 2255 5662 LECTIONES.

377 5695 396 5735 ¹
432 5717 520 5761 rp.
553 5699 671 5761 τὰς.

452 5719 468 5730 ⁸
509 5741 520 5752 .
553 5717 671 5761 τας.

432 5717 500 5767 Ίρ
633 5795 903 5852 Ριτιιοι..
937 5793 1050 5856 Gn.
1090 5791 1470 5857 LXXXVII.

3147 5803 3229 5862 85
