4000 6314
247 239 378 306 ‘2701

1405 222 1934 291 COMMENTARH
1978 221 2058 280 IN
2095 217 2376 279 lSAIAM.

3365 203 3513 268 2702

249 356 592 426 ἐπαγγελιῶν
649 357 760 419 τοῖς
809 354 980 408 ταῦτα
1030 348 1370 421 προμαθοῦσι
1409 346 1548 400 κατὰ
1604 345 1696 396 τὸν
1741 343 1861 397 ὲν-⁴

1961 336 2144 390 ionum
2174 345 2419 403 tempore
2449 331 2610 398 dixit,
2647 331 2741 402 qui
2773 331 2902 386 dum
2929 330 3203 390 viverent,
3232 325 3337 380 ista
3369 323 3514 377 didi-

251 449 462 505 ιστῶτα
495 447 627 518 βίον,
655 445 964 509 ἀκολούθως
993 443 1164 497 ταῦτά
1189 458 1354 514 φησιν
1379 457 1390 468 ·
1430 438 1754 493 Ἀκούσατε
1777 437 1830 488 ol

1961 427 2162 490 issent,
2202 433 2312 480 non
2345 423 2651 492 incongrue
2694 419 2805 490 iam
2833 434 2951 485 eos,
3001 418 3092 489 qui
3121 419 3191 471 ad
3235 425 3526 470 sermonem

254 541 568 610 τρέμοντες
594 539 735 604 τοὺς
763 537 986 606 λόγους
1013 538 1240 612 αὐτοῦς
1277 535 1405 604 περὶ
1437 525 1512 586 ὧν
1535 529 1773 599 ἔφασκεν
1814 543 1828 558 ·

265 654 282 685 ι
303 634 426 686 Ἐπὶ
453 633 574 686 τίνα
589 631 646 685 δὲ
668 629 967 700 ὲπιὸλὲψω,
997 629 1107 682 ἀλλ’
1139 628 1172 698 ἢ
1203 626 1296 680 ἐπὶ
1329 625 1419 679 τὸν
1439 620 1715 684 ταπεινὸν,
1739 620 1836 676 καὶ

259 722 501 794 ἡσύχιον,
525 724 616 784 καὶ
630 723 900 794 τρέμοντὰ
921 739 1020 790 μου
1033 721 1157 783 τοὺς
1170 719 1388 787 λόγους;
1411 735 1429 767 ι
1452 713 1534 778 οἷς
1555 712 1838 780 εὐαγγελι-

259 815 354 866 κίιν
367 811 736 881 παράγγελμα
754 810 880 884 [δίδ]
895 826 1026 864 ωσιν
1045 808 1195 863 οὐδὲν
1211 807 1466 876 διαφέρον
1482 803 1594 858 τοῦ·
1625 823 1643 854 ι
1670 803 1836 870 Ἀγα-

260 905 398 958 πᾶτε
423 904 549 966 τοὺς
581 901 808 973 ἐχθροὺς
834 901 986 970 ὑμῶν
1017 917 1030 931 ·
1067 897 1247 963 καλῶς
1277 899 1480 950 ποιεῖτε
1507 897 1620 958 τοῖς
1653 890 1839 963 μισοῦ-

263 1013 348 1048 σιν
379 995 544 1066 ὐμᾶς.
579 991 952 1064 Προσεύχεσθε
981 991 1124 1062 ὑπὲρ
1145 989 1254 1045 τῶν
1288 985 1840 1060 ὲπηρεαζόντων,καὶ

262 1087 569 1142 διωκόντων
593 1088 760 1156 ὑμᾶς,
787 1085 876 1140 ἵνα
901 1083 1134 1154 γένησθε
1173 1083 1278 1137 υἱοὶ
1305 1081 1398 1135 τοῦ
1425 1081 1668 1150 Πατέρος
1685 1079 1840 1150 ὑμῶν

264 1164 360 1232 τοῦ
396 1181 454 1234 ἐν
483 1181 595 1243 τοῖς
625 1175 894 1250 οὐρανοῖς.
928 1196 946 1229 ι
983 1177 1056 1232 Οὑ
1097 1175 1204 1246 γὰρ
1232 1176 1292 1229 τὸ
1323 1173 1557 1245 τρέμειν
1577 1171 1675 1226 τοῦ
1705 1170 1842 1226 Θεοῦ

265 1273 410 1336 τοὺς
444 1273 686 1341 λόγους,
707 1271 842 1343 πρὸς
879 1269 1182 1338 τελειότητα
1209 1267 1368 1336 μόνον
1409 1267 1572 1336 ἀρκεῖ
1598 1280 1612 1296 ⁸
1642 1263 1844 1334 ἀρετῆς

267 1364 324 1417 δὲ
353 1364 439 1416 ἐπ’
471 1364 638 1434 ἄκρον
665 1355 1280 1433 ἀνὰ).ηψις“ἁγαπητικὴ
1311 1357 1447 1428 πρὸς
1475 1356 1600 1418 τοὺς
1631 1354 1844 1408 θλίϐον-

267 1475 370 1521 τας
395 1457 614 1528 γνώμη,
675 1457 809 1510 Ἵνα
839 1456 904 1510 τὸ
949 1455 1136 1524 ὄνομα
1164 1452 1386 1522 Κυρίου
1421 1445 1716 1514 δοξασθῇ,
1748 1445 1848 1500 καὶ

272 1551 432 1622 ὀρθῇ
449 1553 520 1606 ἐν
547 1551 621 1620 τῇ
649 1549 1000 1620 εὐφροσύνῃ
1033 1545 1251 1602 αὐτῶν.
1275 1544 1350 1597 Δι’
1377 1536 1452 1596 ὧν
1470 1541 1580 1610 γὰρ
1600 1540 1688 1593 ἐπ’
1745 1537 1848 1591 αὐ-

269 1647 388 1708 τοῖς
440 1645 564 1698 ἀντὶ
613 1643 804 1714 μίσους
861 1639 1276 1730 εὐφραίνεσθε,
1323 1635 1472 1730 θεός
1519 1631 1846 1730 δοξιξζεται,
1886 1675 1927 1730 Β

272 1735 418 1790 κατὰ
443 1735 505 1788 τό
536 1750 552 1766 ο
591 1753 610 1786 ι
641 1735 762 1788 Ἵνα
795 1733 945 1786 ἴδωσι
969 1730 1038 1784 τὰ
1065 1727 1206 1783 καλὰ
1234 1727 1387 1800 ὑμῶν
1412 1722 1684 1796 ἕργα,καὶ
1699 1719 1851 1786 δοξά-

277 1842 413 1879 σωσι
443 1825 534 1893 τρν
557 1825 782 1894 Πατέρα
812 1823 967 1894 ὑμῶν
995 1821 1084 1876 τὸν
1108 1823 1166 1876 ὲν
1194 1821 1306 1884 τοῖς
1337 1817 1608 1887 οὐρανοῖς.
1653 1833 1674 1867 ι
1742 1813 1854 1867 Καὶ

275 1917 430 1970 αὐτοὶ
459 1917 516 1970 δὲ
543 1915 702 1986 τυχὸν
723 1913 816 1969 τοῦ
841 1913 976 1968 Θεοῦ
1013 1912 1166 1983 ὑμῶν
1197 1907 1536 1974 δοεάσουσι
1566 1904 1852 1974 τοῦνομα.

275 2007 420 2062 οῦτω
467 2007 603 2078 πρὸς
653 2006 854 2070 αὐτοὺς
907 2003 1285 2073 διακειμένους
1333 1999 1589 2072 ὁρῶντες,
1639 1997 1736 2051 καὶ
1786 1996 1855 2065 τῇ

275 2099 606 2170 χρηστότητι
636 2097 701 2168 τῇ
734 2095 864 2168 περὶ
915 2095 1114 2156 αὐτοὺς
1157 2089 1597 2162 εὐφραινόμενοι.
1623 2083 1857 2154 Σύμμα-

275 2208 376 2264 χος
405 2191 482 2256 δὲ,
521 2189 624 2244 Kal
661 2189 929 2258 ὀψόμεθα
975 2187 1045 2241 ἐν
1075 2185 1150 2255 τῇ
1178 2181 1525 2253 εὐφροσύνῃ
1555 2177 1726 2248 ὑμῶν
1767 2177 1859 2244 εξ-

275 2283 500 2349 ἐδωκεν,
527 2282 602 2346 ὠς
623 2281 689 2336 ἂν
707 2282 765 2334 ὲν
793 2279 873 2352 τῷ
890 2278 1035 2332 τέλει
1049 2281 1148 2347 τῆς
1171 2277 1500 2346 ἐκδικήσεως
1525 2271 1738 2325 τούτων
1762 2271 1860 2340 μὲν

281 2375 525 2446 ἐκδήλως
566 2373 1094 2444 εὐφραινουμένων
1120 2386 1134 2402 ⁸
1181 2367 1404 2423 ἐκείνων
1430 2365 1487 2418 δὲ
1521 2363 1646 2417 λίαν
1670 2361 1757 2432 ἐφ’
1779 2355 1862 2423 οἷς

283 2465 486 2538 ὁρῶσιν
513 2462 1034 2534 αἱσχυνουμένων.
1081 2459 1468 2529 Ἐπιστήσεται
1503 2453 1612 2526 γὰρ
1667 2455 1698 2506 ό
1759 2450 1860 2520 τῆς

283 2555 694 2618 ἀνταποδόσεως
740 2555 866 2607 ὅσον
907 2550 1063 2604 οῦπω
1119 2549 1332 2620 καιρὸςζ
1371 2549 1460 2600 ὅτε
1513 2543 1693 2615 φωναὶ
1756 2541 1864 2595 τῶν

284 2644 777 2717 κολασθησομένων
807 2641 1260 2711 ἀκουσθήσονται,
1301 2635 1410 2690 τῶν
1437 2635 1536 2706 μὲν
1562 2633 1868 2704 οἰκητόρων

279 2734 572 2801 ,βοώντων
591 2733 658 2786 ἐκ
676 2733 780 2800 τῆς
808 2732 1062 2796 πόλεως,
1085 2727 1194 2781 τῶν
1221 2725 1277 2779 δὲ
1296 2721 1756 2795 λειτουργούντων
1800 2719 1869 2775 ἐκ

290 2827 399 2882 τοῦ
430 2825 604 2880 ναοῦ.
643 2823 940 2891 Βοήσεται
967 2821 1023 2876 δὲ
1053 2822 1148 2876 καὶ
1163 2821 1256 2874 διὰ
1298 2819 1409 2872 τῶν
1451 2814 1790 2888 πραγμάτων
1835 2811 1870 2859 ό

293 2919 528 2986 Κύριος.
563 2917 638 2980 ὡς
663 2915 830 2970 αὐτοῦ
855 2915 1032 2986 κρίσει
1061 2915 1275 2980 γίνεται
1327 2911 1396 2966 τὰ
1435 2909 1606 2964 δεινά.
1657 2903 1860 2962 Εξδέναι

292 3013 348 3066 δὲ
367 3011 477 3084 χρὴ
500 3010 576 3075 ὡς
613 3007 986 3078 εὐαγγελικῶς
1024 3006 1402 3080 παραγγείλας
1448 2993 1750 3084 ἀδελφοὺς
1763 3001 1858 3084 νος
1887 3002 1931 3057 C

303 3077 480 3172 μιξὲιᾷ
499 3105 625 3167 τοὺς
653 3101 921 3174 ἐθνικοὺς,
947 3077 1183 3170 νομικὴν
1232 3098 1423 3150 ἔλυσεν
1460 3083 1690 3175 ἐντολῇ·
1709 3077 1861 3175 ,Φηιξὶ

299 3169 412 3265 γὰρ
439 3197 468 3249 ὁ
493 3195 658 3266 νόμος
683 3209 696 3224 ⁸
833 3169 1086 3262 λαλήσεις
1109 3191 1290 3253 αὐτοῖς
1332 3171 1586 3266 simul“:
1623 3169 1733 3266 Κῷ·
1757 3169 1864 3266 πᾶῖ

304 3259 406 3342 σαν
434 3259 734 3358 ἐπιγαμίαν
764 3259 1032 3355 ἀπείρηκε
1061 3283 1195 3355 πρὸς
1217 3281 1420 3358 αὐτοῦς»
1439 3261 1518 3358 ὠξ
1546 3259 1714 3358 avi”!
1731 3261 1861 3332 παρ’

307 3377 488 3432 αὐτῶν
545 3376 854 3439 πεισθέντες
899 3377 980 3438 εἰς
1017 3355 1438 3427 εἰδωλολατρδίαν
1500 3352 1812 3410 ἐκπέσωσιν
1845 3371 1858 3387 ’

309 3469 423 3522 ἀλλ’
461 3469 518 3521 ὲν
547 3466 768 3539 Χριστῷ
795 3467 985 3536 γέγονε
1021 3463 1088 3518 τὰ
1105 3455 1370 3539 ἀμφάτῆρα
1392 3439 1474 3502 ἓν»
1504 3443 1606 3539 mf:
1643 3440 1862 3539 λέλυται

309 3562 370 3614 τὸ
405 3529 712 3630 μεσότοιχον
738 3529 835 3610 τοῦ
862 3529 1649 3630 ιρραγμοῦίκατῖξιξγξτιται,δὲΔ
1683 3536 1779 3588 καὶ
1833 3537 1862 3588 ὁ

313 3621 476 3720 νόμος
511 3621 948 3704 τῶνέντολῶν-έν
978 3621 1239 3700 δόγμασινο
1269 3621 1442 3686 Αὐτὸς
1479 3623 1588 3695 γάρ
1632 3625 1780 3681 ἐστιν
1825 3629 1858 3697 ἢ

251 3765 260 3770 -
315 3739 512 3811 εἰρήνη
543 3737 722 3808 ἡμῶν.

391 4001 548 4054 τινὲς
566 4000 616 4054 δὲ
635 3977 743 4028 ,ην-ος
769 3959 896 4023 τοὺς
918 3960 1250 4026 ἀποστόλους
1296 3965 1546 4037 εἰρῆσθαί
1568 3985 1753 4037 φασιν,
1786 3973 1860 4037 ὡς

329 4035 710 4162 μ
747 4049 1012 4162 Ἰουδαρίιιίν
1038 4052 1358 4120 κακοῦσθαι,
1383 4058 1477 4111 καὶ
1506 4035 1744 4127 μάλιστα
1755 4035 1862 4116 τῶν

324 4135 754 4239 ζ’ἷξυσαλὴμ,
785 4135 859 4196 ὧν
875 4143 924 4196 οἱ
961 4143 1220 4215 ἄρχοντες
1241 4149 1365 4212 τοὺς
1385 4151 1718 4216 ἀποστόλους
1740 4157 1862 4225 ᾐκί-

317 4229 467 4322 ἓῖεο,
500 4229 730 4283 θάνατον
761 4232 1178 4302 ἀπειλήσαντες,
1215 4237 1264 4288 εἰ
1289 4236 1381 4290 τὸν
1401 4239 1670 4311 σωτήριον
1703 4242 1863 4312 λόγον

1934 517 2104 585 ipsius
2149 513 2579 577 contremiscunt,
2621 508 2808 564 audire
2855 507 3138 580 praecipit;
3186 504 3256 560 de
3309 501 3514 572 quibus

1937 614 2100 664 antea
2132 604 2422 667 intellexit,
2467 615 2593 656 cum
2644 601 2698 653 in
2751 613 2912 669 quem
2956 597 3124 652 alium
3165 595 3516 662 inspecturus

1937 679 2104 763 esset,
2135 696 2243 750 nisi
2276 695 2331 750 in
2357 693 2618 748 humilem
2660 698 2716 746 et
2763 690 3036 762 quietum,
3067 685 3275 758 quique
3301 677 3516 738 Domini

1941 789 2108 846 verba
2154 792 2444 849 metueret,
2493 782 2792 854 postulavit
2819 781 2903 834 ηε
2946 779 3150 852 quibus
3183 779 3518 847 praeceptum

1941 879 2318 952 evangelicum
2351 877 2422 932 ab
2450 891 2516 932 eo
2561 875 2700 930 nihil
2729 875 3058 942 discrepans
3102 867 3380 940 proponit,
3408 875 3520 933 quo

1941 971 2197 1029 inimicos
2227 969 2488 1039 jubemur
2541 967 2803 1037 diligere,
2843 979 2954 1036 quo
2982 963 3070 1029 iis,
3116 961 3210 1032 qui
3257 972 3356 1013 nos
3389 953 3522 1010 ode-

1944 1072 2094 1126 runt,
2130 1058 2486 1125 benefacere;
2531 1072 2643 1128 quo
2671 1057 2909 1126 denique
2936 1069 3035 1126 pro
3059 1053 3148 1120 iis,
3178 1052 3270 1122 qui
3305 1049 3524 1104 calum-

1947 1151 2192 1214 niantur,
2228 1153 2284 1203 et
2313 1155 2720 1218 persequuntur
2771 1160 2908 1210 nos,
2948 1158 3131 1209 orare,
3161 1148 3219 1194 nt
3244 1137 3396 1192 Patri
3427 1149 3528 1189 no-

1947 1253 2090 1307 stro,
2134 1239 2230 1310 qui
2277 1238 2332 1292 in
2379 1237 2536 1294 caalis
2570 1247 2675 1304 est,
2707 1235 2918 1291 similes
2963 1231 3263 1290 efﬁciamur
3287 1229 3353 1282 “.
3404 1224 3523 1280 Non

1947 1334 2093 1388 enim
2145 1331 2321 1386 solum
2377 1337 2439 1384 ut
2483 1327 2712 1396 perfecti
2763 1327 2958 1390 simus,
3002 1325 3070 1378 ad
3107 1322 3200 1378 Dei
3233 1333 3524 1376 sermonem

1951 1435 2169 1479 tremere
2201 1423 2336 1478 satis
2365 1405 2680 1486 fuerit;ised
2714 1432 2929 1475 summa
2970 1430 3108 1486 opus
3146 1415 3305 1470 etiam
3349 1411 3525 1464 virtu-

1951 1520 2024 1575 tis
2067 1515 2464 1586 resumptione,
2507 1528 2629 1584 quas
2673 1510 2990 1568 dilectionis
3039 1517 3096 1563 et
3137 1503 3526 1564 benevolentia:

1953 1607 2287 1663 voluntatem
2323 1607 2376 1660 in
2405 1604 2706 1676 alliigentes
2735 1601 2932 1658 haheat
2957 1619 2970 1653 :
3001 1595 3068 1650 Ut
3108 1613 3290 1650 nomen
3312 1593 3526 1648 Domini

1952 1697 2301 1770 gloriﬁcatur,
2351 1703 2401 1750 et
2455 1700 2712 1763 appareat
2743 1691 2802 1746 in
2850 1685 3043 1742 latitia
3073 1699 3275 1737 eorum.
3315 1680 3528 1747 Quibus

1957 1791 2100 1848 enim
2130 1789 2187 1844 in
2215 1787 2320 1854 eis,
2347 1787 2548 1857 inquit,
2587 1784 2704 1841 odii
2749 1783 2888 1843 loco,
2936 1775 3216 1837 latamini,
3253 1773 3394 1827 Deus
3423 1771 3534 1840 ipse

1955 1878 2512 1952 gloriﬁcatur;juxla
2539 1874 2711 1929 illud:
2745 1889 2764 1922 ι
2793 1867 2862 1925 Ut
2889 1865 3112 1922 videant
3139 1880 3306 1934 opera
3345 1870 3531 1919 vestra

1959 1975 2124 2037 bona,
2164 1980 2219 2028 et
2271 1968 2496 2025 laudent
2547 1966 2761 2020 Patrem
2823 1966 3090 2024 vestrum,
3141 1955 3236 2026 qui
3281 1953 3338 2008 in
3373 1952 3531 2007 cmlis

1959 2071 2045 2120 est
2067 2063 2134 2116 ⁸⁷.
2175 2081 2194 2113 ι
2229 2061 2489 2116 Fortasse
2519 2068 2646 2110 vero
2669 2061 2722 2108 et
2749 2051 2830 2105 illi
2867 2049 2964 2106 Dei
2993 2047 3162 2104 vestri
3191 2060 3378 2101 nomen
3410 2041 3561 2114 glow

1961 2152 2271 2224 riﬁcabunt,
2305 2163 2428 2206 cum
2451 2159 2518 2200 eo
2545 2157 2638 2197 vos
2666 2155 2795 2212 erga
2819 2155 2879 2196 se
2902 2139 3088 2194 animo
3117 2151 3244 2193 esse
3268 2133 3530 2198 viderint,

1961 2246 2078 2314 ipsa
2123 2245 2290 2299 etiam
2320 2240 2375 2296 in
2411 2250 2471 2290 se
2498 2231 2839 2288 humanitate
2891 2239 2944 2286 et
2973 2225 3350 2285 benevolentia
3383 2225 3534 2281 dele-

1965 2334 2117 2393 ctati.
2140 2335 2208 2390 At
2231 2324 2628 2401 Symmachus:
2649 2321 2721 2376 Et
2745 2321 3028 2377 videbimus
3059 2321 3112 2374 in
3134 2319 3324 2373 laetitia
3341 2328 3538 2378 vestra.-

1966 2423 2280 2480 transtulit;
2301 2413 2630 2484 tanquamin
2653 2411 2759 2468 line
2787 2411 3008 2468 ultionis
3037 2411 3177 2468 istos
3197 2409 3420 2479 quidem
3453 2409 3547 2490 ιωτ

1971 2527 2071 2579 tos,
2089 2513 2207 2568 illos
2233 2513 2416 2560 autem
2445 2505 2531 2572 iis,
2551 2519 2672 2575 qua!
2689 2504 2930 2572 videant,
2957 2503 3135 2576 palam
3159 2503 3411 2574 confusos
3428 2502 3540 2571 fore

1971 2600 2252 2674 signiticet.
2296 2596 2675 2668 Cognoscetur
2715 2598 2884 2665 enim,
2909 2606 3174 2666 quantum
3205 2611 3314 2650 non
3349 2601 3537 2656 antea.

1968 2688 2338 2764 retributionis
2368 2698 2612 2758 tempus;
2657 2705 2780 2746 cum
2832 2704 3022 2745 eorum
3057 2702 3242 2757 voces,
3287 2687 3380 2758 qui
3436 2702 3538 2758 pu-

1965 2778 2210 2846 nientur,
2258 2778 2614 2834 clamantibus
2673 2779 2739 2834 ab
2772 2779 2900 2834 urbe
2943 2779 3162 2843 incolis,
3211 2778 3457 2850 ipsisque
3478 2777 3544 2833 de

1965 2870 2156 2940 templo
2196 2871 2489 2933 ministris.
2525 2872 2706 2928 audiri
2752 2875 3056 2943 continget.
3097 2869 3368 2928 Clamabit
3410 2887 3544 2927 vero

1964 2974 2018 3020 et
2069 2963 2330 3034 operibus
2381 2964 2515 3034 ipsis
2566 2964 2994 3046 Βοηιίηιιεηιιοη
3043 2965 3174 3032 alio,
3227 2981 3390 3036 quam
3440 2981 3544 3022 suo

1963 3056 2139 3126 ipsius
2163 3056 2376 3126 judicio
2407 3057 2570 3128 752
2599 3058 2941 3114 calamitates
2975 3057 3110 3114 istas
3142 3058 3383 3114 immitti.
3431 3058 3543 3113 No-

1965 3149 2186 3203 tandum
2239 3162 2423 3218 porro,
2477 3163 2544 3204 eo
2594 3149 2736 3217 ipso,
2785 3149 2930 3219 quod
2979 3155 3171 3220 gentes
3224 3150 3545 3220 evangelica

1963 3255 2117 3297 more
2145 3239 2342 3312 fratres
2399 3256 2522 3298 esse
2577 3239 2888 3296 censendos
2945 3249 3152 3301 monet,
3203 3241 3376 3310 legem
3413 3258 3540 3298 eum

1965 3331 2255 3402 abrogare,
2289 3346 2412 3403 qua:
2444 3330 2774 3402 paciﬁcaad
2819 3331 2946 3388 illos
2997 3333 3148 3403 loqui
3195 3332 3541 3403 prohibebat.

1964 3426 2198 3482 (laverat
2223 3433 2277 3482 et
2325 3427 2464 3496 ipsa,
2495 3440 2565 3481 ne
2597 3425 2946 3480 matrimonia
2987 3439 3112 3480 cum
3153 3427 3234 3482 eis
3264 3412 3555 3480 contrahe-

1963 3527 2122 3584 rent;
2156 3533 2227 3574 ne
2259 3519 2329 3574 ab
2361 3519 2498 3588 ipsis
2529 3517 2781 3588 persuasi
2841 3517 3211 3574 idololatriam
3244 3532 3548 3588 sequeren-

1963 3617 2052 3663 tur
2078 3609 2162 3663 "z
2199 3608 2295 3664 sed
2347 3609 2402 3663 in
2451 3608 2676 3664 Christo
2711 3609 2824 3676 jam
2871 3619 3100 3678 utraque
3126 3625 3296 3664 unum
3344 3607 3543 3663 eﬂ‘ecta

1963 3711 2112 3761 sunt,
2149 3699 2571 3766 disturbatoque
2605 3699 2786 3753 medio
2823 3701 3082 3754 maceria:
3112 3702 3345 3768 pariete,
3379 3700 3542 3756 etiam

1966 3788 2050 3838 lex
2081 3787 2220 3854 ipsa,
2253 3801 2376 3854 quae
2404 3787 2788 3841 mandatorum
2818 3788 3034 3856 placitis
3066 3791 3378 3857 constabat,
3398 3793 3547 3861 jacet

1965 3878 2247 3946 abrogata.
2281 3875 2374 3930 Est
2401 3878 2546 3931 enim
2583 3878 2698 3948 ipse
2732 3893 2836 3948 pax
2872 3887 3059 3934 nostra
3094 3878 3161 3932 ‘9.

2034 3967 2267 4034 Quidam
2323 3975 2508 4023 tamen
2560 3969 2627 4023 ad
2678 3969 2959 4037 apostolos
3003 3969 3114 4025 dici
3163 3971 3544 4040 arbitrantur,

1965 4071 2224 4131 tauquam
2261 4075 2290 4114 a
2321 4059 2526 4116 Judrcis
2557 4061 2756 4114 damna
2787 4070 2973 4118 essent
3011 4065 3330 4134 accepturi;
3359 4065 3453 4122 sed
3479 4068 3548 4120 ah

1965 4153 2032 4207 iis
2053 4149 2350 4222 praecipue,
2393 4151 2487 4220 qui
2533 4151 3040 4224 Hierosolymorum
3095 4155 3285 4210 urbem
3343 4157 3550 4212 incole-

1964 4252 2121 4300 rent:
2163 4257 2396 4313 quorum
2435 4243 2528 4312 qui
2553 4243 2833 4312 principes
2863 4244 3226 4309 habebantur,
3263 4248 3546 4315 apostolos

285 4321 626 4394 κηρύττοιεν.
663 4324 772 4376 Kal
793 4323 942 4378 τιδεί
972 4324 1174 4393 λέγειν,
1204 4326 1278 4390 ὡς
1323 4331 1355 4396 ἡ
1390 4338 1411 4358 °
1452 4330 1551 4399 μὲν
1612 4329 1724 4398 τῆς
1768 4335 1861 4388 εὐ-

1975 4335 2157 4406 ﬂagris
2190 4341 2540 4404 acceperant,
2571 4342 2804 4388 mortem
2838 4334 2918 4390 eis
2945 4335 3288 4401 minitantes,
3310 4336 3356 4390 si
3396 4337 3548 4392 salu-

279 4415 598 4485 φροσύνης
615 4416 916 4484 ἐπαγγελία
939 4421 1050 4482 τοῖς
1083 4420 1320 4489 Χριστοῦ
1351 4421 1542 4488 γέγονε
1569 4423 1859 4494 μαθηταῖς,

280 4506 352 4557 δι’
409 4505 590 4559 αὐτῶν
614 4507 893 4577 πανταχοῦ
944 4511 1351 4578 συνισταμένων
1381 4511 1750 4582 Ἐκκλησιῶν.
1797 4515 1861 4570 Ἠ

278 4593 342 4648 δὲ
356 4594 450 4648 τοῦ
471 4595 606 4650 Θεοῦ
637 4597 763 4660 τοὺς
785 4598 1144 4662 κακώσαντας
1171 4601 1369 4664 αὐτοὺς
1423 4601 1686 4672 μετῆλθεν
1699 4604 1860 4675 ὀργή,

280 4689 658 4758 περιστάντων
727 4689 924 4754 αὐτοὺς
977 4691 1270 4762 πολεμίων.
1330 4693 1444 4746 Καὶ
1525 4693 1704 4749 ταῦτα
1760 4697 1860 4766 μὲν

277 4778 532 4842 ἐκεινοις.
553 4779 626 4833 Τὸ
645 4779 702 4833 δὲ
727 4779 976 4845 θεοσεϐὲς
1001 4781 1320 4853 πολίτευμα,
1344 4785 1439 4837 καὶ
1457 4786 1491 4856 ή
1507 4785 1606 4840 νέα
1629 4787 1802 4856 Σιὼν,
1827 4791 1862 4860 ή

292 4869 592 4938 Ἐκκλησία
641 4870 709 4924 δι’
731 4869 886 4941 ὑμῶν
913 4875 1312 4946 συστησομένη,
1369 4877 1625 4931 τοσοῦτον
1646 4879 1864 4950 ἀθρόως

277 4963 570 5034 γεννήσει
594 4965 798 5036 πλῆθος
825 4965 992 5032 λαῶν,
1023 4967 1099 5030 ὡς
1135 4969 1477 5040 ἐκπλαγῆναι
1508 4971 1600 5025 τὸν
1637 4973 1865 5028 ἁκούονο

277 5073 376 5108 στα.
413 5056 499 5118 Ὠς
523 5057 630 5126 γὰρ
659 5057 725 5112 ἂν
747 5057 1010 5127 αἰφνίδιον
1037 5057 1178 5111 κατὰ
1199 5061 1434 5130 γαστρὸς
1469 5061 1672 5134 ἔχουσα
1722 5083 1858 5134 γενε-

272 5145 466 5212 νήσει
490 5149 649 5218 γυνὴ,
690 5149 958 5220 μηδεμιᾶς
997 5149 1185 5212 ὠδῖνος
1232 5151 1591 5224 ήγησαμένης
1621 5171 1638 5188 ο
1713 5157 1777 5211 τό
1803 5158 1862 5210 δὲ

265 5237 518 5308 τεχθὲν,
579 5237 786 5308 ἄρσεν.
834 5239 1020 5304 Οὕτως
1075 5238 1366 5312 ὁλόκληρον
1419 5243 1633 5314 ἀθρόως
1684 5248 1718 5317 ή
1769 5247 1866 5301 νέα

356 5354 402 5431 ‘_'
421 5353 715 5431 lsa._t.x:vr,
747 5357 802 5412 2.
892 5359 938 5392 “
967 5359 1154 5415 Matth.
1181 5374 1235 5426 ν,
1269 5359 1356 5426 Η,
1387 5359 1476 5414 45.
1500 5363 1547 5394 ⁸⁷
1585 5363 1780 5422 Matth,
1814 5385 1846 5421 ν
1871 5405 1886 5431 ,
1924 5363 2014 5420 16,

265 5443 350 5489 ιι,
375 5425 462 5478 14.
539 5426 584 5457 ⁸⁸
618 5428 738 5482 Act.
766 5443 825 5482 ιιι
849 5437 904 5484 et
939 5447 1012 5487 Iv.

1973 4429 2040 4482 tis
2070 4425 2425 4496 Evangelinm
2472 4427 2882 4497 promulgarent
2917 4428 2988 4482 '°.
3019 4427 3348 4498 Quanquam
3381 4429 3547 4484 etiam

1971 4533 2080 4573 non
2121 4517 2264 4572 male
2307 4516 2601 4573 conveniat
2651 4517 2826 4588 ipsam
2876 4518 3085 4573 latitia:
3129 4519 3548 4590 promissionem

1971 4607 2176 4663 Christi
2218 4607 2508 4679 discipulis
2559 4609 2760 4664 factam
2795 4625 2917 4666 esse
2965 4609 3263 4678 aﬂirmare;
3310 4593 3552 4682 quorum

1971 4715 2136 4769 opera
2179 4699 2379 4770 ubique
2412 4709 2540 4755 sunt
2577 4713 2922 4773 congregatas
2963 4702 3245 4758 Ecclesiae.
3291 4702 3386 4759 Est
3419 4719 3548 4759 vero

1971 4805 2066 4846 eos
2092 4788 2182 4846 Dei
2213 4793 2314 4854 ira,
2355 4807 2385 4844 a
2412 4791 2613 4860 quibus
2655 4793 2855 4861 injuria
2895 4793 3074 4850 allecti
3110 4805 3261 4862 sunt,
3291 4799 3404 4852 ulta
3427 4813 3549 4854 esse

1973 4882 2376 4948 existimanda;
2431 4897 2555 4937 cum
2604 4883 2672 4937 ab
2718 4885 2968 4940 hostibus
3007 4888 3246 4945 obsideri
3294 4891 3546 4961 contigit.

1975 4973 2156 5040 Atque
2194 4969 2308 5024 h:ec
2341 4970 2560 5037 quidem
2592 4970 2722 5025 illis.
2755 4971 2862 5036 Qui
2897 4981 3078 5028 autem
3115 4975 3258 5044 piam
3293 4977 3417 5030 vita:
3455 4991 3549 5030 ra-

1979 5065 2182 5118 tionem
2218 5070 2540 5132 scquuntur,
2575 5062 2806 5133 ipsaque
2835 5063 2972 5118 adeo
3014 5080 3158 5120 nova
3197 5065 3350 5130 Sion,
3382 5067 3436 5122 id
3465 5077 3551 5123 est

1971 5156 2242 5222 Ecclesia,
2267 5170 2390 5225 qua:
2427 5161 2609 5209 vestra
2660 5157 2829 5209 coibit
2855 5164 3044 5226 opera,
3078 5165 3286 5212 tantam
3320 5169 3549 5227 repente

1975 5249 2148 5320 pariet
2182 5247 2507 5317 populorum
2547 5245 2950 5300 multitudinem
2973 5285 2988 5310 ,
3031 5259 3089 5301 ut
3124 5247 3191 5302 iis
3226 5247 3414 5312 etiam,
3451 5251 3546 5318 qui

2116 5361 2162 5392 “
2205 5358 2381 5415 Exod.
2428 5371 2591 5422 unt,
2641 5357 2742 5424 '52;
2796 5356 2951 5412 Deut.
2979 5375 3076 5424 vu,
3105 5359 3158 5414 2.
3273 5357 3319 5394 ⁸³
3347 5359 3546 5429 Ephes.

1591 5523 1826 5580 VARUE
1865 5521 2276 5582 LECTIONES.

360 5619 386 5646 ⁸
415 5626 510 5680 γρ.
543 5609 640 5665 και
663 5625 776 5664 τοι.
