3966 6318
274 298 419 363 2705
1408 295 1947 356 COMMENTARII
1986 296 2068 356 IN
2109 295 2396 355 ISAIAM.
3372 290 3519 356 2706

342 409 499 473 Τινὲς
529 409 591 464 δὲ
616 408 774 463 τοῦτο
804 408 938 478 πρδς
969 408 1066 474 τὰς
1098 407 1196 461 δύο
1245 407 1510 480 διαθήκας
1568 408 1842 475 ἐδέξαντο,
1876 415 1908 468 Α

2021 411 2158 464 Sunt
2185 419 2387 471 tamen,
2418 409 2508 478 qui
2536 407 2680 464 istud
2708 410 2773 462 ad
2815 410 2922 464 duo
2964 415 3292 463 testamenta
3325 409 3523 464 retule-

272 502 582 566 ἀκολούθως
611 511 640 553 P
679 497 817 556 εἶναι
845 499 1100 569 λέγοντες
1119 501 1216 577 τὴν
1247 499 1456 573 ἀθρόως
1486 500 1613 555 λαὸν
1630 502 1838 571 γεννή-

1953 504 2079 571 rint,
2130 511 2554 558 consentaneum
2603 518 2727 558 esse
2760 502 3040 569 arbitrati,
3081 509 3141 556 ut
3168 517 3287 570 quae
3322 518 3519 556 marem

270 610 478 650 σασαν
510 594 741 663 ἄρσενα
767 594 846 665 τῷ
873 592 1014 663 Θεῷ,
1052 594 1150 657 καὶ
1214 592 1509 662 γάλακτος
1537 594 1617 667 είς
1665 595 1836 665 turpe-

1953 593 2208 662 populum
2244 590 2356 646 Deo
2386 589 2675 646 confertim
2718 592 3027 660 peperisset,
3063 591 3198 645 lacte
3243 592 3408 644 etiam
3455 589 3519 643 ad

273 687 378 757 φὴν
428 686 535 740 τῶν
580 686 752 755 αὐτῆς
818 684 1157 754 πληροῦσθαι
1209 685 1439 754 νηπίων,
1471 684 1499 737 ὃ
1527 685 1591 755 δὴ
1621 686 1839 753 λογικὸν

1958 681 2233 736 infantium
2279 680 2633 736 nutritionem
2680 680 3037 750 impleretur:
3074 679 3383 749 cnjusmodi
3435 689 3524 728 ra-

272 777 443 832 Γάλα
464 777 530 830 ὲκ
561 777 670 830 τῶν
694 775 788 829 δύο
813 775 993 846 ῥεύσει
1019 774 1316 841 διαθηκῶν.
1339 774 1509 827 Atia-al
1535 775 1643 845 γὰρ
1674 775 1838 843 αὐτῆς

1955 773 2151 828 Lionale
2200 772 2354 826 lactis
2389 788 2559 842 genus
2606 773 2676 828 ab
2706 781 2943 841 utroque
2977 778 3307 827 testamento
3346 768 3521 824 ﬂuxu-

271 875 320 926 οἱ
340 871 434 923 δύο
474 871 671 940 μαστοὶ
691 869 885 937 ἀγαθοὶ
919 867 1072 932 ὄντες
1120 867 1260 937 ὑπὲρ
1315 863 1477 920 οἶνον.
1532 867 1837 936 Παρακλή-

1957 877 2068 916 rum
2118 877 2242 917 esse
2276 871 2577 917 constaret.
2639 861 2779 915 Sunt
2814 862 2960 917 enim
3012 860 3066 915 hi
3118 861 3296 916 fontes
3351 860 3523 930 ipsius

271 973 427 1024 σεως
455 960 513 1014 δέ
536 976 723 1030 φησιν,
757 960 1054 1029 ἐπειδήπερ
1117 961 1172 1014 οι
1222 959 1654 1026 amputantem}
1699 959 1837 1026 λόγοι

1960 950 2171 1020 gemini,
2197 952 2324 1005 vino
2345 952 2464 1023 ipso
2489 952 2930 1022 praestantiores.
2962 950 3366 1005 Consolationis
3393 965 3526 1005 voce

270 1051 378 1106 τῶν
398 1050 765 1120 ἀτελεστέρων
792 1050 983 1120 ψυχῶν
1042 1048 1202 1118 γάλα
1260 1049 1468 1120 κυρίως
1521 1048 1836 1120 ὠνομάσθη-

1960 1047 2207 1110 prmterea
2238 1041 2359 1095 ideo
2399 1056 2535 1095 usus
2565 1048 2667 1105 est,
2698 1041 2843 1111 quod
2877 1041 3053 1095 vicem
3102 1041 3256 1094 lactis
3289 1040 3526 1094 habeant

273 1157 395 1207 σαν,
438 1140 537 1212 τῆς
595 1140 826 1210 στερεᾶς
851 1139 1063 1210 τροφῆς
1121 1139 1181 1193 ὲν
1230 1138 1495 1207 δόγμασιν
1565 1139 1839 1207 μυστικοῖς

1960 1131 2091 1201 apud
2112 1131 2541 1201 imperfectiores
2572 1132 2785 1187 animas
2820 1147 3104 1188 sermones
3137 1131 3486 1186 consolatorii
3505 1147 3526 1186 .'

270 1230 587 1301 νοουμένης,
644 1230 767 1299 ἥτις
828 1229 1029 1298 πρέπει
1051 1230 1164 1291 τοῖς
1228 1228 1308 1291 είς
1349 1227 1519 1297 ἄνδρα
1544 1225 1836 1296 προήκουσι

1957 1222 2158 1278 solidus
2192 1232 2373 1277 autem
2418 1223 2574 1278 cibus
2609 1223 2665 1276 in
2700 1222 3084 1276 abstrusorum
3136 1222 3523 1294 mysteriorum

268 1320 495 1388 τέλειον,
516 1320 592 1391 μὴ
622 1319 1013 1388 έναπομείνασι
1047 1317 1124 1389 τῷ
1164 1317 1342 1388 νηπίῳ
1372 1332 1387 1347 ο
1435 1316 1523 1369 διδ
1571 1315 1834 1387 προσέθη-

1961 1314 2161 1370 ratione
2191 1322 2489 1395 spectetur,
2519 1315 2614 1385 qui
2665 1314 2811 1368 viros
2845 1315 3004 1370 decet
3029 1301 3340 1383 perfectos,
3384 1328 3527 1382 quos

269 1431 385 1478 κεν,
429 1415 527 1467 ἵνα
549 1412 1002 1480 ἐκθηλάσαντες
1064 1410 1412 1480 τρυφήσητε
1451 1408 1571 1463 ἀπὸ
1603 1408 1835 1463 είσόδοι

1958 1409 2104 1474 nihil,
2142 1410 2284 1479 quod
2323 1409 2531 1479 puerile
2564 1410 2660 1472 sit,
2683 1416 3015 1464 remoretur.
3051 1406 3188 1461 Hinc
3218 1417 3303 1462 est
3334 1407 3524 1476 igitur,

268 1502 456 1570 δόξης
479 1502 670 1570 αὐτῆς
697 1516 712 1532 ·
748 1501 893 1577 τοῦιί
918 1501 1065 1555 ἐστιν
1098 1501 1203 1565 ἔξω
1228 1501 1395 1572 θήλης
1426 1501 1729 1569 γεγονότες,
1753 1501 1834 1554 καῖ

1958 1500 2093 1569 quod
2137 1501 2362 1565 addidit,
2392 1508 2450 1553 ut
2480 1508 2757 1570 postquam
2787 1501 3066 1564 suxeritis,
3099 1498 3430 1552 delectemini
3462 1500 3524 1550 ab

268 1593 893 1663 ἀπογεγαλακτισμένοι.
920 1593 1030 1645 Kal
1063 1590 1253 1655 δόξαν
1323 1592 1420 1661 μὲν
1442 1591 1612 1661 αὐτῆς
1640 1592 1834 1662 ὀνομά-

1963 1592 2174 1645 introitu
2210 1592 2395 1662 gloriw
2420 1593 2579 1662 ejus;
2616 1593 2804 1647 eodem
2838 1592 2994 1662 plane
3022 1607 3210 1656 sensu,
3246 1605 3311 1645 ac
3335 1590 3379 1644 si
3410 1592 3529 1645 sine

243 1679 351 1747 ’ζει
380 1682 636 1751 Χριστδν,
653 1681 727 1744 ὡς
745 1682 839 1733 καὶ
856 1680 1040 1746 Δαϐὶδ,
1076 1698 1096 1731 ι
1129 1680 1234 1733 Τοῦ
1255 1680 1809 1751 κατασκηνῶσαιδόξα

1960 1685 2138 1752 ubere,
2170 1694 2228 1740 et
2255 1664 2285 1739 ἑ
2314 1686 2455 1741 lacte
2471 1685 2822 1755 depellendos
2851 1700 2974 1741 esse
3002 1684 3297 1754 signiticet.
3329 1683 3526 1738 Gloriw

180 1794 183 1797 ·
267 1741 326 1825 έν
340 1774 407 1842 τῇ
435 1741 509 1843 γῇ
539 1741 721 1841 ἡμῶν.
760 1788 782 1821 ι
808 1741 1069 1823 Ετσοδον
1086 1768 1143 1822 δὲ
1170 1769 1269 1838 τῆς
1297 1770 1436 1837 μετὰ
1466 1741 1669 1839 σαρκὸς
1694 1771 1744 1822 οἱ

1963 1783 2212 1843 praeterea
2244 1775 2470 1830 nomine
2496 1741 2784 1829 Christum
2816 1774 3001 1844 ipsum
3038 1772 3352 1845 signiﬁcat:
3386 1780 3445 1824 ut
3475 1779 3529 1826 ct

264 1861 457 1931 νομίας
500 1861 562 1913 τδ
619 1860 937 1931 μυστήριον.
999 1860 1175 1914 Οίονεὶ
1212 1860 1321 1930 γὰρ
1376 1860 1467 1913 διὰ
1506 1861 1709 1931 σαρκὸς
1764 1863 1830 1925 είς

1962 1865 2140 1932 David,
2173 1866 2263 1920 ubi
2309 1865 2364 1919 in
2403 1875 2553 1920 terra
2597 1879 2787 1919 eorum
2842 1864 3217 1919 habitaturam
3253 1879 3378 1919 esse
3417 1863 3528 1932 glo-

264 1950 454 2006 τοῦτον
478 1951 569 2004 τὸν
604 1951 810 2020 κόσμον
848 1950 1192 2029 εἰσὸέόηκεν.
1253 1949 1528 2020 Τρυφῶσι
1557 1952 1736 2005 τοίνυν
1794 1955 1830 2005 οἳ

1961 1957 2081 2008 riam
2117 1955 2321 2011 cecinit
2345 1950 2415 2008 “.
2450 1953 2605 2020 Quod
2641 1952 2838 2008 deinde
2865 1952 3125 2007 introitus
3158 1951 3431 2015 meminit,
3462 1948 3527 2002 ad

263 2043 359 2098 τὸν
384 2045 477 2098 ἐπὶ
503 2043 678 2115 τούτῳ
720 2044 880 2112 λόγον
911 2042 1317 2114 μεμαθηκότες.
1380 2042 1472 2096 Διδ
1505 2046 1597 2097 καὶ
1622 2045 1651 2096 ὁ
1712 2061 1829 2116 προ-

1966 2047 2340 2103 ncarnationis
2372 2045 2733 2102 (economiam
2771 2043 2892 2099 ideo
2921 2044 3130 2108 retulit,
3172 2042 3317 2112 quod
3360 2042 3528 2096 veluti

266 2136 446 2207 φήτης
507 2134 972 2206 παρεζευγμένως
1022 2134 1122 2206 τὴν
1176 2134 1481 2204 ἐμφάνειαν
1534 2134 1701 2188 αὑτοῦ
1745 2137 1832 2206 rip

1964 2153 2042 2193 )er
2072 2151 2293 2192 carnem
2320 2136 2375 2191 in
2415 2137 2564 2190 hunc
2594 2135 2866 2189 mundum
2902 2134 3153 2188 intravit.
3184 2132 3530 2186 Delectantur

268 2225 409 2298 μετὰ
425 2225 627 2298 σαρκὸς
676 2226 880 2296 ἐναργῆ
910 2235 939 2274 τι
959 2224 1032 2287 ὡς
1056 2224 1122 2278 ἂν
1148 2224 1313 2278 αὐτοῦ
1362 2225 1617 2294 λέγοντος
1643 2243 1659 2258 ο
1686 2225 1834 2279 Ἰδού

1967 2242 2075 2298 ergo
2106 2227 2202 2297 qui
2234 2242 2546 2282 sermonem
2581 2224 2651 2280 de
2685 2225 2788 2279 hac
2838 2226 2954 2295 ipsa
2995 2240 3056 2279 re
3095 2224 3427 2279 didicerunt.
3466 2221 3533 2274 Et

264 2313 660 2384 ἐγὼέκκλίνω
696 2315 787 2368 ἐπ’
860 2313 1103 2378 αὐτοὺς,
1139 2313 1219 2378 ὡς
1252 2314 1520 2383 ποταμὸς
1575 2316 1830 2385 εἰρήνης,

2043 2333 2072 2372 c
2108 2318 2273 2388 igitur
2302 2315 2554 2371 eﬂ‘ectum
2585 2323 2669 2371 est
2692 2355 2708 2377 .
2741 2327 2802 2370 ιιι
2852 2317 2970 2386 ejus
3009 2316 3061 2368 in
3098 2330 3262 2370 carne
3300 2313 3531 2369 manife-
3604 2385 3606 2388 γ

265 2405 366 2459 καί
425 2406 507 2471 ὡς
529 2405 886 2475 χειμάρρους
912 2402 1246 2463 ἐπικλύζων
1275 2404 1466 2469 δόξαν
1496 2404 1707 2473 ἐθνῶν,
1736 2407 1831 2461 πά·

1966 2408 2238 2475 ιιειίοηεηι
2294 2407 2560 2477 propheta
2617 2406 2803 2460 statim
2844 2415 3086 2475 apertam
3144 2404 3367 2468 laceret,
3407 2414 3532 2458 tan-

266 2492 352 2547 λιν
381 2493 664 2550 κάνταῦθα
730 2495 847 2561 τὴν
876 2493 996 2547 τῶν
1022 2491 1215 2549 ἐθνῶν
1241 2492 1430 2559 δόξαν
1466 2495 1755 2550 συνάπτων
1775 2499 1832 2568 τῇ

1964 2511 2107 2567 lnam
2144 2496 2264 2566 ipso
2298 2496 2364 2550 ad
2399 2496 2545 2551 hunc
2580 2497 2802 2551 modum
2838 2497 3132 2566 loquente:
3163 2497 3297 2552 Ecce
3323 2514 3418 2568 ego
3440 2499 3530 2553 de-

268 2585 631 2658 προλεχθείση
674 2585 772 2657 νέᾳ
820 2585 1009 2653 Σιὼν,
1071 2586 1165 2639 καὶ
1199 2584 1442 2655 ποταμῷ
1493 2588 1834 2665 παρεικάζωτ

1968 2585 2081 2640 'lino
2111 2586 2181 2639 ad
2210 2602 2322 2651 eos,
2356 2587 2513 2657 quasi
2541 2587 2736 2655 ﬂuvius
2766 2588 2936 2654 pacis,
2957 2596 3007 2639 et
3032 2588 3186 2657 quasi
3213 2597 3420 2642 torrens
3450 2589 3534 2641 in-

263 2677 364 2746 τὴν
427 2677 716 2747 δεδομένην
749 2676 961 2741 τούτοις
1026 2675 1300 2746 εἰρήνην.
1355 2678 1467 2732 Kal
1500 2679 1736 2750 ἀλλαχοῦ
1789 2679 1829 2733 δι

1961 2676 2154 2732 tndans
2191 2677 2418 2748 gloriam
2465 2679 2738 2748 gentium:
2781 2679 2836 2732 in
2868 2693 2977 2748 quo
3016 2678 3246 2748 gloriam
3290 2679 3527 2750 gentium

267 2783 452 2839 φησιν·
480 2786 501 2821 ι
518 2768 579 2821 '0
599 2767 840 2840 ποταμὸς
850 2767 942 2822 τοῦ
960 2767 1094 2822 Θεοῦ
1108 2767 1401 2839 ἐπληρώθη
1418 2748 1647 2824 ὑδάτων.
1663 2748 1687 2821 ἡ»
1713 2771 1833 2825 Καί⁴

1965 2787 2073 2829 :um
2107 2771 2272 2829 Sione
2296 2773 2408 2840 illa,
2441 2787 2564 2843 qua:
2600 2787 2794 2827 recens
2817 2780 2942 2827 ante
2964 2772 3245 2826 nominata
3270 2748 3375 2836 est,
3399 2786 3531 2826 con-

272 2879 293 2912 ι
331 2858 437 2913 Τοῦ
462 2857 706 2930 ποταμοῦ
752 2858 822 2945 ea
852 2859 1152 2931 ὀρμήματα
1177 2859 1530 2930 εὐφραίνουσι
1561 2859 1659 2932 τὴν
1692 2862 1838 2918 πόλιν

1971 2865 2163 2936 ungit,
2218 2872 2274 2920 et
2335 2880 2519 2935 pacem
2577 2877 2702 2934 quae
2750 2863 2873 2917 istis
2930 2862 3131 2917 tradita
3191 2870 3309 2926 est,
3367 2864 3529 2945 [lunia

269 2950 363 3005 τοῦ
378 2949 570 3006 Θεοῦ.)
590 2951 700 3005 Kal
728 2941 912 3007 πάλινο
948 2970 966 3004 ι
995 2951 1106 3006 Καὶ
1131 2950 1221 3004 τὸν
1249 2953 1585 3025 χειμάρρουν
1600 2953 1700 3024 τῆς
1714 2971 1835 3026 τρυ-

1968 2957 2081 3013 ’acit
2112 2971 2222 3012 non
2260 2955 2607 3012 dissimilem.
2646 2954 2712 3009 Et
2763 2954 2965 3010 alicubi
3016 2955 3163 3010 enim
3216 2941 3477 3010 scribitur
3521 2970 3534 3007 :

267 3044 375 3115 φῆς
406 3061 498 3099 σου
518 3047 726 3108 ποτιεῖς
757 3042 974 3107 αὐτούς.
997 3061 1016 3094 ι
1053 3042 1250 3107 Δόξαν
1276 3042 1332 3096 δὲ
1358 3042 1478 3097 τῶν
1514 3043 1708 3099 ἐθνῶν
1721 3046 1833 3110 τοὺς

1969 3067 1974 3101 l
2007 3047 2237 3105 Flumen
2272 3049 2384 3119 Dei;
2413 3049 2683 3119 repletum
2720 3055 2806 3104 est
2847 3046 3007 3118 aquis
3032 3047 3100 3103 ⁸⁵.
3142 3065 3163 3099 ι
3203 3047 3307 3102 Et:
3354 3067 3373 3099 ι
3407 3046 3535 3101 Flu-

264 3135 338 3201 ἐξ
351 3135 548 3191 αὐτῶν
563 3134 996 3197 πεπιστευκότας
1018 3135 1192 3200 καλεῖ,
1215 3133 1357 3188 κατὰ
1379 3134 1459 3201 τὸ,
1481 3152 1500 3186 ι
1526 3132 1633 3199 Οὓς
1649 3135 1707 3192 δὲ
1728 3137 1830 3191 ὲκά

1966 3139 2120 3196 minis
2166 3138 2406 3210 impetus
2461 3137 2701 3194 laztilicat
2745 3139 3020 3194 civitatem
3064 3137 3159 3193 Dei
3186 3139 3256 3193 ".
3292 3156 3312 3190 ι
3372 3137 3532 3209 755

267 3226 446 3292 λεσεν,
480 3226 701 3290 τούτους
730 3227 826 3279 καὶ
859 3225 1126 3288 ἐδόξασεν.
1154 3243 1175 3277 ι

1964 3229 2233 3302 Itemque:
2274 3231 2383 3288 «De
2411 3238 2658 3287 torrente
2684 3230 3009 3287 deliciarum
3042 3231 3260 3301 potabis
3284 3246 3380 3286 eos
3406 3229 3475 3283 ⁸⁷.
3510 3249 3530 3282 ι

265 3317 525 3390 lntelligit
565 3333 696 3375 vero
735 3333 834 3390 per
868 3320 1098 3390 gloriam
1136 3320 1402 3389 gentium,
1432 3316 1535 3376 eos
1561 3322 1743 3391 ipsos,
1799 3322 1892 3394 qui
1926 3323 1994 3381 de
2024 3326 2256 3395 gentium
2302 3340 2533 3381 numero
2579 3323 2740 3380 [idem
2787 3321 3021 3394 amplexi
3076 3331 3234 3390 sunt;
3268 3321 3427 3393 qnale
3469 3320 3537 3375 il-

268 3408 359 3462 lud
399 3414 503 3471 cst,
539 3406 686 3475 quod
727 3406 871 3476 apud
905 3405 1252 3476 Apostolum,
1316 3407 1537 3462 eosdem
1567 3408 1730 3462 etiam
1760 3410 2121 3480 gloriﬁcasse,
2159 3427 2298 3483 quos
2324 3413 2560 3489 vocavit,
2588 3412 2892 3484 reperimus
2921 3407 2990 3466 ⁵⁸.

348 3497 695 3564 Ἐξέκλινεν
718 3498 775 3552 δὲ
803 3501 890 3565 εὶς
917 3499 991 3552 τὰ
1037 3498 1205 3565 ἔθνη,
1239 3497 1349 3552 τῶν
1389 3498 1448 3565 ἐξ
1510 3499 1731 3570 Ἰσραὴλ
1764 3501 1840 3573 μὴ

2014 3503 2311 3559 Declinavit
2337 3520 2467 3561 vero
2496 3503 2567 3558 ad
2594 3513 2796 3571 gentes,
2815 3518 2939 3559 cum
2993 3504 3063 3560 ab
3090 3502 3375 3568 lsraelitis,
3403 3516 3540 3574 ηδιο-

262 3588 573 3659 δεξαμένων
597 3590 780 3654 αὐτὸν,
808 3590 944 3659 πρὸς
970 3588 1064 3651 οὒς
1099 3584 1233 3661 ἦλθε
1264 3590 1712 3661 προηγουμένως.
1744 3593 1828 3646 Eb

1967 3607 2070 3646 'um
2094 3593 2318 3649 nomine
2340 3593 2616 3662 praecipue
2637 3599 2888 3655 venerat,
2927 3600 3200 3662 exceptus
3232 3607 3342 3646 non
3367 3600 3533 3646 esset.

254 3681 420 3751 ρήνη
452 3681 508 3734 δὲ
534 3680 809 3751 βαθυτάτη
838 3680 1019 3751 πολλῷ
1051 3681 1133 3746 τῷ
1155 3681 1408 3750 ῥεύματι
1438 3682 1555 3752 ’τὴν
1611 3683 1820 3753 Ἐκκληι

1971 3679 2181 3751 Ξορίοεο
2215 3680 2411 3737 deinde
2437 3682 2661 3750 flumine
2698 3681 3157 3751 tranquillissima
3212 3696 3320 3748 pax
3347 3680 3537 3736 Eccle-

263 3773 389 3827 σίαν
413 3770 776 3837 ἐπέκλυσεν,
816 3774 1212 3843 πνευματικοῖς
1251 3772 1456 3846 νάμασι
1489 3772 1617 3837 τοὺς
1639 3772 1829 3845 ταύτης

1971 3771 2081 3825 iam
2109 3772 2413 3839 inundavit,
2448 3788 2574 3828 cum
2613 3772 3000 3843 spiritualibus
3024 3771 3187 3827 undis
3216 3771 3379 3841 hujus
3399 3772 3537 3827 ﬁlios

260 3863 519 3934 ἐπάρδων
540 3862 712 3927 υἱούς,
758 3862 859 3916 Διά
888 3863 997 3934 γὰρ
1023 3863 1119 3916 τοῦ
1156 3862 1429 3933 σωτηρίου
1463 3863 1823 3934 κηρύγματος

1973 3861 2220 3931 rrigaret.
2251 3860 2353 3917 Per
2386 3848 2688 3918 salutarem
2727 3862 2876 3917 enim
2906 3861 3403 3932 promulgationem
3440 3878 3539 3929 pa-

259 3955 382 4022 τήν
415 3954 663 4025 εἰρήνην
679 3953 779 4025 τὴν
812 3954 948 4026 πρὸς
974 3955 1067 4009 τὸν
1090 3955 1333 4026 Πατέρα,
1358 3954 1425 4008 δι’
1457 3953 1623 4008 αὐτοῦ
1653 3952 1825 4027 κεκερ

1966 3965 2063 4005 :cm
2096 3951 2201 4006 sibi
2237 3966 2361 4007 cum
2401 3951 2564 4007 Patre
2604 3951 2725 4020 ejus
2769 3965 2936 4021 opera
2986 3960 3356 4021 pepererunt;
3386 3965 3532 4018 cum,

260 4046 551 4113 δάγκασιν,
576 4046 665 4098 ὅτε
694 4043 902 4109 τιθηνοί
923 4061 1069 4107 τινες
1100 4045 1230 4109 τοὺς
1257 4044 1431 4115 αὐτῆς
1453 4045 1684 4115 νηπίους
1712 4046 1826 4100 ύποε

1969 4043 2122 4100 veluti
2156 4043 2372 4099 nutritii
2416 4043 2664 4115 quidam,
2702 4042 2944 4098 infantes
2994 4042 3171 4113 ipsius
3228 4051 3535 4113 gestarum,

260 4138 615 4204 ϐαστάξουσι,
641 4137 951 4191 διδάσκαλοί
975 4153 1123 4201 τινες
1152 4137 1504 4206 Ἐκκλησίας,
1534 4136 1568 4208 ἢ
1597 4137 1819 4207 ἄγγελοι

1971 4133 2243 4190 loctorum
2268 4135 2445 4189 vicem
2473 4134 2528 4188 in
2571 4132 2842 4198 Ecclesia,
2869 4132 2955 4188 vel
2993 4133 3312 4203 angelorum
3344 4148 3537 4203 geren-

260 4228 413 4283 κατὰ
440 4228 523 4291 τὸ,
557 4246 577 4281 ι
611 4228 706 4300 Μὴ
732 4228 1185 4298 καταφρονήσητε
1213 4226 1334 4290 ἑνὸς
1352 4225 1460 4280 τῶν
1483 4228 1695 4298 μικρῶν
1723 4227 1826 4281 τούι

1969 4240 2052 4292 es,
2076 4225 2234 4296 juxta
2266 4225 2401 4279 illud
2432 4243 2447 4280 :
2489 4243 2509 4276 ι
2542 4223 2622 4279 Ne
2646 4223 3094 4293 eonteinpseritis
3118 4238 3287 4278 unum
3319 4238 3384 4279 ex
3408 4239 3535 4294 par-

259 4336 393 4374 των.
430 4319 495 4373 Ol
521 4318 633 4389 γὰρ
658 4318 880 4387 ἄγγελοι
907 4317 1086 4373 αὐτῶν
1125 4318 1214 4371 διὰ
1262 4319 1464 4381 παντὸς
1500 4316 1756 4388 βλέπουσι
1780 4320 1825 4374 τί

1970 4316 2091 4371 rulis
2143 4315 2285 4370 istis.
2330 4315 2529 4386 Angeli-
2589 4315 2739 4370 enim
2790 4315 3035 4384 ipsorum
3089 4328 3309 4385 semper
3349 4315 3536 4370 vident

259 4409 557 4479 πρόσωπον
585 4408 677 4463 τοῦ
704 4409 949 4480 Πατέρος
981 4426 1085 4479 μου
1133 4406 1228 4462 τοῦ
1259 4408 1316 4462 ἐν
1352 4411 1464 4473 τοῖς
1508 4410 1778 4480 οὐρανοῖς.
1812 4428 1825 4461 ι

1972 4407 2144 4463 aciem
2175 4406 2357 4463 Patris
2388 4406 2518 4474 mei,
2549 4407 2639 4477 qui
2683 4407 2740 4462 in
2771 4406 2930 4461 caelis
2959 4412 3045 4462 est
3069 4406 3144 4459 ⁸⁸.
3182 4425 3202 4457 ι
3238 4406 3344 4473 Qui
3373 4407 3538 4477 igitur

258 4499 331 4554 0!
351 4498 450 4568 μὲν
477 4495 569 4551 οὖν
596 4496 813 4561 τέλειοι,
843 4496 969 4558 τοὺς
1003 4494 1391 4564 εἰσαγομένους
1422 4495 1514 4547 ἐπ’
1541 4495 1716 4562 ὤμων
1742 4496 1824 4548 καὶ

1972 4494 2177 4550 perfecti
2205 4504 2354 4559 sunt,
2385 4509 2502 4559 eos,
2554 4494 2649 4564 qui
2688 4495 3003 4562 initiantur,
3054 4494 3291 4549 humeris
3342 4505 3393 4549 et
3450 4512 3538 4566 ge-

261 4588 551 4660 τυνάτων,
582 4589 738 4660 δίκην
760 4586 1109 4659 τιθηνοῦνται
1138 4585 1412 4656 μητέρος.
1474 4585 1616 4655 Ἐγὼ
1641 4585 1720 4651 δὲ,
1767 4586 1827 4649 ὡς

1969 4587 2117 4640 rubus
2144 4586 2281 4657 ipsis
2310 4587 2671 4653 sustinentes,
2700 4587 2871 4642 veluti
2910 4594 3110 4640 matres
3147 4586 3535 4642 nutricantnr.

261 4681 484 4735 πάντων
516 4680 727 4752 Πατὴρ,
758 4677 1165 4748 παρακαλέσω
1190 4679 1316 4741 τοὺς
1365 4677 1478 4731 τῶν
1523 4677 1827 4731 ὑποδεεστέ-

1970 4676 2058 4748 Ego
2083 4692 2214 4734 vero
2245 4684 2505 4747 tanquam
2532 4691 2733 4747 parens
2761 4678 3031 4743 omnium,
3060 4693 3178 4743 eos,
3204 4679 3299 4748 qui
3320 4679 3536 4734 tenuio-

263 4784 379 4840 ρων
408 4767 892 4836 παρακλήτορας.
917 4766 1009 4819 Διό
1041 4781 1203 4836 φησιν
1237 4766 1266 4816 ὁ
1304 4766 1622 4828 Ἀπόστολος
1646 4782 1660 4796 ·
1687 4784 1706 4817 ι
1736 4767 1829 4819 Εὐ·

1971 4784 2035 4825 'es
2089 4770 2512 4837 egentioresque
2565 4768 2950 4833 consolantur,
3002 4770 3120 4839 ipse
3161 4771 3537 4826 consolaturus

258 4857 493 4926 λογητὺς
524 4859 553 4909 ό
594 4856 746 4922 Θεὸς,
800 4857 829 4908 ὁ
879 4854 1072 4926 Πατὴρ
1103 4855 1211 4908 τῶν
1238 4854 1558 4924 οἰκτιρμῶν,
1587 4855 1679 4908 καὶ
1709 4855 1824 4907 Θεὸς

1969 4876 2086 4913 :um.
2123 4859 2244 4926 Quo
2285 4859 2368 4926 lit,
2401 4868 2462 4913 ut
2502 4859 2648 4914 hunc
2688 4859 2745 4914 in
2795 4859 3019 4914 modum
3057 4861 3265 4916 scribat
3300 4860 3535 4930 Aposto-

260 4939 447 5016 πάσης
480 4945 903 5015 παρακλήσεως,
938 4947 966 4997 ὁ
995 4943 1331 5014 παρακαλῶν
1382 4945 1531 5014 ἡμᾶς
1575 4945 1668 4997 ἐπὶ
1693 4944 1826 5014 πάσι

1963 4967 2077 5007 ηυει
2112 4969 2132 5002 ι
2173 4949 2501 5006 Benedictus
2554 4949 2722 5014 Deus,
2780 4951 2944 5007 Pater
3002 4953 3529 5020 misericordiarum,

257 5037 329 5106 τῇ
358 5034 536 5106 θλίψει
560 5036 594 5105 ἡ
604 5036 742 5104 μῶν,
776 5035 917 5106 πρὸς
943 5034 1007 5086 τὸ
1036 5033 1299 5088 δύνασθαι
1327 5035 1479 5104 ἡμᾶς
1501 5033 1823 5104 παρακαλεῖπ

1969 5048 2000 5092 ιι
2032 5039 2176 5094 Deus
2205 5039 2376 5095 totius
2405 5041 2829 5101 consolationis.
2857 5042 2953 5111 qui
2983 5043 3307 5097 consolatur
3348 5058 3450 5100 nos
3481 5045 3535 5098 in

258 5125 391 5189 τοὺς
419 5127 477 5179 ὲν
506 5125 656 5198 πάσῃ
675 5124 872 5193 θλίψει,
892 5124 983 5178 διὸ.
1000 5123 1101 5193 τῆς
1124 5124 1544 5194 παρακλήσεως,
1572 5121 1640 5195 ἦς
1666 5141 1824 5192 παρα-

1967 5128 2095 5183 tmni
2126 5128 2479 5186 tribulatione
2508 5137 2720 5198 nostra,
2755 5140 2814 5186 ut
2865 5132 3157 5201 possimus.
3182 5141 3239 5187 et
3270 5133 3376 5202 ipsi
3403 5149 3533 5189 con-

261 5216 580 5287 καλούμεθα
607 5212 764 5271 αὐτοὶ
793 5217 898 5271 ὑπὸ
931 5215 1024 5269 τοῦ
1053 5215 1210 5270 Θεοῦ.
1259 5235 1278 5268 ι
1310 5208 1590 5275 ντανίοῦτω
1625 5217 1827 5287 γινομέ-

1969 5220 2112 5274 ;οΙει·ἱ
2141 5235 2258 5287 eos,
2292 5221 2386 5290 qui
2418 5222 2473 5274 in
2519 5222 2667 5278 omni
2711 5237 2978 5292 pressura
3011 5233 3176 5290 sunt;
3208 5240 3306 5294 per
3336 5240 3535 5281 conso-

262 5325 392 5373 νων,
419 5307 668 5376 ὄψεσθε,
693 5309 847 5380 φησὶ,
876 5307 974 5379 τὴν
1000 5307 1327 5379 ἐπουράνιον
1366 5307 1772 5376 Ἰερουσαλὴμ,
1803 5308 1828 5379 ἦ

1957 5310 2223 5376 iationem,
2255 5326 2362 5380 qua
2393 5311 2744 5368 consolamur
2766 5312 2866 5381 ipsi
2915 5327 2945 5365 a
2983 5312 3091 5368 Deo
3133 5312 3199 5369 ‘°.
3234 5332 3254 5366 ι
3301 5312 3433 5381 Οιωε
3476 5316 3523 5368 si

331 5425 382 5458 “
404 5423 553 5497 Psal.
580 5424 918 5497 LxAxxtleO.
993 5424 1213 5497 ’[PsaL
1237 5441 1382 5497 Lxlv,
1409 5424 1498 5481 10.
1575 5425 1622 5457 ³⁸
1651 5424 1798 5481 Psal.
1835 5440 1897 5480 xx.

1951 5467 1958 5486 .
1991 5427 2043 5481 5.
2119 5428 2164 5460 ⁸⁷
2190 5426 2335 5483 Psal.
2368 5443 2533 5494 xxxv,
2565 5426 2618 5482 9.
2692 5428 2743 5461 ⁸⁸
2771 5428 2931 5485 Rom.
2957 5440 3074 5495 vm,
3109 5426 3217 5484 50..
3266 5426 3517 5486 "Matth.

264 5512 397 5552 mu
424 5534 439 5560 ,
474 5495 563 5551 10.
638 5493 683 5527 ⁸ο
717 5494 758 5548 ll
785 5495 911 5550 Cor.
939 5510 982 5560 ι,
1026 5495 1081 5558 5,
1113 5497 1166 5549 4.

1606 5586 1837 5645 ἻΔΒΙᾹΞ
1880 5588 2280 5645 LECTIONES.

345 5686 376 5727 ι»
404 5692 495 5747 γρ.
528 5674 837 5731 ἀκόλουθον.
927 5688 954 5727 ιι
983 5678 1133 5733 ἴσηλ.
1158 5680 1324 5731 ποιεῖ.
