4000 6314
443 321 584 384 2707

1777 333 2129 400 PROCOPII
2169 325 2412 400 eum

3573 331 3713 397 2703

443 436 515 488 ita
549 433 665 488 fieri
717 435 1022 507 contingat,
1069 437 1334 507 videbitis,
1375 439 1575 512 inquit,
1611 445 1892 502 caelestem
1922 448 2016 517 Je—

2139 452 2216 504 ιαὶ
2242 451 2404 504 αὑτὸν
2429 447 2521 502 τὸν
2543 447 2697 514 Θεὸν,
2721 445 2784 500 τὸ
2816 445 3029 517 ἐφετὸν,
3049 419 3148 499 καῖ
3179 439 3371 514 χαρᾶς
3402 440 3710 512 ἀνάμεστον

442 525 712 594 rusalem;
749 535 844 582 aut
881 529 1047 584 etiam
1079 528 1247 586 Deum
1281 533 1484 602 ipsum,
1525 537 1618 605 qui
1666 536 1790 592 finis
1819 547 1904 594 est
1928 555 2025 608 op.

443 629 610 684 tatus,
642 628 697 676 et
725 621 916 675 latitia
955 622 1170 692 plenus.
1213 623 1507 680 Enimvero
1537 635 1592 682 et
1623 626 1879 684 Salvator
1907 630 2025 700 ipse

441 710 568 766 ideo
599 712 790 766 beatos
817 712 1101 782 praedicat,
1131 713 1227 784 qui
1263 714 1470 769 mundo
1497 727 1628 771 sunt
1653 717 1840 786 corde,
1879 719 2026 788 quod

446 803 613 858 Deum
651 796 820 858 vis'uri
855 803 967 859 sint
1010 804 1077 858 “.
1109 804 1372 874 Sequitur
1404 825 1417 860 :
1449 805 1518 861 Et
1565 826 1688 864 ossa
1721 821 1892 865 vestra
1920 813 2028 867 sic-

443 903 504 947 ut
561 892 722 948 herba
777 894 1172 964 germinabunt.
1211 893 1450 968 Surgent
1506 900 1654 954 enim
1699 903 1934 967 mortui,
1973 913 2029 958 et

444 983 838 1039 excitabuntur
901 985 995 1056 qui
1043 986 1236 1054 jacent
1281 987 1335 1042 in
1385 993 1756 1047 monumentis
1801 993 1882 1054 “.
1932 993 2026 1048 ubi

447 1090 573 1132 rore
606 1075 723 1143 illo,
760 1079 852 1148 qui
881 1091 1065 1136 manat
1090 1096 1118 1135 a
1150 1080 1396 1148 Christo,
1428 1082 1636 1154 Spiritu
1664 1086 1924 1142 nimirum
1944 1087 2030 1141 vi-

445 1167 610 1222 vifico
640 1169 796 1224 ditati
831 1169 1058 1237 fuerint,
1105 1172 1174 1228 de
1219 1189 1330 1244 quo
1373 1177 1454 1230 sic
1485 1175 1630 1246 apud
1660 1174 1900 1233 Psaltem
1950 1178 2029 1232 le-

448 1255 670 1326 gimus:
705 1276 724 1308 ι
759 1255 962 1314 Emitte
993 1260 1247 1330 spiritum
1291 1271 1443 1316 tuum
1489 1271 1542 1318 et
1575 1264 1934 1332 creabuntur,
1975 1273 2030 1320 et

447 1346 740 1404 renovabis
768 1347 962 1404 faciem
991 1359 1151 1407 terrae
1178 1351 1252 1417 “;
1291 1373 1310 1404 ι
1357 1369 1466 1408 non
1513 1355 1672 1411 aliter
1705 1372 1866 1426 quam
1905 1372 2030 1428 quae

449 1437 506 1492 in
541 1439 688 1510 agris
725 1438 1049 1505 ﬂoruerunt,
1105 1444 1394 1512 occidere,
1430 1461 1559 1501 vere
1606 1455 1788 1503 autem
1835 1465 2031 1505 rursus

449 1528 582 1584 oriri
613 1529 881 1588 videmus.
916 1533 999 1588 Ad
1045 1534 1188 1590 hunc
1228 1552 1358 1593 vero
1398 1540 1622 1594 modum
1671 1541 1838 1596 etiam
1875 1543 2032 1597 inno-

451 1629 608 1674 lescel
653 1624 915 1680 omnibus
940 1627 1042 1680 ista
1069 1627 1197 1682 .lleri
1233 1643 1343 1684 non
1399 1629 1640 1684 humana
1683 1631 1757 1698 vi,
1803 1632 1898 1687 sed
1935 1632 2032 1688 Dei

451 1725 649 1776 manu;
687 1711 739 1766 id
779 1723 861 1767 est
897 1713 1198 1786 Unigeniti,
1231 1733 1329 1788 per
1363 1735 1524 1790 quem
1549 1729 1604 1775 et
1641 1721 1764 1792 ipsa
1811 1723 2032 1780 exsistit

2127 541 2298 604 τέλος.
2333 539 2442 594 Καὶ
2473 539 2502 592 6
2535 535 2724 610 Σωτὴρ
2745 536 2804 592 δὲ
2836 537 3132 608 μακαρίζει
3161 535 3290 598 τοὺς
3339 531 3626 604 καθαροὺς
3647 535 3710 603 τῇ

2127 633 2348 704 καρδίᾳ,
2376 633 2458 688 ὅτι
2511 631 2668 686 αὐτοὶ
2709 631 2800 685 τὸν
2834 629 2966 684 Θεὸν
2997 629 3240 699 ὄψονται.
3305 627 3421 683 Kal
3457 626 3534 681 τὰ
3567 626 3715 682 ὀστᾶ

2126 722 2316 792 ὑμῶν,
2349 721 2504 792 φησι,
2536 721 2691 786 πόας
2733 719 2914 787 δίκην
2953 717 3231 786 ἀνθήσει.
3285 715 3718 787 Ἐγερθήσονται.

2128 813 2237 882 γὰρ
2255 813 2305 864 οί
2333 809 2540 882 νεκροὶ,
2559 810 2656 862 καὶ
2677 808 3078 879 ἀναστήσονται
3097 808 3147 859 οἱ
3178 807 3236 858 ἐν
3257 807 3376 869 τοῖς
3405 805 3712 876 μνημείοις,

2129 901 2226 972 τήν
2260 900 2412 970 παρά
2446 897 2685 970 Χριστοῦ
2721 897 3128 967 πλουτήσαντες
3155 895 3371 967 δρόσον,
3409 895 3471 948 τὸ
3499 893 3715 960 πνεῦμα

2129 991 2333 1064 δηλαδὴ
2381 991 2444 1044 τὸ
2515 990 2802 1056 ζωοποιόν.
2871 990 3008 1060 Περὶ
3037 983 3112 1045 ὧν
3165 991 3194 1044 6
3245 989 3482 1044 Ψάλλων
3515 990 3711 1061 φησίν·

2137 1102 2156 1135 ι
2198 1083 2609 1148 Ἐξαποστελεῖς
2642 1083 2702 1137 τὸ
2759 1079 2979 1154 πνεῦμά
3028 1097 3122 1134 σου
3167 1081 3263 1134 καὶ
3297 1081 3710 1152 κτισθὴσονται,

2131 1173 2225 1227 καὶ
2275 1175 2612 1236 ἀνακαινιεῖς
2671 1171 2733 1226 τὸ
2783 1171 3076 1242 πρόσωπον
3131 1171 3230 1240 τῆς
3276 1169 3415 1241 γῆς’
3455 1172 3532 1235 ὡς
3560 1173 3628 1224 τὰ
3659 1175 3716 1224 ἐν

2131 1265 2322 1335 ἀγροῖς
2382 1261 2693 1336 ἀνθήσαντα
2753 1264 2964 1326 πίπτει,
3015 1262 3110 1315 καὶ
3161 1261 3324 1316 πάλι)
3380 1259 3593 1332 ἀνίσχει
3622 1262 3712 1316 τοῦ

2133 1356 2314 1426 ἔαρος.
2347 1355 2504 1410 Ούτω
2555 1353 2612 1406 δὲ
2645 1353 2742 1407 καὶ
2776 1352 3195 1424 γνωσθήσεται
3249 1355 3442 1418 πᾶσιν,
3489 1353 3566 1419 ὡς
3618 1355 3714 1409 οὐκ

2133 1446 2449 1518 ἀνθρωπίνη
2481 1443 2657 1500 ταῦτα
2691 1443 2962 1514 πεποίηκε
2995 1443 3248 1514 δύναμις,
3277 1443 3416 1497 Θεοῦ
3455 1443 3512 1497 δὲ
3555 1445 3712 1512 χείρ,

2132 1541 2162 1592 6
2182 1537 2514 1608 Μονογενὴς,
2541 1537 2610 1592 δι’
2636 1530 2696 1591 οῦ
2728 1537 2822 1590 καὶ⁵
2854 1537 2886 1607 ή
2919 1536 3029 1590 τῶν
3057 1535 3268 1608 νεκρῶν
3293 1537 3614 1599 ἀνάστασις·
3651 1538 3719 1592 Ἥ

2134 1630 2231 1685 καὶ
2265 1628 2682 1700 γνωσθήσεται
2703 1627 2828 1692 τοῖς
2855 1626 3248 1696 φοϐουμένοις
3275 1627 3484 1681 αὐτόν.
3531 1626 3717 1681 Φόϐον

2134 1723 2245 1795 γὰρ
2270 1721 2623 1792 ἀνειληφότες
2656 1719 2792 1774 Θεοῦ
2823 1720 2914 1773 τὸν
2945 1721 3008 1774 ἐκ
3044 1720 3235 1788 σοφίας
3265 1719 3471 1792 (Ἀρχὴ
3495 1720 3606 1790 γὰρ
3633 1735 3716 1772 σο-

452 1808 796 1857 mortuorum
845 1804 1009 1877 756
1071 1810 1411 1864 suscitatio:
1469 1809 1603 1876 Quae
1647 1813 1809 1866 etiam
1863 1813 2033 1868 Deum

2139 1815 2268 1885 φίας
2299 1813 2463 1883 φόϐος
2484 1809 2714 1884 Κυρίου)
2745 1812 3053 1882 νοήσουσιν,
3097 1811 3174 1875 ὡς
3206 1812 3308 1866 οὐκ
3348 1813 3479 1866 ἄνευ
3524 1811 3717 1880 χειρὸς

451 1896 803 1951 metuentibus
854 1914 958 1952 non
990 1899 1214 1954 obscura
1253 1901 1438 1971 futura
1466 1915 1565 1958 est.
1626 1902 1726 1960 Ubi
1783 1921 2027 1977 namque

451 1981 545 2038 Dei
579 1997 798 2052 metum,
855 1989 948 2058 qui
1008 2006 1074 2045 ex
1129 1993 1398 2061 sapientia
1451 2002 1556 2059 est,
1627 1998 2027 2066 resumpserint

2135 1904 2296 1969 Θεοῦ,
2332 1903 2568 1974 τοσαύτη
2597 1902 2759 1972 χάρις
2785 1903 2866 1965 είς
2897 1900 3219 1972 ἀνθρώπους
3247 1904 3576 1974 ἐνήργησεν.
3598 1902 3717 1965 Τοῖς

2132 1993 2190 2048 δὲ
2222 1995 2298 2066 μὴ
2331 1992 2596 2056 τοιούτοις
2625 1990 2949 2059 ἀπειλήσει
2969 1991 3036 2046 τά
3058 1993 3401 2062 ἐπαγόμενα.

449 2075 708 2144 (initium
748 2080 892 2134 enim
948 2083 1232 2150 sapientiae
1276 2085 1438 2140 timor
1493 2087 1704 2142 Domini
1740 2090 1823 2158 “)
1855 2132 1872 2157 ,
1908 2107 2019 2146 non
2056 2090 2266 2160 absque
2293 2103 2455 2141 manu
2485 2085 2600 2151 Dei,
2643 2092 2854 2139 tantam
2907 2085 3141 2155 gratiam
3223 2086 3373 2140 inter
3455 2085 3718 2140 mortales

450 2169 594 2224 vires
637 2185 770 2226 suas
832 2187 1087 2228 exercere
1148 2177 1412 2244 potuisse,
1487 2178 1814 2253 intelligent.
1863 2183 1978 2240 Illis
2027 2192 2231 2245 autem,
2282 2179 2374 2250 qui
2425 2177 2564 2234 tales
2631 2190 2740 2230 non
2793 2173 3024 2243 fuerint,
3075 2191 3161 2242 ea,
3216 2191 3339 2247 qua:
3388 2185 3717 2248 sequuntur,

449 2261 763 2318 minabitur.

518 2356 660 2412 Sunt
703 2373 856 2424 vero,
894 2361 988 2431 qui
1021 2378 1050 2417 a
1091 2364 1274 2421 verbis
1322 2368 1465 2434 istis,
1523 2387 1624 2426 vos
1661 2373 1895 2440 Domini,
1953 2375 2028 2429 ita

446 2451 742 2519 explicent,
768 2461 826 2507 ut
861 2455 1046 2510 omnia
1080 2459 1321 2531 undique
1350 2463 1565 2532 justum
1617 2465 1709 2522 Dei
1751 2467 2029 2538 judicium

447 2546 618 2599 velint
675 2562 967 2614 resonare,
1029 2550 1281 2610 hostibus
1325 2557 1546 2626 quidem
1606 2559 1920 2631 subiugatis
1975 2570 2030 2616 et

448 2640 650 2706 victis;
699 2637 968 2697 Ezechias
1010 2653 1192 2702 autem
1243 2647 1312 2704 de
1349 2649 1554 2721 templo
1587 2651 1869 2718 redeunte,
1904 2652 2030 2708 Dei-

447 2745 556 2798 que
599 2729 938 2800 majestatem
970 2734 1304 2804 praedicante
1353 2737 1428 2806 ⁶⁸;
1467 2739 1602 2809 ipsis
1633 2739 1890 2812 denique,
1935 2743 2028 2814 qni

451 2820 564 2876 Deo
592 2821 1050 2893 adversabantur,
1101 2827 1295 2883 ultioni
1353 2829 1592 2885 traditis.
1655 2829 1795 2886 Sunt
1846 2839 2028 2888 tamen

451 2927 642 2984 plenas
670 2917 913 2982 υἱιαιιινὶ,
965 2920 1011 2973 si
1061 2919 1330 2989 pmnitere
1381 2921 1688 2992 contingat,
1725 2923 2032 2979 nonaliter

451 3020 616 3076 quam
669 3024 792 3078 qua:
830 3011 1124 3065 masculum
1183 3013 1400 3081 peperit.
1459 3013 1819 3072 Obliviscitur
1881 3017 2030 3072 enim

450 3094 722 3162 dolorum,
749 3111 815 3153 eo
840 3098 964 3167 ipso
990 3099 1135 3168 quod
1167 3101 1404 3171 peperit,
1437 3103 1871 3159 consolationem
1899 3104 2030 3161 ade-

2207 2369 2364 2431 Τινὲς
2398 2367 2456 2420 δὲ
2502 2365 2610 2420 ἀπὸ
2639 2364 2756 2426 τοῦ.
2807 2364 2980 2434 φωνὴ
3020 2365 3265 2433 Κυρίου,
3313 2363 3490 2429 οὕτως
3515 2365 3717 2438 ἐξηγῇ.

2137 2445 2317 2516 caveo.
2353 2459 2539 2513 Πάντα
2570 2457 2680 2526 γὰρ
2702 2455 3046 2527 πανταχόθεν
3070 2455 3196 2523 ,βοᾷ
3221 2455 3322 2528 τὴν
3356 2456 3574 2510 δικαίαν
3603 2460 3719 2530 κρί-

2137 2570 2221 2606 σιν
2249 2550 2343 2604 τοῦ
2371 2549 2530 2613 Θεοῦ,
2563 2548 2842 2620 πολεμίων
2868 2549 2966 2620 μὲν
2990 2549 3553 2620 καταστρεφομένων,
3572 2548 3717 2614 Ἐζε-

2135 2644 2258 2700 κίου
2286 2643 2344 2696 δέ
2374 2643 2438 2696 ἐκ
2460 2640 2556 2695 τοῦ
2586 2640 2716 2696 ναοῦ
2751 2640 3094 2705 ἐπανιόντος,
3124 2638 3198 2710 μὴ
3220 2637 3588 2710 κηρύττοντος
3627 2637 3718 2722 τοῦ

2135 2733 2272 2788 Θεοῦ
2301 2733 2400 2806 τὴν
2428 2732 2848 2804 μεγαλειότητα,
2871 2732 2970 2786 καὶ
3009 2730 3120 2786 τῶν
3163 2731 3564 2802 ἀντικειμένων
3607 2730 3717 2802 Θεῷ

2135 2842 2186 2879 τι
2195 2823 2586 2896 μωρουμένων.
2633 2821 3058 2893 Ἐκφεύξονται
3078 2823 3135 2876 δὲ
3151 2821 3251 2894 τήν
3273 2821 3432 2892 δίκην
3457 2824 3715 2892 μετανοή-

2139 2937 2330 2982 σαντες
2363 2917 2509 2973 καθά
2531 2919 2627 2972 καὶ
2660 2916 2799 2989 γυνὴ
2829 2917 3097 2972 τεκοῦσα
3133 2915 3344 2984 ἄρσεν.
3396 2915 3718 2970 immoe-

2137 3026 2288 3064 νεται
2323 3009 2431 3081 γὰρ
2461 3007 2581 3062 τῶν
2603 3006 2866 3071 ὠδίνων,
2901 3004 3252 3077 παραμύθιον
3297 3004 3502 3076 ἔχουσα
3535 3005 3598 3058 τὸ
3631 3021 3716 3058 τε·

2139 3096 2284 3168 χθέν,
2321 3097 2464 3152 κατά
2509 3097 2591 3164 τὸ,
2641 3097 2758 3150 ’Ὀτ’
2810 3096 2877 3151 ἂν
2911 3096 2970 3151 δὲ
3013 3098 3272 3169 γεννήσῃ,
3307 3097 3456 3168 χαρᾷ
3519 3097 3718 3169 χαίρει.

454 3188 588 3249 pta;
617 3184 780 3252 quale
806 3192 892 3240 est
923 3185 1078 3252 illud,
1103 3189 1248 3258 quod
1281 3189 1564 3246 mulierem
1593 3207 1720 3248 cum
1749 3195 2026 3264 genuerit,

2139 3189 2214 3243 5τι
2243 3188 2510 3260 ἐγεννήθη
2545 3187 2832 3258 ἄνθρωπος
2869 3187 3091 3267 ἐπὶθτῆς
3113 3186 3220 3256 γῆς
3256 3188 3342 3250 είς
3377 3187 3472 3241 τὸν
3498 3188 3717 3259 κόσμον.

455 3272 582 3328 ideo
616 3274 786 3328 laetari
821 3273 1077 3344 afﬁrmat,
1118 3279 1264 3349 quod
1301 3281 1466 3336 homo
1515 3283 1572 3336 in
1619 3283 1882 3338 mundum
1917 3285 2036 3338 edi-

453 3373 544 3419 tus
579 3365 652 3419 sit
698 3366 765 3421 “.
809 3365 907 3422 Est
952 3367 1120 3438 igitur
1149 3369 1354 3440 inquit,
1391 3372 1639 3428 dolorum
1673 3380 1888 3445 tempus
1919 3391 2035 3446 pm-

456 3454 684 3510 nitentia
729 3457 1283 3525 prterertendumwt
1340 3469 1602 3533 tanquam
1651 3479 1907 3534 puerum,
1945 3483 2039 3522 ve-

455 3555 627 3601 stram
658 3547 766 3618 ipsi
788 3548 1019 3604 salutem
1046 3559 1204 3621 partu
1233 3553 1549 3610 enitamini.
1597 3553 1802 3611 Volunt
1854 3565 2036 3613 autem

457 3635 856 3710 Hierosolymis
909 3639 1014 3696 ista
1063 3643 1384 3715 contigisse.
1422 3659 1545 3716 quae
1581 3647 1735 3704 brevi
1788 3655 2040 3718 tempore

455 3737 633 3799 gentes
678 3731 971 3800 quaslibet,
1031 3748 1276 3804 suosque
1329 3733 1670 3794 habitatores
1723 3755 2039 3810 resumpse-

458 3819 590 3873 rint.
631 3817 730 3876 Est
762 3821 912 3876 enim
949 3821 1094 3880 Deus
1136 3823 1276 3894 ipse,
1323 3825 1416 3896 qui
1474 3827 1811 3884 sterilitatem
1856 3829 2041 3897 fecun-

457 3910 782 3982 ditatemque
832 3913 1083 3986 largitur.
1144 3915 1288 3984 Quia
1338 3925 1518 3974 autem
1555 3921 1794 3975 animam
1836 3921 2039 3977 futuris

458 4003 620 4058 bonis
641 4009 803 4060 antea
834 4017 1136 4073 recrearat,
1164 4009 1338 4079 ipsam
1359 4009 1666 4067 Jerusalem
1695 4011 1875 4068 laetari
1899 4028 2040 4085 pra:-

457 4095 612 4166 cipit,
648 4111 758 4152 non
785 4099 1126 4156 eversionem
1158 4116 1314 4158 suam
1356 4103 1532 4175 lugere
1555 4146 1571 4170 ,
1602 4105 1699 4162 sed
1730 4121 1852 4176 qua:
1882 4115 2040 4177 post-

454 4201 520 4242 ea
558 4195 814 4244 secutura
845 4199 964 4255 est,
1011 4195 1240 4264 gloriam
1273 4197 1628 4253 considerare
1653 4239 1669 4264 ,
1717 4213 2032 4268 puerosque

455 4288 588 4338 sn‘os
627 4290 890 4353 tanquam
923 4284 989 4340 ab
1018 4286 1265 4340 uberibus
1302 4303 1531 4358 pascere
1572 4307 1588 4344 :
1637 4291 1770 4360 quia
1800 4305 1899 4347 eos
1947 4289 2048 4357 ἱιι-⁵

461 4372 702 4428 tniturus
728 4373 804 4430 sit
834 4373 1120 4442 Dominus,
1155 4391 1442 4448 pacemque
1490 4379 1720 4435 multam
1773 4381 2033 4447 daturus,

453 4461 741 4528 ﬂuviorum
781 4479 934 4522 more
969 4469 1436 4525 concurrentibus
1471 4469 1540 4524 ad
1571 4485 1697 4525 eum
1743 4471 2030 4528 omnibus.

454 4552 596 4623 ipsis
623 4555 768 4609 enim
799 4557 1032 4627 gentium
1059 4560 1290 4630 gloriam
1319 4561 1606 4635 largietur,
1635 4571 1696 4618 ut
1725 4563 1868 4619 filios
1902 4564 2038 4635 ipsae

455 4647 511 4694 et
537 4639 682 4696 filias
708 4643 943 4698 humeris
995 4645 1052 4700 in
1106 4647 1385 4706 civitatem
1430 4649 1732 4706 Jerusalem
1791 4663 2037 4724 portent,

459 4727 570 4784 Deo
596 4729 740 4801 ipso,
767 4734 958 4790 matris
991 4734 1190 4804 instar,
1226 4739 1492 4795 auxilium
1545 4755 1847 4814 curamque
1882 4758 2038 4798 suam

455 4821 808 4894 adjungente,
849 4827 942 4896 qui
981 4841 1078 4884 eos
1108 4843 1274 4900 super
1317 4829 1504 4887 futura
1550 4817 1870 4892 calamitate
1895 4835 2043 4904 {eon-

455 4911 678 4985 soletur,
711 4929 967 4989 novaque
987 4918 1226 4988 quadam
1257 4923 1498 4989 ratione,
1529 4932 1589 4978 ut
1620 4941 1770 4992 ossa,
1809 4924 1878 4980 de
1906 4926 2039 4996 qui-

456 5005 562 5062 bus
607 5015 695 5063 est
751 5009 899 5081 apud
951 5008 1295 5070 Ezechielem
1348 5015 1430 5082 ⁸⁷,
1469 5016 1525 5071 in
1579 5018 1750 5072 vitam
1797 5026 2038 5074 revocet.

457 5093 781 5155 Gestamina
827 5115 1018 5169 porro,
1063 5101 1181 5158 sive
1229 5119 1399 5161 onera
1445 5107 1716 5177 ipsorum,
1771 5108 2038 5164 honorem

456 5205 585 5246 eum
640 5190 914 5263 intellige,
946 5209 1108 5264 quem
1141 5193 1206 5250 de
1249 5195 1494 5266 gentibus
1523 5199 1634 5255 sibi
1682 5207 2040 5272 pepererunt,

459 5299 574 5353 quo
633 5295 900 5358 tempore,
936 5287 1243 5344 secundum
1303 5291 1826 5358 praeordinationem
1873 5292 2036 5364 757

464 5374 698 5442 Domini,
741 5392 869 5434 cum
905 5377 1050 5434 Darii
1097 5378 1356 5450 prasidio
1384 5381 1649 5438 adhibitis
1695 5383 1876 5453 epulis
1924 5389 2046 5438 tuta

531 5491 576 5525 ⁸⁸
611 5491 807 5554 Matth.
838 5510 890 5560 v,
912 5494 968 5547 8.
1010 5561 1025 5562 γ
1047 5493 1090 5526 ⁶¹
1127 5493 1261 5549 Dan.
1296 5513 1402 5561 ιιι,
1436 5496 1494 5562 2,
1520 5497 1584 5561 ὃς
1617 5495 1774 5552 Joan.
1803 5514 1858 5560 v.
1881 5497 1976 5562 28,
2009 5495 2033 5550 θ

2199 5493 2246 5525 ⁸³
2272 5492 2416 5547 Psal.
2454 5507 2546 5548 cut
2569 5532 2584 5558 ,
2625 5491 2718 5546 '50.

933 5561 1154 5620 “Joan.
1187 5581 1310 5634 xw,
1344 5566 1436 5624 2|.
1482 5561 1554 5607 "7
1584 5565 1783 5624 Ezech.
1813 5584 2010 5634 xxxv",
2069 5567 2094 5619 l
2129 5579 2286 5634 seqq.

460 5574 580 5627 xu,
607 5562 634 5616 1
672 5578 826 5634 seqq.

2138 3281 2490 3352 Προληπτέον
2521 3276 2636 3345 οὖν,
2687 3279 2841 3350 φησὶ,
2869 3281 2936 3351 τῇ
2964 3279 3225 3350 μετανοίᾳ
3252 3279 3347 3333 τὸν
3388 3281 3584 3350 καιρὸν
3610 3279 3723 3336 τῶν

2139 3369 2392 3424 ὠδίνων.
2441 3369 2555 3425 Kal.
2610 3370 2804 3441 ὥσπερ
2854 3368 3044 3435 παῖδα,
3069 3367 3170 3440 τὴν
3205 3369 3421 3424 ἐαυτῶν
3452 3371 3722 3442 σωτηρίαν

2139 3461 2514 3533 ἀποκυήσατε.
2561 3460 2687 3516 Ἐπὶ
2705 3459 2765 3514 δὲ
2789 3459 2892 3528 τῆς
2917 3459 3280 3531 Ἰερουσαλὴμ
3303 3459 3482 3514 ταῦτα
3504 3462 3722 3530 γεγενῆο

2141 3553 2266 3609 σθαί
2299 3569 2463 3623 φασιν
2509 3553 2568 3605 ἐν
2617 3551 2816 3622 βραχεῖ
2859 3551 3039 3623 χρόνῳ
3085 3552 3234 3606 ἀπαν
3285 3551 3354 3606 τὸ
3399 3553 3598 3620 ἔθνος,
3634 3555 3722 3608 καὶ

2138 3647 2264 3710 τοὺς
2299 3645 2462 3708 ίδίους
2489 3641 2993 3714 ἀπολαμϐανούσης
3031 3643 3348 3714 οἰκήτορας.
3379 3642 3514 3709 Θεὸς
3543 3643 3650 3714 γὰρ
3696 3645 3723 3696 6

2139 3735 2462 3804 στείρωσιν
2483 3733 2681 3798 διδοὺς,
2707 3731 2806 3787 καὶ
2838 3731 3053 3802 γονήν.
3097 3732 3493 3805 Προεστιαθεὶς
3542 3735 3598 3788 δέ
3627 3737 3722 3804 τὴν

2138 3821 2316 3894 ψυχὴν
2341 3823 2434 3878 ἐπὶ
2456 3824 2568 3886 τοῖς
2593 3823 2882 3894 μέλλουσιν
2907 3821 3156 3892 ἀγαθοῖς,
3187 3825 3255 3894 τῇ
3287 3822 3445 3876 πόλει
3473 3824 3724 3894 suppar-

2141 3913 2290 3980 θητι,
2327 3914 2511 3984 φησιν,
2552 3912 2958 3982 Ἰερουσαλὴμ
2989 3915 3064 3983 μὴ
3092 3914 3409 3971 πενθοῦσα
3429 3915 3529 3985 τὴν
3555 3932 3721 3970 κατα-

2143 4007 2404 4077 στροφὴν,
2434 4005 2532 4078 τὴν
2563 4006 2702 4076 μετά
2731 4005 2908 4061 ταῦτα
2937 4006 2994 4060 δὲ
3024 4006 3216 4072 δόξαν
3243 4005 3599 4080 λογιζομένη.
3621 4009 3723 4062 Καὶ

2141 4099 2216 4163 ὡς
2243 4099 2362 4153 ἀπὸ
2391 4097 2643 4168 μαστῶν
2669 4098 2839 4168 τρέφε
2887 4099 3018 4161 τοὺς
3040 4098 3240 4162 παϊδάς
3271 4115 3393 4164 σου,
3427 4099 3568 4154 διότι
3615 4101 3724 4153 ἐπι-

2142 4188 2400 4258 σκέψεται
2429 4188 2633 4259 Κύριος
2659 4189 2860 4253 αὐτοὺς
2881 4229 2896 4256 ,
2938 4189 3202 4260 πλείστην
3237 4190 3488 4260 ειρήνην
3533 4193 3720 4256 διδοὺς,

2141 4279 2237 4334 καὶ
2265 4280 2481 4334 πάντων
2513 4277 2864 4348 ποταμηδόν
2892 4281 2972 4343 είς
2998 4279 3169 4348 αὐτὴν
3193 4281 3559 4351 συρρεόντων.
3609 4281 3728 4336 Τῶν

2140 4372 2248 4442 γὰρ
2272 4367 2466 4426 ἐθνῶν
2517 4371 2704 4433 αὐτοῖς
2761 4371 3038 4440 χαριεῖται
3073 4372 3189 4437 τὴν
3241 4372 3455 4438 δόξαν,
3482 4373 3558 4437 ὡς
3603 4373 3729 4437 τοῦς

2143 4461 2293 4528 υἱοὺς
2325 4459 2499 4531 αὐτῆς
2532 4471 2580 4530 τ,
2616 4459 2712 4514 καὶ
2739 4459 3050 4532 θυγατέρας
3081 4461 3175 4514 ἐπ’
3209 4463 3386 4532 ὤμων
3414 4463 3624 4533 φέρειν
3643 4467 3729 4530 εις

2157 4552 2570 4623 Ἰερουσαλὴμ,
2631 4552 2789 4616 Θεοῦ,
2850 4549 3008 4622 δίκην
3059 4552 3338 4622 μητέρος,
3375 4555 3478 4625 τὴν
3537 4555 3727 4609 ἐαυτοῦ

2143 4645 2474 4718 κηδεμονίαν
2497 4643 2850 4714 παρέχοντος,
2885 4644 2980 4698 ἐπὶ
3015 4647 3078 4715 τῇ
3130 4644 3487 4718 προλαόούσῃ
3541 4661 3728 4714 παρα-

2142 4737 2481 4804 καλοῦντος
2509 4736 2708 4798 αύτοὺς
2746 4736 3024 4806 συμφορᾷ,
3056 4735 3153 4788 καὶ
3176 4735 3379 4807 τρόπον
3404 4737 3529 4792 τινὰ
3569 4738 3728 4793 πάλιν

2143 4829 2440 4885 ἀναϐιῶναι
2475 4827 2827 4898 ποιήσαντος,
2881 4826 3024 4879 κατά
3051 4826 3121 4879 τὰ
3149 4827 3301 4897 παρὰ
3349 4827 3428 4898 τῷ
3474 4827 3728 4898 Ἰεζεκιὴλ

2145 4919 2318 4979 ὀστᾶ.
2360 4919 2740 4990 Βαστάγματα
2763 4917 2820 4971 δέ
2849 4917 3032 4972 αύτῶν
3065 4917 3162 4988 τὴν
3192 4918 3312 4973 ἀπὸ
3366 4918 3492 4973 τῶν
3541 4919 3729 4974 ἐθνῶν

2145 5014 2254 5068 νόει
2306 5002 2534 5082 τιμὴν,’
2579 5009 2722 5064 κατά
2775 5009 3039 5080 πρόταξιν
3092 5009 3322 5078 Κυρίου,
3363 5011 3459 5064 καὶ
3502 5010 3728 5081 Δαρείου

2149 5105 2287 5178 μετά
2319 5102 2643 5175 δορυφορίας
2676 5100 3146 5172 παραπέμψαντος
3195 5104 3398 5166 αὐτοὺς
3423 5103 3481 5156 ἐν
3526 5101 3728 5172 εὐωχίᾳ

2151 5215 2212 5253 τε
2240 5199 2336 5252 καὶ
2367 5195 2581 5267 εἰρήνη,
2615 5194 2724 5248 τῶν
2757 5192 2918 5263 ἱερῶν
2951 5194 3136 5256 αὐτοῖς
3165 5194 3379 5247 σκευῶν
3406 5193 3725 5263 ἀποδεδομέδ

2153 5304 2280 5351 νων,
2308 5285 2404 5340 καὶ
2433 5283 2572 5356 μετά
2597 5283 2691 5338 τοῦ
2733 5282 2863 5338 ναοῦ
2917 5282 3320 5354 ἀνοικισθείσης
3349 5285 3451 5354 τῆς
3501 5285 3722 5348 πόλεως.

2157 5379 2222 5431 Ὃ
2251 5377 2342 5432 καὶ
2377 5376 2514 5448 μετά
2555 5375 2654 5448 τὴν
2687 5373 2782 5430 τοῦ
2825 5375 3077 5446 Σωτῆρος
3103 5375 3352 5444 φαίνεται
3401 5376 3720 5446 παρουσίαν.

2831 5489 2880 5524 ⁸⁸
2907 5487 3052 5546 Psal.
3097 5501 3188 5555 cx,
3229 5488 3316 5544 10.
3420 5491 3466 5522 ⁸⁸
3495 5487 3563 5544 IV
3593 5487 3723 5560 Reg.

1747 5655 1981 5714 VABLE
2018 5653 2317 5714 LECTIO’N
2324 5653 2430 5710 ES.

509 5755 534 5785 ι’
561 5764 654 5816 γρ.
687 5745 852 5799 αὑτά.
