4000 6314
315 290 458 355 2709

1457 279 1988 340 COMMENTARII
2040 279 2119 337 IN
2163 279 2444 338 ISAIAM.

3430 278 3569 339 2710

315 404 428 475 Τὴν
455 400 630 472 ἀληθῆ
659 399 763 468 γὰρ
795 396 996 457 πάντες
1043 393 1454 464 μεταδιώκομεν
1508 390 1898 460 Ἰερουσαλὴμ

2007 405 2134 459 pace
2174 389 2391 444 dimissi
2435 397 2596 455 sunt;
2644 406 2766 444 cum
2821 391 2959 460 ipsis
3019 391 3181 446 etiam
3231 391 3441 446 reddita
3481 401 3567 446 cst

313 499 602 563 φέροντες
640 491 766 552 τοὺς
811 485 1032 556 ἀληθείς
1087 484 1372 547 Ἰουδαίους
1418 483 1511 535 ἐπ’
1557 481 1751 550 ὤμων,
1793 483 1890 533 καί

314 584 604 654 γονάτων,
639 583 728 635 ὅτε
774 578 926 648 μετὰ
972 576 1174 645 χεῖρας
1220 575 1416 646 ἔχομεν
1439 574 1564 635 τοὺς
1594 572 1894 642 μακαρίους

315 675 626 745 προφήτας,
651 670 744 724 ἐπὶ
764 669 856 723 τὸν
884 668 1016 722 Θεὸν
1049 666 1360 729 ἐλπίζοντες
1405 664 1656 735 Ἀϐραάμ
1681 681 1695 697 ο
1731 663 1812 717 ἐτι
1838 664 1894 716 δέ

316 765 414 817 καὶ
446 761 555 816 τῶν
591 759 909 814 ἀποστόλων
964 755 1102 827 μετὰ
1154 754 1249 808 τοῦ
1302 754 1554 822 Σωτῆρος
1607 752 1677 804 τὰ
1717 752 1897 822 βιϐλία

317 853 449 920 ταῖς
487 851 660 921 χερσὶ
711 847 1117 919 περιφέρομεν·
1152 847 1244 898 καὶ
1295 845 1386 898 ἐπὶ
1441 845 1540 912 τῆς
1587 841 1817 894 ἐνταῦθα
1839 839 1896 892 δὲ

328 942 718 1012 Ἰερουσαλὴμ
741 938 947 1008 ἀληθὴς
969 939 999 990 ὁ
1023 939 1202 1005 λόγος,
1231 938 1311 999 είς
1332 935 1399 1006 ἢν
1425 931 1714 987 σπεύδουσι
1744 929 1899 1000 βασι-

313 1032 430 1096 λείς
459 1034 552 1085 καὶ
585 1031 714 1100 ἔθνη
737 1028 826 1082 διὰ
851 1029 944 1081 τὸν
975 1027 1222 1096 Σωτῆρα.

2000 481 2266 549 Supellex,
2301 495 2425 534 cum
2479 481 2737 549 templum
2785 482 3041 552 denique,
3093 482 3320 552 ipsaque
3368 483 3562 535 civitas

2002 573 2308 625 instaurata
2341 581 2470 625 sunt
2519 571 2605 624 “z
2661 572 2804 640 quod
2861 573 3024 626 etiam
3085 582 3208 642 post
3264 573 3565 626 Salvatoris

2003 661 2295 713 adventum
2328 659 2631 730 contigisse
2662 661 2898 715 videtur.
2937 663 3022 715 Ad
3059 679 3239 716 veram
3265 664 3408 718 enim
3455 679 3569 715 om-

2005 765 2101 804 nes
2131 749 2428 804 Jerusalem
2462 752 2757 814 tendimus,
2791 767 2951 807 veros
2989 752 3205 807 {mimos
3251 753 3308 806 in
3344 755 3572 807 humeris

2004 851 2054 896 et
2082 843 2323 912 gentibus
2354 853 2646 911 portantes,
2691 858 2814 898 cum
2857 844 3045 899 beatos
3077 845 3129 898 in
3157 845 3406 898 manibus
3447 860 3575 914 pro-

2005 935 2203 1003 phetas
2229 944 2528 1005 gestamus,
2561 935 2657 1004 qui
2691 935 2743 989 in
2799 934 2964 990 Deum
2995 936 3291 989 Abrahami
3326 952 3458 1006 spes
3485 952 3577 990 no-

2007 1030 2153 1077 stras
2184 1024 2542 1078 collocamus.
2573 1023 2960 1094 Apostolorum
2991 1029 3203 1090 rursus,
3247 1025 3580 1080 Salvatoris-

318 1142 428 1196 que
457 1126 630 1180 libros
677 1122 925 1177 manibus
961 1121 1434 1176 circumierimus.
1465 1118 1562 1173 Est
1595 1126 1859 1189 pralterea
1887 1115 1954 1169 de
1987 1115 2312 1182 Jerusalem,
2347 1133 2468 1187 quae
2497 1119 2586 1172 hic
2610 1118 2858 1182 habetur,
2895 1121 3123 1175 minime
3154 1121 3386 1175 mendax
3453 1137 3580 1176 ora-

316 1222 420 1286 tio,
459 1220 527 1274 ad
557 1233 721 1288 quam
751 1227 804 1272 et
828 1231 985 1285 reges
1014 1216 1184 1283 ipsos,
1225 1223 1278 1268 et
1322 1222 1508 1282 gentes
1552 1212 1714 1266 etiam
1761 1218 1982 1280 propter
2014 1207 2349 1264 Salvatorem
2377 1225 2670 1280 properare
2700 1221 2906 1266 certum
2943 1225 3046 1268 est.

393 1311 589 1365 ιε’-κδ’.
623 1309 770 1362 Ἰδοὺ
800 1309 908 1376 γὰρ
935 1308 1152 1372 Κύριος
1181 1306 1262 1367 ὠς
1313 1303 1432 1370 πῦρ
1482 1302 1636 1368 ἣξει,
1691 1301 1788 1353 καὶ
1819 1300 1900 1363 ὡς

316 1398 586 1467 καταιγίς
639 1397 712 1451 τὰ
771 1396 1002 1464 ἅρματα
1049 1391 1236 1446 αὑτοῦ
1269 1389 1601 1444 ἀποδοῦναι
1643 1390 1710 1441 ἑν
1738 1385 1901 1455 θυμῷ

315 1493 658 1559 ἐκδίκησιν,
691 1489 790 1542 καὶ
827 1483 1366 1553 ὰποσκορακισμὸν
1403 1481 1590 1536 αὐτοῦ
1617 1483 1687 1534 ἐν
1721 1479 1900 1550 φλογί

316 1584 533 1652 πυρός.
571 1582 668 1634 Ἐν
693 1578 802 1648 γὰρ
831 1577 909 1642 τῷ
931 1577 1074 1644 πυρὶ
1097 1575 1320 1643 Κυρίου
1352 1572 1694 1641 κριθήσεται
1732 1567 1901 1624 πᾶσα

316 1676 359 1743 ὴ
396 1671 495 1740 τῆ,
547 1671 644 1725 καί
679 1671 747 1722 ἐν
791 1667 865 1736 τῇ
909 1667 1179 1736 ῥομφαίᾳ
1228 1664 1438 1729 αὐτοῦ,
1494 1661 1663 1718 πᾶσα
1719 1660 1897 1729 σάρξ.

316 1725 547 1818 ἢοὶίίοὶ
584 1725 935 1830 τραυματίαι
963 1725 1206 1811 ἔσονται
1234 1755 1354 1811 ὑπὸ
1395 1725 1642 1821 Κυρίου,
1679 1725 1903 1823 ἁγνιζό-
1935 1725 1975 1778 Β

313 1872 511 1925 μενοι,
539 1854 636 1907 καί
659 1851 1104 1919 καθαριζόμενοι
1136 1852 1225 1913 είς
1260 1847 1404 1912 τοὺς
1427 1845 1685 1912 κήπους,
1719 1843 1905 1898 καὶέν

316 1947 448 2013 τοῖς
469 1946 786 2014 προθύροις
805 1937 1090 2008 ἔσθοντες
1110 1940 1288 2009 κρέας
1316 1940 1506 2002 ὕειον,
1537 1937 1634 1992 καὶ
1664 1939 1735 1991 τὰ
1760 1937 1904 2000 ,βδε-

317 2040 616 2107 λύγματα,
646 2036 747 2089 καί
776 2034 885 2088 τὸν
912 2033 1056 2103 μῦν,
1087 2032 1186 2085 ἐπὶ
1205 2035 1273 2084 τὸ
1297 2031 1441 2084 αὐτὸ
1471 2027 1901 2094 ἀναλωθήσον-

320 2145 440 2191 ται,
465 2123 596 2180 εἷπε
625 2128 861 2193 Κύριος.
901 2123 1073 2192 Κάγὼ
1119 2122 1193 2175 τὰ
1221 2121 1366 2190 ἔργα
1410 2118 1632 2184 αὐτῶν,
1668 2117 1768 2171 καὶ
1797 2120 1906 2170 τὸν

318 2217 621 2288 λογισμὸν
655 2215 854 2269 αὐτῶν
873 2215 1218 2282 ἐπίσταμαι,
1256 2230 1311 2266 κ.
1343 2229 1394 2265 τ.
1427 2211 1478 2266 λ.

394 2307 505 2370 Τάς
535 2307 644 2360 τῶν
673 2306 1077 2360 πιστευσόντων
1104 2303 1441 2372 ἐπαγγελίας
1476 2301 1668 2368 εἰπὼν,
1703 2303 1797 2354 καὶ
1827 2302 1902 2366 ὡς

318 2398 613 2468 ἀπειλήσει
646 2399 760 2460 τοῖς
792 2396 1126 2464 ἀπειθήσασι
1177 2395 1278 2465 τὴν
1321 2393 1574 2464 ἀπειλὴν,
1627 2391 1903 2445 ἐκτίθεται

323 2489 425 2542 νῦν
451 2489 548 2558 τὴν
600 2487 809 2552 ἔνδοξον
855 2486 1019 2540 αὑτοῦ
1075 2485 1384 2556 παρουσίαν
1405 2525 1419 2550 ,
1451 2483 1627 2554 δηλῶν
1657 2485 1747 2536 ὅτε
1772 2482 1906 2550 ἣξει

329 2578 475 2650 μετά
501 2581 599 2648 τῆς
623 2578 780 2647 δόξης
816 2577 912 2630 τοῦ
944 2578 1211 2648 Πατέρος,
1252 2577 1348 2630 καὶ
1379 2577 1488 2628 τῶν
1515 2574 1764 2642 ἀγγέλων
1812 2576 1907 2626 αὺ-

320 2670 442 2734 τοῦ,
471 2671 652 2738 κρῖναι
682 2667 889 2733 ζῶντας
918 2669 1012 2721 καὶ⁹
1043 2667 1290 2737 νεκρούς.
1324 2667 1398 2719 Τὸ
1448 2667 1506 2719 δὲ
1555 2667 1636 2730 ὠς
1662 2665 1806 2733 πῦρ,
1836 2665 1907 2716 ἐν

319 2760 469 2828 πυρί
497 2761 842 2832 ἐρμήνευσαν
863 2760 912 2811 oi
947 2759 1146 2813 λοιποί.
1183 2760 1441 2826 "Apparet
1465 2757 1523 2811 δὲ
1555 2757 1750 2824 λέγων,
1779 2757 1906 2820 τοὺς

319 2851 610 2920 ἀγγέλους,
647 2853 741 2905 καὶ
769 2850 868 2914 τάς
900 2851 1029 2921 περὶ
1057 2849 1220 2904 αὑτὸν
1253 2850 1510 2917 δυνάμεις
1549 2849 1734 2918 δηλοῖ,
1763 2848 1906 2903 κατὰ

319 2943 470 2995 τὸέν
496 2941 777 3010 Ψαλμοῖςο
814 2958 832 2989 ι
871 2939 944 2992 Τὸ
971 2939 1122 3010 ἆρμα
1161 2938 1256 2991 τοῦ
1292 2938 1427 2992 Θεοῦ
1476 2937 1901 3009 μυριοπλάσιον,

2078 1297 2242 1352 Vens.
2281 1299 2471 1354 15-24.
2511 1299 2643 1354 Ecce
2666 1303 2802 1355 enim
2842 1303 3115 1367 Dominus,
3147 1306 3302 1372 quasi
3335 1307 3470 1373 ignis
3495 1323 3577 1361 re-

2005 1389 2134 1450 niet,
2161 1388 2329 1458 758
2349 1401 2402 1444 et
2432 1391 2587 1459 quasi
2618 1401 2895 1458 tempestas
2917 1409 3105 1446 currus
3135 1395 3269 1462 ejus,
3295 1406 3351 1446 ut
3393 1395 3580 1450 reddat

2005 1480 2058 1532 in
2081 1480 2260 1547 furore
2286 1480 2562 1545 ultionem,
2587 1492 2634 1536 et
2661 1483 3066 1548 increpationem
3091 1501 3244 1540 suam
3282 1487 3336 1540 in
3358 1489 3578 1554 ﬂamma

2005 1569 2164 1635 ignis.
2201 1567 2266 1622 In
2296 1569 2410 1639 igne
2437 1572 2576 1625 enim
2600 1571 2818 1624 Domini
2841 1572 3172 1640 iudicabitur
3198 1576 3370 1629 omnis
3413 1586 3576 1637 terra,

2005 1671 2054 1714 et
2083 1663 2136 1714 in
2164 1661 2349 1732 gladio
2386 1661 2501 1730 ejus
2540 1663 2691 1716 cadet
2725 1665 2969 1718 uniuersa
3019 1683 3166 1720 caro.
3204 1666 3366 1720 Multi
3403 1672 3577 1721 ωηερε

2005 1754 2112 1806 rati
2151 1763 2306 1806 erunt
2344 1753 2397 1806 in
2430 1753 2676 1810 Domino.
2715 1755 3282 1826 Quiesanctiﬁcantur,
3314 1769 3364 1813 et
3392 1761 3582 1827 puriﬁ-

2005 1857 2199 1899 cantur
2236 1848 2292 1900 in
2317 1849 2516 1910 hortis,
2556 1858 2607 1902 et
2649 1851 2702 1903 in
2741 1850 3034 1916 liminibus,
3081 1851 3404 1907 comedentes
3459 1869 3578 1905 car-

2007 1956 2122 1993 nem
2163 1943 2463 2007 porcinam,
2499 1953 2549 1996 et
2589 1943 3030 2009 abominationes,
3063 1955 3113 1998 et
3147 1962 3370 2010 murem,
3413 1947 3581 1999 simul

2006 2040 2400 2096 consumentur,
2442 2033 2572 2086 dicit
2608 2032 2889 2086 Dominus.
2926 2033 2994 2087 Et
3039 2051 3132 2104 ego
3184 2053 3346 2104 opera
3375 2053 3578 2101 eorum,

2005 2130 2054 2174 et
2090 2121 2436 2190 cogitationes
2470 2139 2652 2177 eorum
2697 2127 2838 2190 novi,
2877 2133 2982 2180 etc.

2077 2299 2377 2371 Postquam
2434 2317 2625 2358 eorum
2678 2305 3116 2382 promissiones,
3158 2308 3251 2376 qui
3317 2309 3582 2363 credituri

2006 2398 2212 2455 essent,
2263 2401 2317 2444 et
2345 2405 2430 2455 ea,
2462 2407 2584 2462 quae
2627 2407 2685 2446 se
2720 2394 3098 2461 pertinacibus
3132 2397 3466 2452 minaturum
3499 2399 3602 2452 (11--

2009 2480 2112 2544 xit,
2159 2482 2462 2546 enarravit,
2493 2483 2717 2552 exponit
2742 2483 2855 2551 jam
2887 2485 3188 2553 gloriosum
3229 2486 3348 2556 ejus
3381 2489 3586 2543 adven-

2007 2578 2146 2635 tum,
2199 2570 2586 2627 demonstrans
2634 2587 2745 2641 quo
2794 2585 3039 2643 tempore
3084 2575 3265 2631 Patris
3300 2579 3498 2645 gloria,
3533 2589 3586 2634 et

2006 2666 2217 2736 angelis
2255 2665 2378 2735 ejus
2429 2668 2749 2731 comitatus,
2802 2669 2954 2724 vivos
2999 2680 3054 2724 et
3100 2673 3584 2741 nrortuosjndica-

2007 2765 2120 2810 tum
2171 2766 2422 2811 venturus
2445 2759 2515 2811 sit
2563 2757 2628 2811 ⁸³.
2660 2756 2815 2823 Quod
2845 2767 3030 2814 autem
3069 2760 3206 2814 sicut
3233 2762 3370 2830 ignis
3421 2763 3590 2818 habe-
3659 2829 3664 2834 _

2007 2863 2168 2911 nius,
2202 2848 2258 2902 in
2287 2850 2407 2918 igne
2461 2850 2642 2904 caeteri
2701 2849 2962 2905 dixerunt
3023 2852 3372 2922 interpretes.
3425 2854 3588 2925 7-59

2007 2936 2280 2992 Curruum
2327 2941 2525 2995 deinde
2551 2941 2793 3006 nomine,
2847 2943 3096 3012 angelos,
3131 2952 3204 3011 et,
3251 2959 3374 3015 quae
3407 2946 3586 3015 ipsum

320 3029 560 3100 χιλιάδες
592 3028 985 3098 εὐθηνούντων.
1025 3047 1044 3079 ι
1090 3029 1184 3094 Ὡς
1222 3027 1490 3098 καταιγίς
1521 3028 1580 3080 δὲ
1621 3026 1749 3093 ἣξει
1777 3026 1899 3092 τοῖς

2007 3029 2279 3094 ambiunt,
2340 3038 2655 3107 potestates
2696 3032 3012 3087 intellexit:
3075 3033 3238 3102 quale
3289 3034 3424 3090 illud
3481 3045 3587 3100 est,

325 3120 602 3188 τιμωρίας
631 3119 820 3186 ἀξίοις.
869 3121 927 3172 '0
953 3119 1007 3172 δὲ
1040 3119 1572 3188 ἀποσκορακισμὸς
1616 3118 1766 3187 δηλοῖ
1811 3116 1906 3188 τὴν

321 3209 531 3263 τούτων
554 3209 848 3280 ἀποϐολὴν,
883 3211 1152 3280 ἐροῦντος
1181 3228 1198 3259 ι
1221 3209 1527 3280 Πορεύεσθε
1569 3211 1664 3263 ἀπ’
1687 3209 1820 3280 ἐμοῦ
1855 3210 1905 3262 oi

321 3299 698 3370 κατηραμένοι
718 3302 797 3362 είς
817 3299 878 3352 τὸ
891 3300 999 3370 πῦρ
1021 3299 1080 3352 τὸ
1102 3299 1339 3352 αἰώνιον·
1368 3319 1386 3349 ι
1408 3300 1780 3368 ήδέρομςραία
1801 3299 1902 3368 τὴν

321 3391 600 3461 τιμωρίαν
630 3391 907 3464 σημαίνει,
945 3391 1192 3462 συνήθως
1239 3391 1354 3460 ἅμα
1380 3392 1474 3444 καὶ
1525 3390 1770 3461 φοϐερῶς
1794 3393 1907 3453 τοῖς

322 3482 717 3552 ἀκροωμένοις.
734 3482 986 3536 Τοιοῦτον
1014 3483 1075 3535 τὸ
1099 3483 1475 3536 ἀποστολικόνο
1497 3501 1514 3534 ι
1537 3481 1696 3536 Κατά
1723 3481 1779 3535 δὲ
1805 3483 1904 3551 τὴν

324 3574 674 3645 σκληρότητά
710 3591 803 3628 σου
834 3573 928 3627 καὶ
951 3574 1363 3644 ἀμεταμέλητον
1387 3574 1611 3645 καρδίαν
1641 3573 1902 3644 θησαυρί-

323 3665 442 3727 ζεις
461 3663 670 3734 σεαυτῷ
690 3663 878 3734 ὀργὴν,
902 3683 920 3716 ι
957 3665 1049 3718 καὶ
1071 3663 1142 3716 τὰ
1168 3665 1261 3717 ἐπὶ
1291 3663 1524 3727 τούτοις.
1542 3665 1821 3735 Ἐπιςρέρει
1843 3665 1900 3716 δὲ

321 3757 469 3809 τίσιν
505 3755 833 3825 ἡτοίμασται
887 3754 1086 3825 μᾶλλον
1138 3755 1204 3806 τὸ
1244 3753 1386 3822 πῦρ,
1440 3756 1534 3808 καὶ
1575 3757 1622 3807 εἰ
1665 3755 1765 3824 μὲν
1798 3757 1903 3825 πρὸ

322 3849 430 3916 τῆς
475 3846 770 3916 ἐπιδημίας
796 3887 810 3912 ,
867 3848 977 3908 τοῖς
1032 3846 1106 3915 μὴ
1143 3846 1285 3898 κατὰ
1333 3847 1495 3915 νόμον
1526 3846 1902 3916 ἀγνιζομένοις

322 3937 466 4005 φησι
499 3935 679 4007 σποδῷ
732 3953 792 3990 τε
854 3937 1161 4006 δαμάλεως,
1192 3937 1288 3990 καὶ
1331 3936 1564 4000 θυσίαις,
1600 3938 1730 3989 εἰδὲ
1767 3937 1903 4006 μετά

319 4024 554 4095 ταύτην,
609 4029 722 4088 τοῖς
779 4026 900 4078 ἀντὶ
956 4025 1050 4078 τοῦ
1105 4025 1250 4078 θείου
1301 4025 1707 4095 βαπτίσματος,
1749 4026 1901 4081 ὕδατι

321 4115 492 4184 κήπο
523 4116 696 4188 ὑψιλῷ
727 4128 772 4182 ι,
812 4118 964 4186 ῆκαὶ
1018 4118 1416 4189 μεμαγευμένῳ
1464 4117 1898 4188 καθαιρομένοις,

319 4210 390 4260 ἐν
421 4207 644 4278 δρυμοῖς
684 4225 744 4261 τε
787 4210 882 4262 καὶ
915 4209 1138 4262 ἄλσεσιν
1185 4209 1312 4262 ἔνθα
1357 4210 1451 4262 καὶ
1501 4208 1598 4271 τὰς
1648 4209 1902 4276 λατρείας

321 4300 690 4371 προσέφερον.
721 4300 1142 4371 Περιηγνίζοντο
1180 4300 1288 4370 γὰρ
1320 4301 1464 4367 πυρί
1487 4317 1542 4352 τε
1574 4300 1670 4353 καὶ
1707 4299 1898 4365 ὕδατι,

2007 3119 2153 3186 quod
2180 3120 2324 3189 apud
2357 3119 2594 3176 Psaltem
2639 3101 2693 3176 in
2729 3123 2844 3180 haec
2882 3123 3048 3178 verba
3085 3101 3322 3195 legimus
3351 3143 3364 3179 :
3401 3143 3420 3176 ι
3449 3125 3588 3180 Cur-

2005 3225 2102 3264 rus
2138 3209 2231 3264 Dei
2264 3211 2453 3266 decem
2489 3213 2736 3268 millibus
2787 3213 3100 3284 multiplex,
3155 3215 3330 3270 millia
3381 3219 3588 3272 exube-

2005 3299 2247 3353 rantium
2282 3300 2351 3353 7°.
2391 3318 2410 3352 ι
2477 3299 2769 3357 Venturum
2831 3311 3118 3374 praeterea,
3175 3308 3330 3374 quasi
3393 3316 3590 3375 tempe-

2005 3402 2219 3460 statem,
2246 3395 2472 3464 adjicit;
2509 3403 2571 3450 ut
2600 3411 2718 3460 eos,
2750 3398 2843 3467 qui
2876 3398 3030 3466 digni
3076 3406 3230 3464 sunt,
3270 3397 3586 3452 ulciscatur.

2003 3482 2162 3549 Quod
2199 3498 2418 3538 rursum
2461 3485 2834 3553 increpationis
2870 3485 3037 3541 verbo
3078 3501 3214 3543 usus
3240 3495 3358 3550 est,
3397 3501 3587 3541 eorum

2005 3585 2036 3624 a
2078 3587 2138 3628 se
2168 3573 2522 3641 rejectionem
2575 3575 2930 3645 signiﬁcavit,
2967 3575 3061 3644 qui
3104 3590 3135 3629 a
3175 3591 3236 3631 se
3283 3590 3380 3630 eos
3411 3575 3591 3630 disce-

2003 3661 2256 3730 dere,qui
2283 3661 2624 3729 sempiterno
2651 3662 2764 3730 igni
2785 3661 2973 3716 devoti
3005 3673 3192 3716 essent
3217 3663 3259 3696 '”
3286 3703 3302 3727 ,
3327 3663 3589 3732 jussurus

2003 3751 2204 3807 fuerat.
2241 3752 2528 3822 Signiﬁcat
2558 3768 2723 3822 porro
2752 3754 3015 3808 ultionem
3048 3753 3264 3823 gladius
3285 3791 3302 3816 ,
3345 3755 3440 3823 qui
3470 3771 3589 3810 mos

2005 3843 2170 3905 simul
2197 3849 2250 3897 et
2293 3842 2524 3897 usitatus
2561 3851 2666 3908 est,
2701 3851 2756 3898 et
2783 3851 2993 3897 metum
3039 3842 3392 3897 audientibus
3430 3843 3586 3896 incu-

2004 3934 2087 3999 tit,
2129 3932 2290 4002 quale
2333 3941 2418 3987 est
2473 3932 2616 4002 apud
2642 3933 2966 4003 Apostolum
2998 3933 3128 3987 illud
3165 3949 3179 3984 :
3214 3951 3232 3984 ι
3271 3930 3584 3988 Secundum

2004 4033 2186 4081 autem
2223 4023 2480 4079 duritiem
2509 4033 2657 4079 tuam
2692 4032 2746 4080 et
2787 4025 3142 4094 impmnitens
3181 4039 3278 4080 cor
3301 4063 3317 4089 ,
3357 4024 3582 4079 thesau-

2004 4119 2148 4172 rizas
2169 4117 2263 4171 tibi
2290 4116 2510 4182 iram",
2531 4137 2551 4168 ο
2582 4124 2637 4172 et
2669 4132 2790 4187 qua:
2810 4117 3088 4186 deinceps.
3121 4116 3326 4185 Adjicit
3356 4131 3575 4171 rursum

2005 4208 2208 4278 quibus
2251 4207 2524 4276 praecipue
2553 4208 2625 4262 sit
2654 4210 2790 4279 ignis
2837 4210 2938 4264 iste
2976 4216 3336 4279 praeparatus.
3371 4207 3504 4274 Quae
3528 4209 3572 4262 si

2007 4299 2073 4354 ad
2112 4309 2379 4368 tempora,
2426 4315 2548 4369 quae
2587 4301 2878 4355 adventum
2931 4309 3351 4371 praecesserunt,
3384 4299 3584 4353 retule-

320 4388 506 4458 ψυχῆς
538 4388 848 4460 μολυσμοὺς
885 4390 976 4443 διὰ
995 4391 1197 4444 τούτων
1227 4390 1511 4443 ἐκπλύνειν
1538 4390 1794 4460 οἰόμενοι,
1819 4389 1903 4455 οὓς

2018 4389 2134 4454 ris;
2167 4391 2234 4444 de
2269 4390 2376 4453 his,
2412 4391 2506 4460 qni
2555 4392 2778 4446 minime
2838 4392 3140 4447 secundum
3193 4391 3366 4460 legem
3400 4390 3585 4444 vitula:

318 4475 390 4540 ἐξ
422 4475 713 4544 ἀσελγείας
739 4478 836 4531 καὶ
865 4481 1040 4548 φόνων
1075 4480 1506 4550 ἐναπεμάξαντο.

2011 4481 2218 4544 cinere,
2255 4488 2310 4534 et
2345 4481 2632 4537 sacriﬁciis
2661 4484 2934 4553 puriﬁcati
2967 4483 3194 4550 iuerint,
3225 4481 3579 4538 intellexerit.

320 4565 427 4621 Sin
473 4578 674 4636 autem,
707 4571 774 4626 ad
803 4588 889 4637 ea,
919 4589 1040 4642 qua:
1069 4575 1320 4628 eumdem
1352 4583 1540 4628 secuta
1579 4583 1728 4639 sunt,
1770 4574 2005 4644 respicis
2027 4613 2044 4640 ,
2071 4588 2165 4630 eos
2203 4574 2354 4642 ipsos
2385 4575 2585 4641 innuit,
2655 4577 2745 4646 qui
2810 4592 2909 4646 pro
2973 4577 3162 4632 divino
3228 4576 3580 4645 baptismate,

235 4684 242 4688 -
318 4675 478 4714 mera
505 4661 740 4716 hortensi
771 4678 938 4732 aqua,
973 4671 1068 4718 aut
1107 4664 1271 4718 etiam
1305 4665 1534 4733 magica,
1581 4665 1635 4717 in
1669 4664 1898 4720 saltibus
1935 4671 1989 4719 et
2017 4662 2106 4718 ubi
2134 4662 2309 4719 sacris
2339 4665 2726 4731 operabantur,
2757 4666 3153 4721 lustrabantur.
3227 4663 3356 4736 Igne
3414 4664 3587 4734 siqui-

319 4754 453 4809 tlem
485 4761 534 4807 et
563 4770 703 4822 aqua
737 4754 1132 4819 lustrabantur,
1175 4755 1249 4810 ita
1321 4755 1512 4812 sordes
1555 4758 1772 4822 intimae,
1842 4771 1981 4827 quas
2019 4754 2168 4810 catde
2227 4762 2280 4809 et
2319 4754 2542 4811 libidine
2595 4766 3004 4824 contraxerant,
3050 4760 3235 4815 eluere
3281 4772 3343 4813 se
3390 4757 3583 4812 existi-

313 4851 562 4898 mantes.

413 4934 556 4987 Ἀντλ.
583 4933 639 4985 δέ
667 4932 761 4986 τοῦ
787 4949 799 4962 ·
830 4935 942 4988 Καὶ
979 4936 1050 4990 ἐν
1086 4935 1211 5002 τοῖς
1247 4940 1565 5007 προθύροις
1596 4939 1844 5004 ἐσοντες
1883 4939 1900 4973 ί

315 5026 508 5094 κρέας
536 5026 722 5092 ὕειον,
755 5027 784 5078 ὁ
812 5027 1110 5098 Σύμμαχός
1136 5046 1301 5099 φησιν
1325 5049 1336 5061 ·
1373 5031 1596 5085 Ὀπίσω
1617 5029 1908 5096 ἀλλήλων

310 5118 584 5187 ἐνμέσῳ
609 5119 938 5172 ἐσθιόντων
955 5119 1021 5172 τὸ
1043 5119 1222 5187 κρέας
1253 5121 1318 5174 τὸ
1359 5123 1637 5190 χοίρειον,
1672 5121 1772 5175 οὐκ
1808 5121 1908 5174 αὑ-

2023 4993 2029 4999 ,
2083 4934 2282 4990 Verum
2334 4949 2444 5004 quo
2481 4935 2637 5000 loco,
2711 4935 2779 4990 Et
2831 4940 2882 4992 in
2940 4938 3207 4992 liminibus
3255 4936 3580 4993 comedenles

2009 5042 2221 5080 carnem
2242 5027 2538 5094 porcinam,
2571 5027 2856 5095 habemus,
2883 5031 2958 5083 ita
2989 5030 3153 5085 vertit
3178 5029 3572 5099 Symmachus:

2009 5116 2170 5171 Retro
2196 5133 2252 5171 se
2294 5127 2477 5172 mutuo
2529 5118 2583 5170 in
2615 5119 2786 5174 medio
2837 5120 3164 5178 comedentes
3213 5137 3398 5176 carnes
3449 5126 3580 5178 suil-

311 5210 454 5272 τοὺς
482 5209 659 5277 λέγων
689 5209 942 5273 ἐσθίειν,
975 5213 1179 5280 μεταξὺ
1208 5213 1265 5265 δὲ
1303 5213 1402 5282 ζῇν
1447 5213 1554 5267 τῶν
1605 5211 1798 5276 ἐθνῶν,
1827 5212 1903 5265 διὸ

2012 5208 2092 5261 las
2124 5225 2141 5261 :
2172 5222 2279 5262 non
2318 5215 2377 5263 ut
2412 5223 2510 5264 eos
2549 5210 2813 5265 comedere
2846 5213 3139 5283 signiﬁcet,
3165 5215 3264 5274 sed
3288 5215 3431 5268 inter
3449 5230 3577 5283 gen-

316 5298 425 5351 σὺν
452 5297 635 5360 αὐτοῖς
659 5297 1008 5364 ἀπολοῦνται,
1041 5299 1135 5352 τοῦ
1184 5301 1320 5354 Θεοῦ
1363 5302 1438 5372 μὴ
1487 5302 1647 5372 μόνον
1681 5301 1908 5372 πράξεις

395 5401 533 5482 ⁸⁸⁵111
558 5403 717 5459 Esdr.
753 5421 803 5470 ν,
842 5408 865 5460 1
903 5421 1058 5476 seqq.

448 5407 533 5524 5Ill
558 5407 717 5459 Esdr.
753 5421 803 5470 ν,
842 5408 865 5460 1
903 5421 1058 5476 seqq.
1156 5408 1198 5440 °°
1227 5407 1420 5464 Matth.
1450 5426 1574 5477 xxv,
1625 5411 1686 5464 5i
1731 5426 1890 5481 seqq.

318 5491 403 5538 ll,
448 5491 497 5527 ο.

1966 5411 2010 5442 ⁷ο
2032 5409 2178 5464 Psal.
2207 5425 2353 5466 van
2385 5451 2398 5476 ,
2456 5411 2542 5466 18.

2011 5310 2094 5355 tes
2129 5301 2331 5366 vivere,
2366 5300 2596 5371 ideoque
2631 5317 2757 5356 cum
2812 5305 2920 5359 illis
2949 5319 3075 5360 esse
3109 5305 3422 5374 perituros;
3456 5319 3580 5359 cum

2649 5414 2688 5443 ⁷¹
2725 5412 2916 5470 Matth.
2979 5433 3104 5483 xxv,
3147 5417 3233 5470 41.
3347 5419 3390 5449 τ’
3417 5421 3577 5474 lioni.

1634 5569 1865 5627 VAIUIE
1905 5568 2196 5625 LECTION
2204 5569 2304 5623 ES.

403 5675 431 5713 ε
461 5676 550 5728 γρ.
582 5660 760 5728 κήπου
803 5658 964 5728 ψιλῶ.
1052 5659 1065 5692 ι
1101 5654 1370 5720 ἔσθοντες.
