3966 6318
428 253 567 320 ειτιι

1755 261 2069 323 PROCOPI
2077 261 2103 320 Ι
2142 261 2382 323 ϐΑΖιΕῙ

3539 259 3686 328 2712

425 385 538 425 non
567 369 820 440 corporis
847 375 1086 436 tantum,
1147 371 1243 427 sed
1300 373 1501 428 mentis
1547 374 1710 429 etiam
1759 377 2006 432 actiones

2116 374 2368 445 ὑρῶντος,
2399 373 2538 428 ἀλλὰ
2594 375 2689 428 καὶ
2747 373 3064 446 λογισμούς.
3125 394 3144 426 ι
3186 373 3402 448 Ὄποῖόν
3429 371 3549 426 ἐστι
3592 374 3684 437 τι,

426 460 574 518 Deus
603 461 902 516 intueatur.
925 461 1102 532 Cujus
1130 462 1347 532 generis
1376 473 1463 519 est
1483 470 1489 474 '
1511 465 1672 532 illud,
1705 466 1798 521 ubi
1839 484 1859 518 ι
1894 468 2006 521 im-

430 550 742 622 perfectum
778 567 959 609 meum
991 551 1252 608 viderunt
1287 554 1431 610 oculi
1466 556 1548 610 tui
1579 555 1662 623 ⁷³,
1701 576 1722 610 ι
1753 557 2003 629 lcginius.

424 641 547 698 Non
578 643 780 700 desunt
801 657 955 712 vero,
990 643 1086 714 qui
1133 645 1554 703 abominationes
1592 662 1706 703 non
1731 647 1802 704 ad
1830 643 2005 714 cibos,

425 734 523 789 sed
553 735 622 790 ad
653 734 800 790 idola
824 735 1170 801 retulerunt;
1209 737 1353 804 quod
1389 737 1464 791 illi
1505 753 1573 794 eo
1603 754 1798 810 usque,
1833 741 2006 806 aiunt,

423 827 703 897 progressi
751 835 965 894 essent,
1014 837 1074 884 ut
1119 845 1324 886 murem
1369 829 1630 896 fortasse,
1667 845 1826 902 quem
1858 832 2006 886 cole-

424 925 570 982 rent,
597 917 652 971 in
692 918 938 974 delubris
969 919 1259 980 haberent,
1303 919 1444 976 Sunt
1480 933 1662 977 tamen
1691 923 1883 994 aliqui,
1913 923 2005 993 qui

423 1025 606 1065 mures
629 1017 922 1067 terrestres
967 1013 1136 1067 etiam
1168 1015 1648 1070 nttnccomedant.
1691 1013 1796 1071 Ubi
1844 1031 2008 1086 porro

426 1111 865 1174 congregatarum
894 1119 950 1158 se
973 1103 1212 1175 linguam
1239 1121 1445 1160 omnem
1471 1105 1617 1178 dixit
1643 1122 1658 1170 ;
1687 1108 1851 1162 etiam
1894 1107 2010 1176 glo-

425 1197 564 1249 riam
595 1209 751 1248 suam
783 1195 992 1250 visuros
1019 1211 1154 1262 esse,
1190 1211 1448 1266 superque
1476 1212 1564 1251 eos
1591 1197 1796 1268 signum
1827 1213 1884 1250 se
1920 1213 2005 1250 re-

427 1287 719 1352 licturum;
750 1294 805 1340 et
833 1300 902 1340 ex
937 1286 1030 1350 iis,
1059 1287 1150 1356 qui
1173 1287 1341 1358 760
1355 1286 1552 1341 saluati
1573 1285 1792 1356 fuerint,
1815 1301 1927 1340 esse
1955 1301 2012 1340 se

426 1377 718 1430 missurum
762 1375 982 1446 adjecit.
1019 1375 1179 1442 Quod
1223 1377 1466 1448 apertius
1497 1376 1552 1430 in
1585 1374 1894 1446 Evangeliis
1924 1375 2010 1429 in-

425 1467 568 1537 quit,
599 1466 693 1521 ubi
730 1465 852 1520 ait:
897 1485 916 1518 ι
955 1466 1093 1522 Cum
1147 1475 1328 1522 autem
1370 1467 1581 1523 venerit
1623 1465 1799 1522 Filius
1833 1465 2009 1520 homi-

426 1557 516 1613 nis
547 1556 604 1612 in
633 1555 808 1628 gloria
846 1555 1030 1612 Patris
1068 1557 1179 1624 sui,
1231 1567 1284 1612 et
1309 1572 1503 1613 omnes
1535 1556 1712 1628 angeli
1766 1570 1892 1611 cum
1921 1570 2006 1620 eo,

426 1659 561 1704 tunc
589 1646 802 1703 sedebit
831 1662 1000 1719 super
1031 1646 1215 1703 sedem
1257 1647 1564 1718 maiestatis
1609 1661 1756 1712 suae;
1793 1653 1847 1702 et
1875 1661 2010 1702 con-

2122 466 2556 538 ’Δκατέργαστόν
2588 482 2702 537 μουο
2727 465 2943 520 είδοσαν
2973 467 3024 520 οἰ
3042 464 3314 537 ὀφθαλμοί
3364 480 3482 518 σου.
3519 481 3541 514 ι
3581 461 3681 517 Τι-

2108 556 2200 620 νὲς
2221 557 2278 611 δὲ
2305 557 2377 612 τὰ
2392 559 2801 628 βδελύτματα,
2839 557 2941 612 οὐκ
2967 557 3063 611 ἐπὶ
3083 555 3418 628 βρωμάτων,
3451 554 3570 608 ἀλλ’
3594 555 3685 608 ἔπ’

2109 647 2343 702 εἰδώλων
2367 649 2638 714 ἐδέξαντο,
2662 648 2737 714 ὡς
2758 648 2856 703 καὶ
2880 649 3008 718 μῦν
3034 664 3221 716 φασιν,
3251 648 3385 710 ίσως
3411 646 3474 699 ἐν
3495 645 3686 716 σηκοῖς

2108 741 2254 810 ἔχειν
2284 741 2598 812 σεϐόμενον.
2634 741 2782 812 Πλὴν
2809 739 2940 803 τοὺς
2966 739 3298 810 ἀρουραίους
3325 737 3472 800 τινὲς
3513 735 3688 790 εἰσέτι

2107 825 2204 882 νῦν
2257 829 2533 884 ἐσθίουσι
2565 829 2706 898 μῦς.
2753 827 3050 892 Συνάξειν
3093 827 3156 880 δὲ
3213 823 3427 880 πᾶσαν
3479 822 3688 894 γλῶσ-

2107 932 2232 972 σαν
2259 921 2453 986 εἰπὼν,
2484 920 2798 988 Ὄψονται,
2829 919 2983 987 φησι,
3023 915 3124 988 τὴν
3171 915 3364 982 δόξαν
3403 931 3546 986 μου,
3587 911 3691 968 καὶ

2107 1010 2449 1078 καταλείψω
2477 1009 2572 1062 ἐπ’
2602 989 2803 1063 αὖτῶν
2837 1007 3112 1078 σημεῖον,
3150 1006 3250 1060 καί
3297 1002 3694 1072 ἐξαποστελῶ

2107 1098 2178 1164 ἐξ
2205 1099 2405 1154 αὐτῶν
2429 1099 2882 1169 σεσωσμένους.
2913 1101 2979 1152 ⁸0
3005 1097 3339 1168 σαφέστερον
3355 1099 3414 1150 ὲν
3441 1096 3696 1163 Eum;-

2108 1189 2242 1255 λίοις
2266 1190 2464 1260 φησιν’
2501 1207 2521 1242 ι
2551 1190 2670 1244 ’οτ’
2702 1189 2770 1244 ἂν
2797 1189 2854 1243 δὲ
2883 1188 3014 1260 ἔλθῃ
3043 1191 3072 1242 ό
3101 1187 3230 1251 Tib;
3276 1185 3372 1240 τοῦ
3391 1183 3696 1258 ἀνθρώπων

2109 1284 2168 1336 ὲν
2193 1284 2258 1352 τῇ
2282 1281 2410 1354 δόξῃ
2435 1280 2530 1335 τοῦ
2555 1281 2798 1352 Πατέρος
2827 1279 3015 1344 αὐτοῦ,
3049 1281 3144 1332 καὶ
3169 1279 3373 1340 πάντες
3393 1280 3444 1332 οἰ
3462 1278 3692 1347 ἄγγελοι

2113 1371 2232 1444 μετ’
2247 1371 2436 1437 αὐτοῦ,
2453 1373 2548 1425 καὶ
2566 1369 2852 1436 συνάξουσι
2866 1371 3044 1426 πάντα
3065 1370 3133 1423 τὰ
3159 1369 3307 1440 ἔθνη,
3337 1387 3362 1420 ι
3387 1369 3484 1423 καὶ
3507 1370 3578 1422 τὰ
3595 1369 3694 1420 ἐπὶ

2108 1463 2302 1532 τούτῳ.
2345 1462 2433 1526 Ὧς
2459 1462 2526 1517 ἂν
2557 1462 2613 1516 δὲ
2644 1463 2794 1534 δείξῃ
2817 1461 2930 1516 τῶν
2961 1461 3195 1515 ἐθνικῶν
3221 1461 3351 1522 τοὺς
3373 1458 3494 1513 κατ’
3527 1459 3694 1524 ἀξίαν

2109 1555 2598 1624 σωθησομένους,
2632 1556 2726 1608 ἐπὶ
2747 1554 2848 1626 τὴν
2880 1553 3106 1626 πρώτην
3139 1548 3450 1625 ἀνέδραμεν
3481 1567 3698 1621 παρου-

2113 1645 2233 1701 σίαν
2255 1661 2270 1677 ο
2307 1647 2434 1715 περὶ
2460 1639 2528 1718 ἧς
2550 1645 2647 1700 καὶ
2667 1646 2751 1712 τδ,
2777 1645 3028 1711 συνάξω
3072 1645 3180 1712 τὰς
3207 1645 3512 1714 γλώσσας,
3544 1641 3696 1706 τινὲς

429 1741 808 1812 gregabuntur
837 1749 964 1794 ante
985 1753 1112 1794 eum
1163 1754 1356 1795 omnes
1384 1747 1576 1812 gentes
1622 1738 1671 1772 “
1691 1777 1708 1803 ,
1744 1757 1764 1792 ι
1803 1747 1856 1794 et
1889 1753 2010 1810 quae

2116 1735 2458 1808 ἰξειλήφασιν
2485 1735 2966 1806 ἀνακεφαλαίωσιν
2997 1731 3139 1790 εἰναι
3183 1735 3283 1806 τῆς
3310 1735 3440 1806 ὅλης
3471 1749 3694 1804 προφη-

425 1840 643 1902 postea.
681 1829 752 1885 Ut
789 1837 972 1884 autem
1001 1828 1338 1896 ostenderet,
1371 1831 1463 1900 qui
1496 1827 1566 1884 de
1598 1827 1855 1899 gentibus
1907 1844 2010 1894 pro

2116 1827 2278 1892 τείας,
2297 1825 2366 1880 τὰ
2391 1825 2642 1881 ἐντεῦθεν
2673 1828 2924 1892 εἰπόντες
2957 1827 3058 1898 τῆς
3089 1825 3229 1897 μετὰ
3255 1824 3463 1896 σαρκδς
3485 1826 3696 1877 οἰκονο-

427 1921 628 1976 tnerito
668 1918 916 1976 salvandi
963 1925 1140 1984 erant,
1177 1916 1246 1973 ad
1304 1919 1544 1988 primum
1583 1917 1876 1972 adventum
1924 1931 2011 1972 re-

2116 1919 2238 1990 μίας
2261 1919 2360 1990 τὴν
2383 1919 2616 1990 δύναμιν
2665 1919 2760 1972 ἀπ’
2805 1919 3002 1990 ἀρχῆς,
3055 1919 3216 1988 μέχρι
3265 1916 3476 1982 τέλους,
3507 1913 3586 1976 ὡς
3630 1914 3696 1966 ἐν

431 2027 625 2074 versus
659 2019 797 2067 est:
827 2009 895 2064 ad
924 2025 1088 2080 quem
1139 2017 1194 2065 et
1245 2009 1361 2075 illa,
1425 2009 1628 2080 quibus
1685 2007 1897 2077 linguas
1945 2024 2011 2062 se

2116 2009 2302 2080 βραχεῖ
2331 2010 2678 2080 περιέχοντα,
2695 2009 2961 2078 δηλοῦντα
2985 2009 3103 2074 τῶν
3127 2006 3322 2063 ἐθνῶν
3341 2006 3447 2078 τὴν
3473 2005 3696 2076 κλῆσιν.

429 2109 872 2173 congregatarum
895 2100 1055 2166 dixit,
1088 2099 1395 2156 referentes
1424 2097 1696 2163 nonnulli,
1735 2099 2010 2168 recapitu-

2116 2099 2182 2164 ὡς
2213 2109 2242 2138 α
2273 2101 2514 2164 καὶτοὺς
2535 2101 2870 2164 ἀποστόλους
2897 2111 2926 2142 τ
2951 2101 3235 2166 ἀναδείξας
3280 2100 3438 2171 παρὰ
3489 2098 3696 2160 παντὸς

427 2193 692 2246 lationem
723 2191 892 2246 totius
925 2205 1048 2246 esse
1093 2191 1404 2261 prophetiae.
1446 2188 1825 2256 arbitrantur;
1881 2202 2008 2243 cum

2116 2191 2322 2258 Et?ch
2351 2194 2952 2262 προσκυνηθήσεται.

427 2286 604 2350 aiunt,
645 2279 768 2354 quae
798 2282 1057 2354 deinceps
1079 2282 1509 2354 dispensationis
1543 2281 1598 2336 in
1628 2297 1795 2339 carne
1820 2281 2078 2338 virtutem
2119 2285 2188 2338 ab
2215 2285 2371 2340 initio
2399 2283 2468 2339 ad
2536 2283 2722 2350 tinem,
2795 2285 2961 2340 veluti
3026 2283 3379 2354 compendio.
3447 2280 3692 2350 comple—

429 2390 684 2450 ctuntur,
736 2380 969 2451 gentium
1024 2381 1368 2438 vocationem
1427 2381 1788 2452 signiﬁcare;
1851 2388 2018 2449 utque
2053 2379 2352 2452 designatis
2389 2379 2643 2437 Christus
2670 2381 2936 2451 apostolis
2976 2380 3046 2434 ab
3075 2377 3227 2434 omni
3283 2385 3437 2448 gente
3492 2375 3696 2432 adora-

431 2473 600 2528 θεων.
2883 2471 2892 2480 ’
3359 2465 3380 2482 ⁸

500 2565 700 2636 Legem
747 2564 896 2619 enim
943 2573 1207 2632 veterem,
1257 2572 1465 2634 gentem
1497 2577 1684 2629 unam,
1734 2576 2011 2633 unamque

430 2658 673 2730 linguam
709 2671 1079 2727 congregasse,
1113 2653 1398 2711 Christum
1431 2663 1614 2709 autem
1650 2662 1843 2724 gentes
1886 2655 2011 2708 uni-

426 2764 644 2814 versas,
670 2757 724 2804 et
748 2763 866 2814 eos,
895 2748 989 2818 qui
1033 2747 1102 2804 de
1129 2747 1336 2805 lsraele
1365 2746 1562 2801 saluati
1589 2754 1734 2812 sunt,
1761 2760 1885 2802 cum
1913 2760 2010 2799 au-

427 2839 551 2895 dire
577 2839 685 2894 ista
734 2848 927 2908 gentes
976 2851 1172 2893 omnes
1231 2834 1527 2906 praecipit:
1583 2833 1786 2903 quibus
1843 2833 2007 2888 etiam

427 2927 657 2999 gloriam
694 2927 865 2996 ipsius
895 2927 1070 2982 uidere
1100 2924 1353 2995 contigit,
1389 2937 1514 2977 cum
1550 2921 1734 2977 divina
1764 2919 2010 2990 Evange-

429 3021 492 3077 lii
519 3020 961 3094 promulgatione
982 3017 1247 3089 aequalem
1270 3019 1406 3086 Iesse
1431 3013 1601 3080 Patri,
1630 3013 2012 3082 mirabilisque

431 3127 600 3183 opera
631 3111 815 3178 edere,
853 3119 910 3166 et
941 3117 1192 3164 mortuos
1220 3107 1277 3163 in
1335 3105 1503 3160 vitam
1551 3118 1814 3160 revocare
1862 3101 2007 3159 didi-

433 3204 676 3268 cissent;
701 3216 812 3256 non
857 3197 1172 3255 Judaeorum
1208 3209 1362 3251 more
1387 3203 1696 3265 quaerentes
1725 3207 1848 3259 cur,
1881 3206 2008 3246 cum

2197 2561 2262 2617 ὐ
2291 2561 2390 2634 μὲν
2440 2561 2550 2634 γὰρ
2610 2560 2845 2626 παλαιὸς
2885 2559 3052 2632 νόμος
3087 2559 3146 2614 ἓν
3181 2559 3382 2625 ἔθνος,
3433 2559 3535 2614 καὶ
3563 2559 3698 2630 μίαν

2115 2655 2404 2726 γλῶσσαν
2423 2655 2800 2724 συνήγαγεν.
2842 2657 2901 2709 '0
2937 2653 2994 2708 δὲ
3042 2652 3276 2724 Χριστὸς
3313 2651 3495 2705 πάντα
3555 2651 3695 2722 μετὰ
3743 2717 3750 2724 ,

2115 2745 2225 2800 τῶν
2239 2743 2551 2799 σωθέντων
2571 2743 2632 2809 ἐξ
2671 2742 2886 2815 Ἰσραὴλ
2909 2740 3086 2810 λέγων
3161 2739 3460 2795 Ἀκούσατε
3487 2738 3695 2793 ταῦττα

2115 2836 2294 2890 πάντα
2313 2835 2384 2890 τὰ
2404 2836 2554 2906 ἔθνη.
2577 2835 2641 2890 02
2671 2837 2764 2888 καί
2789 2833 3098 2890 notarem
3123 2832 3241 2906 τὴν
3266 2831 3462 2896 δόξαν
3481 2830 3692 2896 αὑτοῦ,

2121 2926 2382 2996 μαθόντες
2405 2925 2494 2981 διὰ
2518 2925 2613 2982 τοῦ
2641 2926 2787 2980 θείου
2824 2925 3205 2998 κηρύγματος,
3231 2925 3309 2990 ὡς
3329 2925 3448 2987 ίσος
3475 2923 3597 2978 ἐστὶ
3615 2924 3696 2994 τῷ

2118 3015 2344 3088 Πατέρι,
2380 3017 2786 3090 θαυματουργεῖ
2799 3034 2861 3071 τε
2899 3017 3064 3089 μέχρι
3100 3018 3197 3071 καὶ
3221 3016 3436 3088 νεκρῶν
3457 3015 3699 3071 ἀναστάο

2119 3123 2276 3170 σεως,
2311 3108 2407 3162 καὶ
2441 3109 2518 3180 μὴ
2541 3109 2680 3163 κατὰ
2703 3109 2831 3170 τοὺς
2857 3108 3148 3172 Ἰουδαίους
3167 3107 3419 3171 εἰπόντες
3441 3122 3458 3136 ·
3495 3123 3518 3159 ι
3541 3107 3696 3161 Διατί

2121 3195 2186 3248 σὺ
2213 3196 2310 3250 ἄνθ
2319 3214 2504 3269 ρωπος
2519 3197 2618 3265 ὢν,
2641 3201 2818 3262 ποιεῖς
2833 3197 3061 3254 σεαυτὸν
3073 3198 3240 3264 Θεόν;
3265 3215 3284 3249 ι
3316 3195 3626 3266 συμφώνως
3637 3195 3698 3250 δὲ

430 3295 602 3348 homo
630 3299 799 3360 esset,
830 3291 1004 3345 Deum
1036 3303 1097 3344 se
1122 3287 1472 3359 proﬁteretur
1499 3285 1548 3319 "
1577 3303 1592 3340 :
1621 3285 1716 3342 sed
1746 3300 1860 3340 uno
1875 3299 2008 3342 con-

2116 3286 2382 3356 λέγοντες·
2401 3308 2421 3342 ι
2445 3290 2518 3343 Σὺ
2535 3287 2627 3344 sit}
2649 3291 2776 3356 Υἰδς
2797 3289 2894 3345 τοῦ
2908 3287 3048 3344 Θεοῦ
3057 3288 3151 3342 τοῦ
3171 3287 3398 3354 ζῶντος.
3411 3306 3434 3340 ι
3455 3288 3586 3358 Ἐφ’
3607 3282 3699 3342 ὧν

431 3401 601 3442 sensu
655 3383 748 3438 Dei
786 3381 1033 3436 'riventis
1085 3394 1210 3434 esse
1267 3377 1466 3433 Filium
1529 3387 1860 3435 asserentes.
1913 3376 2013 3434 Est

431 3489 600 3545 porro
628 3487 786 3540 super
809 3485 898 3524 eos
927 3471 1138 3539 signum
1166 3470 1349 3525 crucis
1383 3469 1708 3525 veneranda:
1733 3470 2009 3539 positum:

433 3563 540 3628 vel,
579 3562 656 3616 uti
686 3559 894 3614 Paulus
933 3559 1050 3613 ait:
1085 3577 1105 3612 ι
1147 3557 1432 3630 Obsignati
1481 3574 1672 3614 sumus
1701 3559 1898 3630 spiritu
1925 3573 2014 3612 re-

430 3650 766 3722 demptionis
799 3649 866 3705 ".
911 3668 929 3702 ι
958 3649 1045 3705 Ea:
1082 3651 1211 3719 ipsis
1234 3665 1458 3705 rursum
1489 3665 1612 3705 cum
1641 3665 1696 3703 se
1724 3649 2013 3702 missurum

431 3743 505 3801 ad
529 3753 708 3815 gentes
733 3741 896 3810 dixit,
923 3744 989 3798 de
1024 3744 1092 3798 iis
1114 3743 1208 3812 qui
1240 3743 1511 3812 petierant
1539 3741 1841 3806 intellexit;
1871 3755 2013 3810 quos

431 3836 596 3891 simul
655 3842 1031 3909 consumptum
1092 3834 1162 3888 iri
1215 3839 1523 3888 monuerat.
1589 3834 1834 3898 Quorum
1891 3846 2015 3900 qua:

430 3929 658 3986 saluata
693 3929 896 3999 fuerint
945 3927 1211 3999 reliquit,
1247 3927 1316 3982 ad
1357 3927 1548 3981 harum
1589 3932 1756 3995 atque
1795 3923 2013 3978 illarum

429 4021 661 4092 gentium
715 4021 1062 4076 vocationem
1113 4017 1454 4084 emittentur,
1505 4023 1558 4070 et
1606 4013 1854 4068 videbunt
1901 4012 2016 4084 glo-

429 4113 570 4166 riam
597 4128 791 4168 meam.
821 4111 985 4166 Juxta
1011 4110 1160 4181 quod
1197 4117 1362 4163 antea
1397 4107 1612 4162 dictum
1635 4101 2016 4168 est",ubiillos

429 4218 556 4259 eum
584 4217 708 4260 esse
743 4203 982 4264 visuros,
1009 4199 1213 4270 quibus
1249 4195 1472 4252 minime
1525 4195 1870 4250 renuntiatus
1889 4200 2015 4259 est;

430 4301 489 4350 et
518 4309 764 4360 rursum,
793 4293 888 4349 ubi
910 4306 972 4348 se
1007 4301 1195 4346 notum
1227 4289 1295 4344 iis
1327 4285 1534 4342 factum
1562 4299 1706 4352 esse,
1750 4298 1779 4338 a
1809 4283 2015 4354 quibus

432 4388 660 4442 minime
691 4385 1184 4456 interrogabatur;
1213 4379 1534 4436 amrmavit.
1635 4375 1740 4443 Qui
1768 4377 1862 4431 ubi
1890 4390 2015 4431 cum

433 4480 594 4545 signo
628 4490 752 4530 meo
798 4471 1229 4537 ambulaverint,
1279 4469 1478 4538 inquit,
1512 4479 1610 4522 eos
1648 4465 1776 4536 ipsi,
1811 4465 1904 4534 qui
1950 4463 2021 4518 de

307 4586 316 4593 ·
433 4566 675 4638 gentibus
707 4571 859 4632 sunt,
894 4563 1090 4633 fratres
1123 4559 1379 4622 eﬂicient,
1415 4565 1472 4613 et
1510 4553 1706 4610 donum
1752 4554 2016 4610 adducent

2111 3377 2208 3430 καὶ
2233 3378 2471 3432 τέθειται
2499 3381 2756 3449 σημεῖον
2802 3379 2898 3434 τοῦ
2929 3381 3114 3450 τιμίου
3145 3378 3420 3449 σταυροῦ·
3470 3379 3506 3450 ἢ
3552 3378 3696 3431 κατὰ

2113 3467 2323 3523 Παῦλον
2371 3471 2592 3525 εἰπόντα
2616 3485 2631 3500 °
2695 3490 2718 3524 ι
2762 3469 3248 3542 Ἐσφραγίσθημεν
3293 3469 3376 3540 τῷ
3423 3469 3692 3537 πνεύματι

2111 3559 2209 3629 τῆς
2225 3558 2668 3630 ἀπολυτρώσεως.
2683 3579 2702 3613 ι
2723 3561 2841 3616 Ἀπ’
2855 3561 3056 3617 αὐτῶν
3073 3562 3148 3627 δὲ,
3167 3564 3356 3632 φησιν,
3372 3558 3696 3616 ἀποστελῶ

2113 3652 2212 3705 ἐπὶ
2243 3651 2316 3706 τὰ
2359 3651 2526 3720 ἔθνη,
2565 3652 2811 3724 δηλονότι
2851 3653 2962 3707 τῶν
3014 3653 3425 3723 ἀπολλυμένων,
3451 3653 3584 3725 περὶ
3619 3647 3696 3707 ὧν

2115 3743 2352 3812 ἐλέγετο·
2387 3743 2511 3796 Ἐπὶ
2537 3743 2600 3796 τὸ
2621 3744 2756 3798 αὐτό
2792 3743 3314 3811 ἀναλωθήσονται.
3346 3744 3439 3808 Ἐξ
3455 3738 3532 3799 ὧν
3563 3744 3692 3799 δια-

2114 3835 2311 3890 σωθὲν
2341 3835 2403 3888 τὸ
2418 3836 2772 3906 κατάλειμμα
2796 3837 2934 3908 πρὸς
2985 3836 3086 3908 τὴν
3133 3836 3256 3891 τῶν
3296 3835 3496 3892 ἐθνῶν
3524 3837 3696 3892 τῶνδε

2116 3925 2212 3978 καὶ
2259 3924 2426 3980 τῶνδε
2480 3925 2674 3997 κλῆσιν
2730 3926 3253 3995 ἀποσταλήσεται,
3299 3927 3398 3982 καὶ
3439 3926 3699 3996 ὄψονται

2110 4031 2230 4084 μου
2259 4015 2376 4084 τὴν
2400 4015 2613 4082 δόξαν,
2647 4017 2790 4072 κατὰ
2815 4017 2877 4071 τὺ
2902 4017 3004 4089 ἢδη
3029 4018 3195 4090 ῥηθέν
3213 4035 3229 4050 ο
3261 4015 3360 4084 οἷς
3390 4021 3492 4075 οὐκ
3521 4025 3699 4091 ἀνηγ-

2116 4106 2270 4177 γέλη,
2295 4109 2424 4178 περὶ
2441 4107 2606 4162 αὐτοῦ
2629 4109 2870 4180 ὅψονταν
2890 4113 2988 4164 καὶ
3011 4110 3194 4166 πάλιψ
3223 4131 3244 4164 ι
3265 4111 3550 4184 Ἐμφανὴς
3573 4114 3697 4181 ἔγε-

2117 4195 2290 4268 νόμην
2319 4199 2433 4261 τοῖς
2481 4197 2582 4268 ἐμὲ
2609 4199 2684 4270 μὴ
2718 4199 3088 4270 ἐπερωτῶσιν.
3123 4219 3143 4252 ι
3177 4201 3242 4254 Οἳ
3287 4202 3430 4270 μετὰ
3465 4201 3565 4256 τοῦ
3597 4221 3698 4272 ση-

2121 4287 2275 4358 μείου
2324 4287 2420 4340 τοῦ
2459 4287 2595 4358 ἐμοῦ
2631 4289 3010 4361 πορευθέντες,
3048 4293 3176 4356 τοὺς
3204 4293 3322 4346 ἀπὸ
3351 4293 3470 4347 τῶν
3505 4293 3703 4350 ἐθνῶν

2118 4375 2415 4446 ἀδελφοὺς
2457 4378 2881 4448 ὰπεργάσονται,
2940 4380 3039 4434 καὶ
3080 4379 3276 4448 δῶρον
3315 4382 3696 4450 προσάξουσι

2119 4465 2200 4532 τῷ
2239 4465 2378 4532 Θεῷ.
2412 4467 2506 4521 Διδ
2529 4471 2626 4522 καὶ
2648 4470 3014 4541 καυχώμενοι,
3040 4471 3216 4542 χαρὰν
3240 4473 3442 4537 αὐτοὺς
3462 4475 3556 4527 καὶ
3585 4475 3699 4528 στέ-

2122 4572 2288 4624 φανον
2323 4556 2674 4625 ὀνομάζουσι.
2727 4557 2802 4610 Τὸ
2833 4557 2891 4611 δὲ
2945 4557 3144 4612 ἄπονον
3197 4558 3301 4628 τῆς
3335 4557 3459 4612 τῶν
3505 4558 3696 4615 ἐθνῶν

431 4624 689 4711 "Domino.
744 4624 862 4719 Quo
894 4624 982 4718 'ﬁt,
1019 4657 1082 4704 ut
1135 4648 1500 4713 exsultantes,
1543 4660 1640 4702 eos
1685 4645 1836 4714 ipsos
1874 4660 2011 4714 gau-

2117 4624 2451 4718 ὲπιστροφῆς
2473 4648 2581 4702 ἀπὸ
2609 4646 2923 4720 μεταφορᾶς
2954 4648 3065 4704 τῶν
3095 4650 3153 4702 ὲν
3194 4624 3449 4720 ὀχημασι·
3475 4649 3695 4719 κομιζο-

433 4748 588 4802 dium
615 4754 672 4802 et
693 4758 952 4799 coronam
978 4741 1265 4798 nominent
1287 4739 1354 4792 '°.
1383 4737 1456 4793 Ut
1479 4747 1661 4792 autem
1697 4737 1817 4791 sine
1853 4735 2011 4806 761

433 4837 625 4892 labore
671 4847 996 4890 conversum
1053 4831 1122 4886 iri
1175 4838 1354 4900 gentes
1409 4828 1715 4894 indicaret;
1777 4827 2014 4895 idipsum

434 4934 654 4998 sumpta
685 4924 754 4980 ab
801 4924 870 4980 iis
909 4923 1252 4992 met'Jphora,
1293 4921 1390 4991 qui
1435 4919 1706 4975 vehiculis
1743 4917 2014 4982 feruntur,

433 5017 862 5082 demonstravit;
907 5025 1168 5084 tanquam
1197 5028 1294 5068 eos
1320 5013 1470 5067 nulla
1531 5027 1638 5066 non
1693 5012 1878 5081 quiete
1931 5011 2016 5066 di-

435 5122 636 5183 gnetur
685 5110 856 5166 Deus.
911 5105 1055 5162 Sunt
1081 5121 1210 5161 vero
1241 5104 1353 5161 Deo
1414 5105 1556 5174 grati
1607 5119 1762 5174 aeque
1809 5102 2012 5164 futuri,

435 5213 604 5272 atque
635 5200 876 5264 uictima,
909 5213 1032 5268 quae
1089 5196 1332 5265 legitime
1380 5209 1490 5249 non
1541 5194 1660 5249 sine
1698 5195 1928 5246 canticis
1961 5202 2018 5246 et

433 5293 661 5350 laudum
693 5289 1102 5363 praedicatione,
1135 5287 1242 5356 ipsi
1293 5285 1543 5340 olfertur.
1587 5283 1743 5348 Quod
1783 5297 1914 5338 vero
1949 5297 2014 5336 ex

505 5405 554 5438 ⁷⁸
599 5404 742 5459 Psal.
791 5419 1065 5468 cxxwm,
1093 5399 1179 5454 16.
1284 5399 1328 5431 "
1351 5395 1542 5451 Matth.
1581 5410 1708 5462 xxv,
1738 5396 1828 5460 5i,
1867 5395 1953 5451 52.

432 5472 484 5512 π
511 5472 746 5542 Philipp.
779 5489 832 5526 ιν
851 5512 868 5538 ,
897 5473 948 5525 1.

2067 5397 2112 5430 ⁷⁸
2134 5395 2292 5452 Joan.
2343 5413 2398 5463 ι,
2436 5398 2525 5454 55.

2117 4737 2294 4808 μένων
2325 4738 2645 4808 παρίστησι,
2683 4739 2862 4807 πάσης
2887 4738 3084 4802 αὐτοὺς
3127 4739 3450 4809 ἀναπαύλης
3475 4738 3692 4804 ἀξιοῦν-

2113 4843 2204 4889 τος
2223 4826 2380 4882 Θεοῦ.
2417 4829 2672 4882 Ἔσονται
2718 4828 2774 4882 δὲ
2801 4830 3192 4901 κεχαρισμένοι
3218 4829 3364 4900 Θεῷ,
3393 4831 3474 4893 ὡς
3517 4831 3695 4886 θυσία

2113 4919 2362 4989 νομίμως
2393 4921 2778 4990 προσαγομένη
2817 4917 2958 4989 μετ’
3005 4921 3170 4992 ᾠδῆς,
3211 4923 3310 4975 καὶ
3365 4922 3690 4992 δοξολογίας.

2127 5009 2242 5062 Ἀπ’
2263 5009 2464 5064 αὐτῶν
2491 5009 2570 5076 δὲ,
2593 5011 2752 5080 φησί,
2783 5010 3054 5080 ,λήψομαι
3097 5009 3273 5081 ἱερεῖς
3297 5010 3397 5064 καὶ
3421 5014 3689 5076 Λευττας,

2117 5100 2212 5152 καὶ
2257 5099 2320 5152 τὸ
2368 5102 2434 5153 ὲκ
2461 5099 2568 5153 τῶν
2606 5101 2922 5154 ἀποστόλων
2949 5114 2976 5142 ι
2997 5142 3010 5165 ,
3044 5102 3141 5154 καὶ
3174 5103 3236 5155 τὸ
3277 5103 3346 5156 ὲκ
3387 5101 3499 5155 τῶν
3524 5100 3693 5154 ἐθνῶν

2117 5190 2498 5260 ἀληθέστερον.
2531 5191 2733 5245 Λοιπὸν
2762 5191 3284 5262 παραδειγματικῶς
3375 5192 3442 5246 τδ
3484 5195 3582 5261 τῆς
3609 5190 3691 5242 ἑλ-

2123 5283 2274 5347 πίδος
2290 5283 2398 5337 τῶν
2423 5285 2778 5355 κεκλημένων
2801 5285 3100 5339 ἀσάλευτον
3114 5284 3405 5339 δείκνυσιν.
3427 5281 3693 5352 οὐρανοῦ

2631 5397 2896 5468 "Ephcs.
2935 5413 2988 5453 tv
3012 5437 3029 5463 ,
3077 5398 3164 5454 50.
3274 5398 3319 5430 ⁷⁷
3354 5398 3462 5454 lsa.
3491 5413 3602 5466 ιιι,
3637 5399 3686 5455 δ.

1759 5551 1995 5608 VARUS
2038 5555 2210 5611 LECT
2217 5557 2329 5610 lON
2339 5556 2440 5612 ES.

520 5657 546 5686 “
578 5653 790 5716 ηπ,καί
813 5652 908 5716 ὡς.
985 5663 1012 5693 ν
1039 5657 1110 5706 .l.
1159 5650 1244 5705 ἵσ.
1271 5648 1522 5720 Χριστός.
1602 5656 1627 5685 ³
1656 5649 1740 5702 lo.
1775 5649 2017 5718 σπέρμα.
