4000 6314
130 277 271 342 2718

1279 258 1813 322 COMMENTARII
1852 258 1931 317 ΙΝ
1974 256 2255 316 ISAIAM.

3251 243 3398 313 2715

132 389 246 456 γὰρ
271 383 370 439 καί
394 383 508 454 τῆς
532 382 566 437 ὁ
585 377 1023 448 ἀνακαινισμός
1048 377 1218 448 πέρας
1249 377 1348 446 οὐχ
1370 375 1504 441 ἕξει.
1539 374 1726 437 Οὕτως

1850 376 1893 427 is
1927 383 2260 442 sumpturum
2293 387 2347 424 se
2377 369 2671 422 sacerdotes
2728 376 2778 420 et
2814 366 2997 421 levitas
3032 365 3141 432 ait;
3193 365 3261 420 de
3307 381 3400 422 sc-

131 479 290 533 εσται
313 478 383 532 τὰ
407 478 532 532 καθ’
554 478 726 546 ἡμᾶς.
759 471 1182 542 Ἀμεταμέλητα
1207 469 1318 540 γὰρ
1345 469 1414 522 τὰ
1440 468 1715 538 χαρίσμα-

129 585 202 622 τα
235 574 373 640 καὶὴ
403 567 598 637 κλῆσις
626 565 721 618 τοῦ
774 562 934 616 Θεοῦ.
957 562 1048 627 ,Τὸ
1084 561 1307 630 συνεχὲς
1359 559 1417 612 δὲ
1446 559 1544 629 τῆς
1573 559 1720 610 εὐσε-

132 658 264 720 ϐοῦς
294 657 549 728 λατρείας
569 655 658 708 διὰ
686 654 795 708 τῶν
817 656 874 706 ἐν
909 651 1062 722 νόμῳ
1087 651 1388 721 παρίστησι
1415 647 1683 701 τυπικῶν.

1827 465 1975 518 mine
2003 463 2399 533 apostolorum,
2444 469 2499 513 et
2525 459 2771 528 gentium
2804 458 2992 522 etiam,
3039 455 3186 526 quod
3222 454 3404 533 verius

1829 557 1923 622 sil,
1952 532 2242 610 intellexit.
2280 552 2481 607 Eorum
2518 550 2801 620 deinceps,
2828 549 2922 619 qui
2955 547 3133 604 vocati
3178 532 3404 608 sunt",

1829 648 2220 701 inconcussam
2276 645 2396 712 spei
2437 643 2818 696 fortitudinem
2879 656 3102 694 manere
3158 637 3407 706 exemplo

133 750 432 821 signiﬁcat.
474 747 545 803 Ut
577 753 746 812 enim,
801 747 898 812 ait,
932 745 1047 798 creti
1082 753 1132 798 et
1171 753 1328 797 terra:
1372 741 1643 795 renovatio
1686 740 1849 794 linem
1882 739 2137 793 habitura
2183 752 2290 792 non
2360 743 2484 802 est;
2539 736 2620 791 sic
2667 743 2816 800 sunt,
2853 749 2974 803 qum
3038 748 3069 786 a
3154 749 3239 789 me
3279 747 3411 804 pro-

131 841 536 897 deuntaaterna
579 839 784 894 futura.
837 837 1007 892 Deum
1071 835 1218 890 enim
1291 848 1572 903 nunquam
1650 832 1920 885 donorum
2001 844 2227 885 suorum
2280 828 2696 897 vocationisque
2771 829 3018 896 ptenitet.
3077 826 3157 882 Pii
3213 830 3411 888 deinde

129 930 318 984 cultus
351 927 770 999 perpetuitatem
803 941 898 996 per
921 942 1008 991 ea,
1047 940 1170 995 qua:
1209 932 1338 980 sunt
1367 924 1423 978 in
1450 924 1589 993 lege,
1617 923 1974 979 demonstrat.

202 1025 364 1087 Τινὲς
404 1023 462 1076 δὲ
507 1023 570 1075 τὸ
621 1021 846 1087 ἄξουσι
884 1022 1030 1088 τοὺς
1075 1020 1400 1089 ἀδελφοὺς,
1448 1019 1592 1072 κατὰ
1639 1019 1732 1072 τὸν

131 1113 332 1186 καιρὸν
355 1115 454 1184 τῆς
490 1112 803 1175 συντελείας
838 1112 1002 1182 φασὶν
1031 1112 1125 1164 ἐπὶ
1149 1110 1248 1182 τὴν
1274 1111 1602 1180 ἐπουράνιον
1637 1111 1734 1164 Ἱε-

135 1205 446 1276 ρουσαλὴμ,
486 1204 687 1274 ὅτεπερ
729 1204 788 1258 ἐν
833 1201 1143 1273 ἀγγελικῷ,
1200 1202 1344 1256 κατὰ
1397 1203 1489 1256 τὸν
1519 1201 1730 1268 Ἦλίαν,

132 1295 618 1366 ἁναληφθήσονται
657 1295 890 1367 ἅρματι,
922 1297 1064 1364 φωτὶ
1079 1295 1209 1366 Θείῳ
1240 1295 1730 1365 περιλαμπόμενοι.

133 1388 248 1441 Καὶ
299 1387 460 1458 δῆλον
501 1389 566 1440 ὲκ
611 1387 1024 1457 τῆςΖαχαρίου
1069 1386 1430 1456 προφητείας.
1483 1386 1734 1452 Ἵππους

133 1479 248 1548 γὰρ
283 1478 594 1548 διαγράψας
625 1478 726 1532 καὶ
757 1477 1008 1547 ἅρματα,
1045 1519 1057 1543 ,
1090 1477 1349 1547 δυνάμεις
1375 1478 1531 1541 τινὰς
1561 1479 1732 1546 ἀγγε-

133 1567 300 1631 λικὰς
362 1568 730 1640 συνῃνίττετο.
786 1565 1109 1636 Λαμπηναὶ
1152 1567 1208 1620 δὲ
1236 1567 1505 1635 ’ἡμιόνων
1536 1569 1606 1620 τὰ
1631 1567 1733 1636 τῆς

135 1657 495 1721 ἀναστάσεως
526 1657 852 1727 σημαίνουσι
893 1656 1146 1728 σώματα,
1175 1659 1262 1711 διὰ
1306 1659 1403 1731 τὴν
1443 1662 1502 1712 ὲν
1551 1661 1732 1724 αὐτοῖς

133 1749 530 1818 ὲκλάμπουσαν
574 1746 786 1812 δόξαν.
831 1748 977 1801 Ἀντὶ
1021 1748 1079 1801 δὲ
1117 1749 1235 1816 τοῦ,
1275 1751 1345 1804 ἐν
1386 1751 1735 1820 λαμπηναῖς

1904 1019 2011 1074 Sed
2064 1021 2307 1091 reperias
2365 1018 2682 1082 nonnullos,
2735 1017 2828 1086 qui
2883 1015 3029 1085 quod
3084 1016 3412 1078 adducturos

1836 1111 2031 1180 fratres
2056 1110 2214 1176 dixit,
2243 1111 2362 1180 ipso
2391 1108 2886 1164 consummationis
2918 1116 3165 1176 tempore
3189 1111 3254 1164 ad
3295 1126 3410 1166 ctc-
3467 1171 3474 1176 _

1836 1205 2028 1258 lestem
2083 1200 2386 1257 Jerusalem
2437 1199 2634 1255 referri
2695 1198 2901 1262 velint;
2955 1212 3082 1251 cum
3138 1199 3194 1252 in
3245 1215 3410 1256 curru

1837 1294 2108 1363 angelico,
2145 1300 2204 1346 ut
2236 1292 2405 1356 Elias,
2436 1271 2643 1347 lumine
2689 1289 2877 1345 divino
2927 1289 3198 1358 fulgentes
3245 1307 3414 1348 assu-

1838 1398 2059 1444 mentur
2088 1389 2179 1443 ⁸ος
2219 1391 2366 1458 quod
2419 1388 2539 1458 ipsa
2595 1387 2762 1441 etiam
2816 1384 3096 1439 Zachariae
3129 1385 3413 1455 prophetia

1837 1479 2187 1534 manifestum
2218 1488 2304 1535 est
2345 1480 2416 1533 ⁸⁸.
2448 1479 2584 1533 Cum
2618 1477 2762 1533 enim
2815 1492 2972 1546 equos
3001 1485 3050 1530 et
3105 1493 3293 1530 currus
3323 1476 3416 1531 dc-

1835 1562 2052 1637 scribit,
2080 1573 2314 1629 virtutes
2347 1575 2615 1643 quasdam
2666 1575 2942 1644 angelicas
2985 1575 3190 1630 innuit.
3229 1574 3416 1646 Signi-

1837 1663 2004 1718 ficant
2042 1681 2208 1735 porro
2267 1667 2526 1735 lampena:
2573 1668 2839 1721 mulorum
2889 1682 3120 1739 corpora
3172 1683 3258 1734 ea,
3294 1682 3417 1738 quae

1837 1757 2293 1812 resurrectionem
2337 1758 2532 1828 adepta
2577 1767 2728 1822 sunt,
2784 1767 3010 1830 propter
3068 1761 3407 1814 relucentem

134 1838 409 1909 ἡμιόνων
432 1837 583 1908 μετὰ
613 1837 926 1902 σκιαδὶων,
958 1841 985 1891 ὁ
1012 1839 1332 1910 Σύμμαχος,
1377 1841 1471 1910 ἐφ’
1503 1841 1733 1908 ἵπποις,

1847 1847 1896 1901 in
1931 1847 2012 1902 eis
2043 1847 2294 1918 gloriam.
2353 1849 2458 1904 Sed
2508 1865 2610 1920 pro
2669 1849 2924 1917 lampenis
2977 1849 3243 1902 mulorum
3295 1865 3416 1902 cum

134 1929 240 1984 καί
277 1929 348 1983 ἐν
367 1927 610 1998 ἅρμασι,
641 1929 742 1982 καὶ
772 1929 843 1981 ἐν
865 1930 1128 1996 λεκτίσι,
1161 1931 1260 1983 καὶ
1291 1930 1362 1982 ἐν
1382 1931 1728 1998 καρούκαις,

135 2024 240 2080 καί
276 2024 347 2079 ὲν
370 2025 654 2093 φορείοις,
685 2023 1046 2092 ἑρμήνευσεν,
1081 2021 1149 2073 δι’
1182 2014 1258 2073 ὧν
1294 2020 1622 2090 σωματικῶς
1651 2022 1732 2072 εί-

137 2116 401 2189 ρημένων
440 2115 530 2169 διὰ
569 2117 695 2177 τοὺς
738 2112 1060 2178 ἀκούοντας,
1101 2114 1134 2183 ἠ
1173 2112 1411 2183 δι’ἀέρος
1442 2113 1732 2182 μετάρσιος

136 2211 221 2272 είς
250 2207 516 2279 οὐρανοὺς
537 2205 733 2276 πορεία
756 2203 1102 2275 σημαίνεται,
1125 2202 1266 2256 κατὰ
1288 2202 1370 2268 τὸ,
1408 2222 1426 2254 ι
1449 2202 1732 2272 Ἀρπαγη-

137 2299 352 2371 σόμεθα
369 2303 427 2352 ὲν
451 2297 729 2368 νεφέλαις,
754 2316 774 2349 ι
801 2297 870 2350 τὰ
888 2296 986 2349 νῦν
1016 2295 1250 2366 ῥηθέντα
1279 2293 1576 2365 σαφηνίζον
1603 2297 1734 2365 ὀχή-

140 2411 316 2465 ματα.
351 2392 459 2458 Εἱς
485 2389 602 2458 τὴν
629 2390 811 2459 ἁγίαν
835 2389 892 2442 δὲ
916 2389 1101 2442 πόλιν
1123 2386 1480 2458 κομίζονται,
1506 2389 1636 2459 περὶ
1667 2383 1735 2459 ἦς

137 2503 313 2558 φησιν
337 2501 351 2516 ·
391 2505 410 2540 ι
449 2485 514 2540 Ἠ
545 2485 603 2538 δὲ
650 2485 763 2540 ἄνω
803 2477 1161 2554 Ἰερουσαλὴμ
1211 2481 1475 2552 ἐλευθέρα
1513 2481 1680 2533 ἐστίν.
1711 2500 1730 2532 ι

139 2576 294 2629 Καίο
332 2595 352 2628 s
385 2573 835 2647 Προσεληλύθατε
882 2571 1020 2624 Σιὼν
1071 2571 1212 2640 ὄρει,
1259 2570 1357 2624 καὶ
1393 2569 1547 2623 πόλει
1600 2569 1735 2622 Θεοῦ

141 2669 353 2735 ζῶντος
411 2665 774 2738 Ἰερουσαλὴμ
832 2663 1168 2734 ἐπουρανίῳ.
1231 2681 1251 2716 ι
1319 2661 1468 2714 Ἀντί⁷
1523 2661 1581 2716 δὲ
1639 2661 1736 2714 τοῦ

135 2760 298 2832 μετὰ
332 2758 618 2829 ψαλμῶν,
649 2758 719 2812 ἐν
746 2757 954 2811 σκεύει
981 2753 1217 2823 καθαρῷ
1251 2754 1555 2825 ἐρμήνευσε
1589 2753 1738 2824 Σύμ-

146 2867 350 2924 μαχος.
391 2850 480 2913 Ὠς
508 2849 618 2919 γὰρ
649 2850 699 2902 οῑ
731 2847 919 2912 πάλαι,
949 2846 1103 2916 φησὶ,
1135 2845 1235 2908 τὰς
1275 2845 1502 2915 νομικὰς
1524 2845 1740 2910 θυσίας

143 2944 298 2999 κατὰ
321 2941 489 3012 νόμον
515 2940 610 2992 ἐπὶ
635 2939 737 3008 τῆς
765 2936 1013 3005 ἐπιγείου
1051 2935 1429 3004 προσέφερον
1455 2933 1740 3002 Ἰερουσα-

143 3033 279 3104 λήμ
303 3049 316 3062 °
349 3031 521 3094 οὕτως
544 3032 769 3100 ἥξουσιν
797 3032 997 3084 ἐκεῖνοι
1028 3029 1166 3098 μετὰ
1189 3027 1298 3080 τῶν
1334 3027 1482 3080 ἰδίων
1511 3027 1742 3098 καρπῶν

145 3127 306 3200 δῶρα
326 3125 666 3197 κομίζοντες,
698 3122 845 3194 ἅπερ
869 3121 1101 3183 ἕκαστος
1129 3123 1187 3174 ὲν
1220 3116 1368 3190 ψυχῇ
1399 3117 1743 3188 παρεσκεύα-

149 3237 270 3274 σεν.

1838 1936 2190 2000 umbraculis,
2229 1939 2392 1991 vertit
2425 1937 2814 2008 Symmachus,
2855 1942 2912 1992 in
2939 1940 3108 2008 equis,
3138 1948 3186 1993 et
3217 1939 3270 1992 in
3303 1955 3418 1992 cur-

1839 2027 2005 2093 ribus,
2034 2037 2083 2081 et
2121 2029 2174 2082 iu
2203 2029 2399 2082 lecticis
2426 2039 2474 2082 et
2501 2030 2552 2083 in
2577 2031 2835 2093 carrucis,
2866 2039 2914 2083 et
2945 2030 2996 2082 in
3015 2029 3230 2097 ferculis
3249 2045 3268 2082 :
3291 2029 3416 2099 qui-

1841 2119 1942 2173 bus
1970 2118 2188 2188 quidem
2223 2129 2446 2188 propter
2481 2120 2762 2176 auditores
2793 2121 3154 2190 corporaliter
3183 2133 3420 2188 usurpa-

1841 2209 1932 2271 tis,
1975 2209 2088 2278 ipsa
2128 2207 2384 2263 sublimis
2426 2209 2494 2262 ad
2539 2211 2739 2263 caelum
2785 2225 2882 2280 per
2929 2224 3111 2264 aere-ui
3147 2209 3418 2279 profectio

1839 2298 2249 2354 demonstratur
2280 2318 2294 2353 :
2327 2301 2489 2369 quale
2514 2309 2597 2354 est
2627 2301 2782 2366 illud,
2816 2317 2923 2370 quo
2962 2316 3063 2356 nos
3102 2301 3158 2356 in
3183 2301 3420 2357 nubibus

1842 2388 2135 2458 rapiendos
2172 2405 2291 2444 esse
2339 2391 2571 2460 legimus
2617 2391 2701 2456 ³²,
2745 2391 2838 2446 ubi
2892 2407 3015 2462 quae
3051 2395 3154 2446 hoc
3188 2393 3306 2447 loco
3352 2393 3422 2448 de

1840 2480 2098 2534 curribus
2130 2479 2417 2548 dicuntur,
2449 2490 2636 2551 aperte
2663 2483 3033 2552 explicantur.
3059 2481 3216 2548 Quod
3232 2473 3420 2538 'autcm

1842 2572 1896 2624 in
1924 2583 2166 2626 sanctam
2204 2574 2468 2628 civitatem
2495 2574 2628 2642 ferri
2657 2591 2746 2628 eos
2791 2574 2940 2638 dicit,
2975 2589 3095 2630 eam
3132 2576 3306 2645 ipsam
3337 2577 3422 2631 in-

1844 2665 2057 2732 telligit,
2105 2665 2172 2720 de
2207 2681 2315 2736 qua
2371 2667 2560 2722 isthmc
2613 2675 2774 2721 antea
2838 2668 3161 2736 usurpavit:
3215 2687 3234 2719 ι
3291 2667 3424 2734 Qua:

1845 2764 2026 2810 autem
2066 2772 2287 2813 sursum
2331 2769 2415 2815 est
2443 2758 2782 2825 Jerusalem,
2831 2758 3002 2813 libera
3046 2767 3131 2814 est
3159 2758 3226 2814 ⁸³.
3263 2778 3284 2811 ι
3319 2758 3423 2816 Et:

1850 2867 1869 2900 ι
1909 2849 2163 2905 Accedite
2193 2851 2259 2906 ad
2289 2859 2532 2906 montem
2584 2851 2718 2906 Sion
2770 2860 2825 2906 et
2883 2851 3160 2907 civitatem
3216 2852 3309 2906 Dei
3340 2854 3425 2906 vi-

1848 2942 2045 3007 ventis,
2083 2945 2364 2999 caelestem
2395 2943 2700 3000 Jerusalem
2741 2944 2811 2998 “.
2853 2962 2872 2994 ι
2909 2944 3030 3010 Quo
3059 2944 3257 2999 deinde
3304 2945 3427 2998 loco

1847 3048 1967 3085 cum
1996 3034 2221 3102 psalmis
2255 3035 2544 3102 habemus,
2591 3037 2648 3089 in
2681 3052 2802 3090 vase
2845 3036 3040 3088 mundo
3079 3027 3433 3106 interpretari

1851 3120 2246 3192 Symmachum
2297 3125 2564 3194 reperias.
2620 3124 2692 3181 Ut
2750 3125 2897 3180 enim
2942 3134 3177 3193 veteres,
3227 3126 3427 3196 inquit,

1766 3205 1812 3264 (Σ
1857 3215 2058 3284 legales
2091 3217 2333 3270 victimas
2372 3233 2440 3273 ex
2477 3218 2612 3288 legis
2641 3219 2894 3273 instituto
2921 3218 3082 3290 762
3124 3217 3176 3272 in
3211 3225 3430 3272 terrena

149 3285 798 3385 oﬁ'erebantlerusalem,
841 3307 924 3363 sic
959 3304 1183 3362 venient
1210 3303 1289 3358 illi
1316 3317 1440 3358 cum
1469 3301 1744 3358 fructibus
1784 3305 1904 3360 suis
1968 3305 2113 3362 dona
2163 3306 2424 3375 ferentes,
2471 3285 2595 3381 qua:
2638 3311 2872 3380 quisque
2921 3285 3254 3374 invanima,
3305 3318 3432 3364 tan-

151 3422 322 3479 quam
351 3420 501 3469 vase,
539 3403 888 3474 praeparavit.

228 3498 369 3555 Εἶτά
395 3514 588 3569 φησιν·
615 3497 725 3551 Kal
754 3495 854 3549 ἀπ’
875 3493 1077 3549 αὐτῶν
1097 3491 1369 3560 λήψομαι
1396 3489 1608 3561 (ποίων,
1635 3491 1749 3544 ἀλλ’

153 3593 188 3664 ἢ
213 3592 327 3647 τῶν
358 3589 793 3657 κατειλεγμένων
804 3586 997 3642 ἐθνῶν
1011 3584 1053 3656 ;)
1086 3583 1260 3653 ἱερεῖς
1277 3583 1665 3649 καὶΛευττας.
1687 3585 1751 3637 Εἰ

155 3685 268 3755 γὰρ
307 3681 519 3746 καινὸς
551 3679 811 3748 οὐρανὸς
839 3677 1012 3742 ἔσται,
1057 3677 1156 3730 καί
1194 3675 1272 3745 γῆ
1311 3675 1412 3730 καί
1457 3678 1754 3742 Ἰερουσα-

154 3778 304 3847 λὴμ,
339 3773 635 3828 ἀκόλουθον
666 3766 806 3824 εἶναι
841 3768 941 3822 καὶ
971 3766 1222 3832 καινοὺς
1254 3766 1626 3836 λειτουργούς.
1669 3768 1746 3819 Δι’

154 3871 298 3939 ὅπερ
319 3867 556 3936 ἔφασκεν
575 3881 589 3895 '
623 3883 642 3915 ι
672 3865 747 3916 Οὐ
781 3862 856 3933 μὴ
887 3860 1168 3931 μνησθῶσι
1192 3857 1303 3913 τῶν
1323 3858 1626 3928 προτέρων,
1661 3860 1753 3912 καὶ

154 3963 260 4014 οὐκ
309 3953 858 4028 ἀναϐήσεται-αὑτῶν
897 3954 992 4006 ὲπὶ
1016 3951 1116 4024 τὴν
1141 3948 1389 4020 καρδίαν.
1425 3967 1444 4000 ι
1467 3949 1754 4004 Ἀπίθανον

155 4053 271 4123 γὰρ
337 4050 398 4116 ἐξ
437 4048 710 4102 Ἰουδαίων
757 4046 956 4108 εἰπεῖν,
1009 4043 1111 4112 ήδη
1156 4041 1287 4111 παρ’
1320 4042 1502 4104 αὐτοῖς
1547 4041 1753 4096 τούτων

158 4141 628 4214 προῦφεστώτων.
684 4138 807 4201 Πῶς
849 4137 896 4190 δ’
927 4136 994 4190 ἂν
1038 4135 1108 4200 ἐξ
1168 4135 1374 4204 ἱερέων
1407 4133 1621 4202 ἱερέας,
1657 4133 1755 4188 καὶ

158 4237 228 4289 ἐκ
261 4230 534 4288 Λευιτῶν
566 4228 803 4298 εἰλήφει
835 4227 1107 4292 Λευΐτας,
1141 4225 1323 4294 πάσης
1352 4225 1452 4294 τῆς
1479 4224 1624 4279 Λευῒ
1650 4241 1754 4294 φυ-

158 4331 265 4398 λῆς
315 4325 412 4379 ἐπὶ
437 4325 661 4385 τούτους
683 4319 1040 4392 διῃρημένης,
1067 4315 1162 4380 οὓς
1191 4316 1482 4379 ἀπεικάζει
1519 4315 1756 4382 οὐρανῷ

159 4439 228 4477 τε
272 4417 484 4483 καινῷ,
519 4415 620 4470 καί
653 4413 769 4484 In};
803 4412 934 4482 περὶ
964 4411 1073 4479 γὰρ
1101 4408 1211 4461 τῶν
1245 4408 1478 4476 πρώτων
1518 4407 1753 4479 ἐρρέθη·

167 4535 185 4564 ι
223 4514 285 4566 το
315 4509 564 4581 οὐρανὸς,
602 4507 697 4560 καὶ
727 4507 760 4574 ὴ
802 4507 874 4574 γῆ
913 4501 1330 4573 παρελεύσεται.
1367 4518 1386 4550 ι
1423 4499 1533 4553 Καὶ
1557 4499 1751 4552 πάλιν·

168 4602 565 4670 (Ἐλιγήσεται
593 4605 643 4663 γ,
682 4595 758 4658 ὡς
801 4591 1024 4664 βιϐλίον,
1072 4593 1101 4643 ὁ
1154 4589 1403 4660 οὐρανὸς,
1441 4589 1536 4641 καὶ
1577 4587 1757 4660 φθορᾷ

1925 3500 2190 3570 Sequitur
2224 3503 2444 3565 deinde,
2483 3517 2532 3556 et
2581 3504 2647 3557 ab
2692 3507 2769 3559 eis
2811 3503 2927 3572 (sed
2956 3483 3324 3571 quibuspnisi
3365 3501 3434 3556 ab

1851 3593 2189 3648 enumeratis
2217 3594 2458 3664 gentibus
2492 3596 2554 3666 ?)
2583 3613 2791 3648 sumant
2820 3597 3118 3649 sacerdotes
3152 3604 3201 3648 et
3226 3596 3430 3649 levitas.

1854 3681 1911 3737 Si
1942 3685 2081 3737 enim
2124 3686 2314 3738 caelum
2349 3686 2549 3755 ipsum,
2603 3696 2846 3757 terraque
2880 3695 2929 3739 et
2969 3685 3271 3739 Jerusalem
3301 3703 3435 3740 nova

1853 3773 2037 3828 futura
2072 3787 2220 3841 sunt,
2256 3777 2506 3846 sequitur
2527 3786 2576 3831 et
2605 3794 2763 3831 novos
2787 3778 2949 3832 etiam
2983 3776 3292 3831 habituram
3311 3793 3436 3831 esse

1853 3867 2140 3923 ministros
2174 3883 2187 3920 :
2225 3868 2460 3938 indeque
2489 3877 2596 3934 est,
2647 3869 2790 3938 quod
2845 3869 3087 3937 priorum
3152 3883 3260 3921 non
3312 3882 3435 3921 esse

1852 3957 2264 4022 recordaturos,
2299 3971 2474 4026 neque
2501 3971 2564 4011 ea
2595 3957 2650 4010 in
2689 3971 2788 4011 cor
2827 3956 3068 4025 ipsorum
3101 3971 3398 4010 ascensura
3419 3997 3433 4021 ,

1854 4046 2200 4116 significavit.
2253 4046 2412 4102 Esset
2461 4049 2608 4102 enim
2654 4048 2894 4118 ineptum
2956 4063 3020 4101 ex
3054 4045 3258 4102 Judzeis
3291 4047 3435 4102 sumi

1855 4137 2146 4202 alllrmare,
2184 4137 2277 4207 qui
2303 4138 2423 4193 istis
2451 4135 2772 4207 jamdudum
2797 4136 2939 4206 apud
2965 4151 3062 4192 eos
3093 4135 3432 4205 praefuerint.

1856 4228 1960 4293 Qui
1998 4243 2169 4298 porro
2200 4245 2264 4282 ex
2297 4228 2660 4283 sacerdotibus
2710 4226 3034 4293 sacerdotes,
3064 4243 3129 4281 ea:
3159 4226 3328 4279 (eritis
3359 4226 3437 4280 le-

1857 4323 1979 4374 vita:
2009 4322 2149 4375 sumi
2187 4323 2517 4392 potuissent,
2547 4337 2672 4374 cum
2705 4321 2759 4374 in
2798 4320 2897 4374 hos
2923 4319 3099 4372 divisa
3142 4326 3290 4372 esset
3322 4327 3436 4370 tota

1857 4413 2034 4468 tribus
2065 4413 2294 4479 levitica,
2328 4429 2468 4483 quos
2487 4411 2613 4466 cmlo
2637 4429 2766 4467 novo
2796 4422 2842 4466 et
2877 4420 3030 4464 terra:
3061 4427 3206 4464 novw
3231 4409 3439 4464 similes

1856 4519 1980 4560 esse
2013 4505 2179 4559 dicit?
2208 4505 2284 4560 De
2315 4506 2508 4576 primis
2543 4504 2688 4560 enim
2735 4505 2940 4558 dictum
2988 4510 3115 4556 est:
3165 4520 3181 4551 ι
3223 4500 3435 4554 Caelum

1857 4606 1911 4650 et
1949 4605 2096 4651 terra
2134 4597 2452 4651 transibunt
2492 4596 2559 4649 ⁸⁸.
2605 4615 2624 4648 ι
2673 4594 2738 4647 Ει
2773 4617 2783 4650 :
2821 4614 2840 4647 ι
2895 4592 3258 4663 Corruptione
3311 4607 3437 4645 cor-

163 4695 519 4764 φθαρήσεται
547 4689 582 4759 ἡ
608 4687 700 4757 γῆ.
736 4705 754 4736 ι
787 4683 894 4736 Τοῦ
919 4683 976 4736 δὲ
1005 4680 1292 4752 μέλλοντος
1316 4680 1511 4742 αἰῶνος
1533 4680 1738 4750 ἀπαρχὶ

1860 4694 2146 4757 rumpctur
2181 4699 2325 4742 terra
2347 4687 2414 4743 ⁸⁸.
2455 4706 2473 4738 ›
2509 4683 2578 4739 At
2617 4697 2746 4741 sunt
2777 4686 2946 4740 futuri
2972 4687 3154 4740 szeculi
3184 4685 3439 4754 primitias

165 4763 442 4855 Χριστός·
495 4779 708 4841 ἔπειτα,
749 4778 799 4828 οἱ
847 4773 940 4827 τοῦ
989 4771 1263 4841 Χριστοῦ·
1313 4767 1453 4835 εἶτα,
1504 4773 1738 4838 οὐρανὸς

1863 4778 2119 4833 Christus
2155 4779 2299 4847 ipse;
2335 4787 2519 4846 postea
2551 4793 2696 4842 vero,
2725 4779 2815 4846 qui
2851 4778 3051 4832 Christi
3089 4784 3238 4831 sunt.
3275 4776 3436 4829 Dein-

165 4877 270 4931 καὶ
301 4873 380 4944 τῆ
407 4870 606 4927 καινά.
638 4869 857 4924 Τούτων
889 4865 998 4918 τῶν
1020 4874 1042 4901 ι
1075 4862 1321 4934 οὐρανῶν
1349 4863 1448 4933 τὴν
1477 4863 1738 4932 βασιλείατ

1862 4871 1929 4925 de
1963 4889 1974 4923 :
2007 4869 2208 4923 Caelum
2243 4881 2290 4921 et
2323 4879 2464 4921 terra
2495 4884 2625 4921 nova
2645 4865 2714 4920 ⁸⁷.
2742 4866 2953 4921 Talium
2981 4868 3146 4936 igitur
3175 4881 3437 4934 quorum-

165 4965 340 5020 τινῶν
370 4964 473 5033 ἔφη
510 4957 970 5032 μακαριζομένων
992 4950 1154 5019 εἶναι,
1187 4955 1280 5029 καὶ
1302 4952 1447 5006 ἄλλω
1463 4966 1489 4993 δ
1510 4954 1609 5023 τὴν
1630 4953 1731 5025 κλη

1863 4959 2012 5022 dam,
2043 4959 2136 5026 qui
2172 4957 2315 5010 beati
2341 4957 2621 5021 dicuntur,
2655 4971 2779 5011 esse
2809 4957 2986 5010 innuit
3027 4971 3253 5025 regnum
3282 4954 3440 5008 calo-

172 5056 436 5131 ρονομίαν
464 5054 575 5121 τῆς
611 5051 744 5122 γῆς.
783 5049 905 5101 Τῶν
941 5047 1050 5118 γὰρ
1089 5045 1241 5115 παρὰ
1273 5044 1350 5114 τῷ
1380 5047 1554 5116 Πατρὶ
1582 5047 1738 5116 μονῶ·

1865 5066 1982 5102 rum
2042 5058 2293 5118 (ermque
2347 5048 2484 5102 adeo
2535 5049 2940 5117 possessionem
2989 5048 3058 5101 ⁸⁸.
3105 5047 3240 5099 Cum
3295 5050 3441 5099 enim

167 5152 285 5204 τῶν
337 5149 434 5218 μὲν
477 5146 654 5199 οὐσῶν
695 5141 1017 5202 ἐλαττόνων,
1061 5137 1170 5189 τῶν
1211 5137 1268 5189 δὲ
1305 5139 1650 5206 κρειττόνων,
1693 5142 1738 5208 τῇ

1867 5141 2239 5206 mansionum,
2265 5157 2386 5210 qua:
2412 5140 2553 5209 apud
2577 5139 2796 5193 Patrem
2831 5148 2959 5193 sunt
2981 5138 3026 5171 ‘9
3045 5176 3060 5202 ,
3077 5137 3197 5190 alia:
3221 5136 3444 5206 quidem

169 5243 317 5315 πρὸς
365 5239 598 5310 ἀλλήλας
629 5235 839 5299 δόξουσι
875 5232 1057 5301 σχέσει
1097 5229 1152 5281 αἱ
1189 5228 1286 5297 μὲν
1330 5228 1438 5280 τῶν
1469 5229 1560 5282 ὑπ’
1594 5231 1732 5283 αὐτὰ

1873 5236 2173 5298 minorum,
2205 5233 2325 5286 alia:
2355 5242 2535 5287 autem
2567 5232 3008 5302 praestandorum
3046 5230 3196 5295 sint;
3228 5229 3272 5281 si
3306 5229 3451 5281 inter

247 5381 298 5414 ⁷⁸
331 5378 492 5431 Rom.
521 5392 599 5436 XI,
626 5377 682 5430 5.
785 5375 830 5408 ⁸ο
865 5368 931 5424 ιν
965 5368 1096 5436 Reg.
1132 5382 1190 5439 tl.
1225 5369 1246 5420 l
1283 5382 1438 5439 seqq.
1514 5369 1557 5400 ⁸¹
1595 5369 1737 5422 Zach

1853 5387 1939 5424 τι.
1984 5371 2005 5421 l
2041 5387 2194 5439 seqq.
2286 5369 2332 5400 ⁸²
2361 5369 2377 5422 l
2403 5367 2614 5439 Thess.
2655 5385 2726 5429 iv,
2763 5368 2848 5421 l6.
2901 5437 2910 5439 μ
2952 5365 2997 5397 ⁸³
3031 5363 3319 5439 Galatiae,
3355 5364 3445 5420 26.

174 5459 222 5487 υ
255 5451 427 5505 nem.
463 5463 558 5512 xu,
590 5431 682 5500 ea.
758 5444 805 5479 ιε
831 5442 966 5496 Luc.
999 5431 1109 5503 xii,
1139 5437 1225 5491 5-5.
1303 5431 1583 5491 “terei...
1620 5457 1732 5502 vn,

1847 5484 1848 5488 η
1927 5441 1969 5470 ³⁷
2031 5431 2197 5517 Apoc.
2240 5459 2346 5506 xxi,
2391 5442 2440 5506 1,
2485 5441 2530 5469 ⁸⁸
2569 5437 2758 5492 Matth.
2801 5454 2862 5504 ν,
2896 5437 2914 5490 l
2948 5452 3100 5505 seqq.
3201 5435 3248 5465 ⁸³
3283 5431 3449 5490 Joan‘.

167 5538 297 5587 an,
327 5521 384 5574 2.

1479 5603 1708 5659 V'ARl/E
1752 5599 2153 5657 LECTIONES.

259 5715 284 5752 δ’
315 5720 402 5773 ΥΓο
433 5701 804 5774 ἐλιχθήσεται.
883 5711 904 5737 ι
936 5703 1019 5752 ἱσ.
1047 5717 1326 5755 τοιουτων.
1407 5711 1427 5736 ιι
1458 5713 1546 5766 γρ.
1576 5696 1765 5758 ἄλλως.
