3966 6318
587 233 728 300 2715

1881 233 2238 295 PROCOPII
2270 229 2516 293 GAZIEI

3735 221 3866 288 2716

583 357 647 399 se
680 341 1060 410 conferantur,
1093 343 1211 399 coeli
1257 341 1476 412 quidem
1525 312 1669 412 aliae,
1713 341 1897 398 habita
1929 343 1996 398 ad
2029 343 2160 398 infe-

2264 341 2530 409 οὐράνιοι
2553 339 2602 405 δ,
2642 339 2700 392 αἱ
2729 337 2786 391 δὲ
2819 336 2931 394 τῶν
2963 335 3107 407 ὑπὲρ
3147 335 3318 400 αὐτὰς
3343 331 3446 404 γῆ.
3481 335 3784 404 Διηνεκείς
3811 334 3864 387 ιι

582 433 760 494 riores
803 435 1039 501 ratione,
1069 449 1195 491 esse
1231 435 1600 502 videbuntur;
1647 445 1803 490 terra:
1841 441 2027 490 autem
2060 449 2163 489 cae-

582 533 738 589 terse,
763 526 808 582 si
839 542 964 583 cum
995 527 1086 589 iis,
1137 542 1261 597 quae
1303 528 1616 598 superiores
1647 535 1800 590 sunt,
1836 541 2164 596 comparen—

583 625 694 673 tur.
729 617 1068 684 Quatamen
1095 628 1226 676 sunt
1253 631 1449 675 omnes
1477 621 1754 676 continuae
1781 629 1836 676 et
1867 627 2162 690 perpetuat.

588 706 732 762 Sunt
754 708 899 762 enim
936 709 1297 778 temporaria,
1328 725 1450 780 qua:
1477 710 1530 764 in
1565 710 1851 764 oculorum
1881 715 2162 778 aspectum

583 798 830 864 cadunt;
861 807 1124 870 perpetua
1147 811 1355 868 autem,
1379 815 1503 872 quae
1534 801 1684 857 cerni
1714 807 1828 856 uon‘
1847 807 2078 870 possunt
2095 799 2162 852 ⁸ο.

585 885 742 951 Quod
779 887 824 942 si
855 889 1012 957 signa
1063 897 1194 944 sunt
1225 899 1280 946 et
1319 892 1614 961 imagines,
1663 905 1786 961 quae
1835 890 1952 960 lege
1981 889 2165 944 contim

583 986 806 1042 nentur,
839 979 996 1046 juxta
1048 981 1196 1050 quod
1244 981 1496 1036 umbram
1549 979 1860 1036 futurorum
1893 981 2163 1036 bonorum

585 1070 832 1125 eamdem
868 1071 1070 1126 habere
1099 1071 1238 1126 dixit
1272 1073 1569 1141 Apostolus
1601 1073 1646 1106 ⁹¹
1676 1090 1690 1127 :
1729 1079 2162 1127 consentaneum

584 1169 692 1228 est,
723 1169 784 1216 ut
821 1163 1113 1218 caelestium
1141 1166 1384 1232 nomine,
1421 1171 1476 1220 et
1506 1164 1643 1221 festa
1677 1165 1820 1234 ipsa,
1861 1174 1911 1218 et
1940 1179 2162 1228 menses,

579 1260 634 1304 et
681 1249 922 1306 Sabbata
996 1253 1400 1323 intelligamus,
1455 1257 1524 1310 de
1571 1255 1770 1324 quibus
1833 1268 1943 1309 non
1999 1253 2164 1322 hujus

582 1345 852 1413 temporis
875 1344 1041 1400 fuerit
1079 1358 1269 1402 exacte
1302 1346 1606 1417 disputare.
1634 1345 1862 1413 Verum,
1895 1347 2163 1417 quemad-

581 1433 807 1488 modum
855 1434 1030 1490 Judaei
1085 1431 1287 1492 multas
1325 1438 1567 1508 alioquin
1621 1439 1788 1493 urbes
1839 1439 2162 1504 incolentes,

585 1538 752 1578 unam
792 1525 1114 1580 habitabant
1145 1525 1444 1582 Jerusalem
1483 1529 1664 1583 cultus
1691 1527 1981 1583 sanctitate
2025 1543 2165 1594 prat-

580 1615 828 1687 cipuam,
861 1615 916 1670 in
948 1631 1055 1686 qua
1087 1619 1249 1674 statis
1295 1619 1657 1689 temporibus,
1687 1618 1780 1690 qui
1821 1627 2048 1675 caeteras
2078 1619 2162 1673 in-

2267 433 2462 484 πάσαις
2504 430 2586 484 Τά
2620 429 2728 500 γὰρ
2778 428 3110 498 βλεπόμενα,
3147 428 3501 498 πρόσκαιρα·
3562 424 3647 478 τὰ
3688 423 3746 478 δὲ
3793 423 3860 494 μὴ

2265 524 2602 593 βλεπόμενα,
2627 522 2845 577 αἰώνια.
2875 521 2940 575 Et
2969 521 3029 595 δέ
3053 519 3300 592 σύμῆολα
3325 520 3424 574 καὶ
3446 519 3678 581 εἰκόνες
3703 517 3770 570 τά
3788 534 3869 568 νε-

2267 616 2424 688 μικὰ,
2439 615 2586 670 κατὰ
2613 615 2699 681 τὸ,
2723 633 2743 667 ι
2769 613 2937 667 Σκιάν
2959 613 3068 686 γὰρ
3085 613 3221 684 ἔχων
3245 615 3276 667 ό
3297 613 3465 682 νόμος
3483 611 3602 665 τῶν
3636 610 3858 680 μελλόν-

2261 725 2371 764 των
2400 707 2622 776 ἀγαθῶν
2644 723 2658 737 ’
2698 726 2717 760 ι
2736 705 3031 760 ἀκόλουθον
3081 705 3406 773 οὐρανίους
3435 705 3610 768 νοεῖν,
3643 701 3856 770 ἑορτὰς,

2264 797 2368 852 καὶ
2392 797 2619 866 μῆνας,
2670 795 2779 850 καὶ
2811 794 3104 855 Σάϐϐατα,
3155 795 3298 865 ἅπερ
3327 791 3620 860 ἐξετάζειν
3665 792 3732 845 ού
3767 789 3857 843 τοῦ

2265 889 2536 961 παρόντος
2587 887 2802 958 καιροῦ.
2865 885 3035 958 Πλὴν,
3091 886 3279 956 ὥσπερ
3355 884 3610 939 Ἰουδαῖοι
3677 882 3858 942 πόλεις

2263 979 2442 1052 ᾤκουν
2471 979 2696 1046 πολλὰς,
2729 979 2996 1052 κρείττων
3023 978 3082 1032 δὲ
3114 976 3518 1047 Ἰερουσαλὴμ
3547 978 3583 1047 ή
3605 975 3678 1028 τὸ
3707 974 3856 1042 ἁγία-

2266 1090 2381 1144 σμα
2411 1071 2671 1142 φέρουσα,
2695 1072 2778 1135 εις
2809 1069 2900 1140 ἣν,
2926 1069 3073 1124 κατὰ
3099 1068 3346 1140 καιροὺς,
3373 1069 3425 1120 ot
3451 1067 3558 1130 τὰς
3593 1065 3776 1128 ἄλλας
3801 1065 3866 1116 εξ-

2265 1161 2490 1224 κοῦντες
2509 1162 2794 1232 ἀπήντων,
2819 1159 2918 1230 τὴν
2951 1157 3248 1230 θρησκείαν
3274 1155 3702 1216 ὲπιτελέσοντες
3725 1170 3742 1182 °
3779 1152 3866 1206 οὔ·

2263 1269 2342 1306 τω
2372 1251 2591 1322 νοητέον
2629 1252 2700 1305 ἐν
2737 1249 3022 1318 οὐρανοῖς
3046 1250 3300 1319 ἅγίασμα
3328 1247 3613 1318 ὑπάρχειν
3646 1243 3868 1314 ἐξαίρεε

2263 1361 2376 1412 τον,
2412 1343 2551 1414 πλὴν
2577 1342 2672 1398 τοῦ
2703 1343 3010 1414 ἀρχιερέως
3022 1341 3167 1404 ,Υἱοῦ
3199 1339 3295 1394 τοῦ
3322 1339 3483 1405 Θεοῦ,
3515 1338 3734 1392 ἄϐατον
3765 1337 3870 1390 ὑπ·

2265 1437 2432 1508 άρχον
2487 1437 2600 1499 τοῖς
2653 1435 2858 1498 ἄλλοις,
2901 1427 2948 1502 ᾧ
2996 1435 3142 1505 μόνῳ
3186 1433 3346 1502 θέμις
3395 1433 3465 1501 τῇ
3511 1429 3616 1482 τοῦ
3643 1428 3871 1496 nugs;

2264 1528 2520 1593 πελάζειν
2544 1527 2782 1597 θεότητι,
2809 1525 2900 1589 εἴς’
2922 1543 2982 1578 τε
3007 1525 3237 1589 κόλπους
3259 1541 3274 1555 ·
3299 1525 3409 1578 τῶν
3435 1523 3623 1578 ἀλλων
3655 1523 3869 1590 καιροξ

2262 1617 2623 1686 τεταγμένοις
2651 1615 2870 1686 (οἵτινές
2901 1631 3034 1668 ποτε
3067 1617 3118 1668 oi
3155 1613 3341 1685 καιροὶ
3401 1611 3664 1666 νοοῦνται
3699 1605 3864 1673 οὗτοι,

581 1705 860 1772 colebant,
902 1721 1187 1762 sacrorum
1222 1723 1389 1763 causa
1417 1709 1816 1765 conveniebant
1844 1750 1859 1776 ,
1893 1709 1975 1766 sic
1997 1711 2161 1765 intel-

2265 1710 2360 1764 καὶ
2385 1711 2457 1764 τὰ
2487 1711 2546 1763 ἐν
2577 1713 2644 1781 τῇ
2677 1711 2834 1763 τακεῖ
2857 1719 2909 1773 ο,
2949 1700 3024 1762 ὧν
3049 1724 3138 1772 τις
3180 1706 3466 1778 προφήτης
3503 1709 3566 1760 ἐν
3609 1703 3866 1774 περινοίᾳ

583 1793 860 1864 figendum
887 1804 974 1853 est
1004 1798 1260 1853 eximiam
1292 1799 1350 1852 in
1388 1799 1532 1853 caelis
1560 1801 1741 1856 inesse
1772 1803 1987 1856 caneris
2021 1801 2164 1856 inac-

579 1901 799 1942 cessam
858 1887 954 1943 ﬁlii
1017 1889 1111 1944 Dei
1178 1891 1456 1960 pontificis
1504 1892 1728 1946 maximi
1780 1893 2164 1962 sanctitatem;

581 1983 743 2053 763
773 1984 864 2038 cui
909 1984 1014 2039 soli
1065 1983 1152 2040 fas
1189 1985 1263 2041 sit
1319 1985 1388 2040 ad
1444 1985 1628 2043 Patris
1679 1987 2021 2042 divinitatem
2083 1987 2165 2043 si-

581 2089 826 2144 numque
874 2077 1137 2130 accedere
1182 2094 1196 2130 :
1261 2091 1388 2131 cum
1455 2079 1616 2134 statis
1682 2077 1776 2132 alii
1825 2077 2169 2149 temporibus

581 2161 742 2232 (qua:
803 2163 1024 2234 quidem
1060 2165 1168 2220 ista
1212 2181 1335 2222 esse
1379 2168 1804 2237 intelliguntur,
1839 2175 1895 2224 et
1945 2167 2041 2239 qui
2087 2167 2162 2224 ibi

580 2261 715 2308 sunt
755 2255 912 2320 anni,
959 2256 1028 2311 ad
1061 2271 1204 2328 quos
1255 2257 1524 2327 propheta
1561 2257 1782 2328 quidam
1833 2259 2158 2330 respiciens,

582 2359 758 2402 annos
801 2353 1054 2415 aeternos
1089 2347 1144 2402 in
1177 2349 1444 2402 memoria
1501 2347 1763 2404 habuisse
1791 2362 1849 2404 se
1883 2358 1938 2404 et
1989 2347 2161 2402 medi-

2222 1814 2232 1825 '
2267 1801 2564 1872 γενόμενος
2583 1799 2916 1868 ελεγεοιΚαὶ
2940 1798 3036 1870 ἔτη
3059 1798 3258 1853 αἰώνια
3273 1797 3581 1869 ἐμνήσθην,
3609 1797 3718 1851 καὶ
3739 1797 3865 1866 ἐμε-

2265 1893 2471 1963 λέτησα.
2499 1891 2544 1962 ι)
2561 1891 2943 1947 διαϐαινόντων
2957 1891 3049 1946 ἐπὶ
3065 1891 3168 1962 τὴν
3183 1889 3461 1960 ἐξαίρετον
3474 1886 3862 1962 οὐρανόπολιν.

2268 1985 2336 2054 τῇ
2367 1981 2465 2036 τοῦ
2491 1981 2629 2036 Θεοῦ
2665 1982 2918 2054 βασιλείᾳ
2946 1982 3342 2054 ἀφωρισμένην
3391 1979 3588 2052 μονὴν,
3622 1980 3732 2034 καὶ
3761 1980 3864 2042 τοῖς

2269 2075 2351 2136 είς
2375 2073 2545 2144 ἄκρον
2576 2072 2981 2144 μακαριότητος
3009 2073 3259 2143 ἥκουσιν,
3295 2066 3366 2142 ἦς
3397 2071 3461 2124 οὐ
3495 2070 3862 2141 στερήσονται

2267 2163 2390 2218 οὐδὲ
2407 2165 2458 2217 οἱ
2481 2162 2908 2232 ὑποϐεὖηκότες,
2941 2162 3086 2217 κατά
3107 2161 3168 2216 δὲ
3192 2161 3482 2232 περιόδους
3513 2159 3676 2222 τινὰς
3695 2158 3758 2210 ιν
3785 2159 3862 2210 οὐ·

2283 2255 2488 2328 ρανίοις
2508 2256 2724 2326 ἑορταῖς
2742 2253 3151 2324 ἀφικνούμενοι,
3204 2251 3391 2307 ἐνθέου
3413 2267 3474 2306 τε
3497 2252 3602 2306 κώ
3621 2251 3858 2322 ἀλήπτου

2267 2345 2415 2408 τινος
2465 2343 2816 2416 εὐφροσύνης
2849 2343 3276 2415 μεταλήψονται,
3325 2343 3594 2414 ἀρρήτων
3641 2339 3862 2409 ἀγαθῶν

583 2444 756 2490 tatum
831 2451 957 2493 esse
1023 2437 1238 2493 diccbat
1289 2436 1377 2511 ")
1437 2437 1504 2494 ad
1555 2437 1814 2494 eximiam
1887 2437 2156 2493 caelorum

2264 2435 2686 2500 ἀπολαύσοντες,
2723 2426 2799 2488 ὧν
2829 2433 3236 2506 ἐμφορηθέντες
3271 2433 3354 2496 είς
3387 2433 3564 2502 μονὰς
3595 2432 3708 2494 τὰς
3735 2434 3858 2485 suo

581 2526 858 2582 civitatem
889 2533 1194 2598 transeant,
1236 2523 1330 2586 Dei
1361 2543 1554 2600 regno,
1587 2535 1640 2584 et
1668 2527 1757 2595 iis,
1787 2527 1883 2598 qui
1908 2527 1976 2582 ad
2007 2542 2158 2584 sum-

2264 2527 2374 2581 τῶν
2417 2527 2803 2596 ἐπανήξουσιν,
2848 2524 3016 2580 ἐκεῖ-ι
3059 2525 3473 2596 Σαϐϐατισμός
3517 2523 3748 2595 ἀληθὴς
3772 2523 3861 2576 καὶ

582 2633 732 2672 ιιιιιιιι
793 2617 1152 2677 beatitudinis
1213 2619 1492 2692 fastigium
1540 2629 1944 2690 pervenerunt,
1994 2618 2162 2674 ascri-

2269 2617 2459 2689 ψυχῶν
2479 2619 2630 2673 ἐστιν
2660 2617 2990 2681 ἀνάπαυσις.

584 2721 730 2782 ptam
764 2715 1146 2784 mensionem;
1193 2731 1303 2788 qua
1339 2724 1520 2771 tamen
1549 2729 1658 2770 non
1693 2715 1728 2770 ii
1772 2715 2156 2785 privabuutur,
2189 2713 2282 2784 qui
2313 2711 2603 2770 inferiores
2651 2712 2879 2777 fuerint,
2944 2710 3044 2768 sed
3100 2711 3344 2782 periodis
3393 2709 3740 2782 quibusdam
3793 2710 3858 2763 ad

583 2805 843 2862 t-mlestes
875 2806 1262 2864 solemnitatcs
1282 2807 1642 2878 appellantes,
1667 2805 1868 2863 divinae
1894 2815 1950 2864 et
1981 2808 2311 2864 immortalis
2347 2807 2637 2878 cujusdam
2665 2807 2889 2872 laetitiae,
2918 2805 3391 2877 ineﬁ'abiliumque
3430 2806 3712 2862 bonorum
3735 2806 3857 2860 fient

581 2895 918 2968 participes:
975 2897 1178 2970 quibus
1213 2911 1338 2952 cum
1385 2896 1686 2954 exsaturati
1720 2895 1948 2964 fuerint,
1979 2898 2048 2954 ad
2077 2913 2206 2956 suas
2256 2900 2361 2972 ipsi
2399 2899 2715 2956 mansiones
2743 2897 3027 2964 redibunt,
3073 2897 3170 2954 ubi
3203 2897 3585 2954 Sabbatisms
3637 2899 3858 2969 ipsaque

562 2985 719 3042 -adeo
745 2988 1053 3043 animarum
1099 2988 1318 3058 requies
1367 3003 1496 3043 vera
1529 2998 1678 3045 sunt.

656 3078 1048 3152 Significantur
1092 3096 1224 3136 vero
1277 3081 1456 3135 carnis
1505 3082 1910 3153 appellatione,
1975 3091 2152 3153 gentes

2328 3083 2488 3154 Σὰρξ
2517 3081 2574 3136 δὲ
2615 3084 2766 3136 πᾶσα
2808 3081 2882 3137 τὰ
2919 3081 3090 3152 ἔθνη,
3142 3081 3286 3137 κατὰ
3333 3082 3398 3137 τὺ
3441 3082 3646 3155 ῥηθέν⁵
3687 3101 3708 3134 ι
3748 3081 3854 3137 Καὶ

581 3169 735 3240 ipsa.
769 3169 942 3237 Quale
974 3181 1060 3226 est
1102 3169 1234 3225 illud
1261 3187 1276 3224 :
1313 3189 1333 3224 ι
1373 3170 1437 3224 Et
1466 3170 1674 3227 videbit
1701 3173 1884 3226 omnis
1917 3185 2046 3226 caro
2076 3186 2166 3226 sa-

581 3264 766 3318 lutare
797 3260 892 3316 Dei
943 3261 1012 3316 ".
1053 3278 1072 3312 ι
1123 3257 1193 3314 Ει
1229 3259 1363 3316 illud
1403 3278 1418 3316 :
1461 3278 1482 3312 ι
1526 3260 1816 3316 Effundam
1856 3261 1924 3318 de
1967 3262 2165 3330 spiritu

589 3366 707 3406 meo
745 3364 913 3420 super
937 3363 1157 3404 omnem
1193 3362 1438 3415 carnem,
1492 3358 1548 3404 et
1597 3350 2000 3420 praphetabunt
2029 3351 2098 3406 ο).
2137 3369 2156 3402 ι

585 3437 679 3498 Sic
703 3449 888 3496 autem
927 3440 1196 3512 loquitur.
1249 3457 1318 3496 ne
1349 3442 1418 3497 de
1467 3456 1530 3497 se
1582 3441 1688 3498 ista
1737 3457 1860 3498 eum
1895 3457 2166 3514 usurpare

592 3537 784 3601 putent
810 3527 1006 3586 Judaei.
1044 3531 1164 3598 Quo
1211 3533 1290 3596 fit,
1336 3539 1397 3587 ut
1427 3532 1496 3588 de
1527 3534 1674 3588 omni
1724 3535 2036 3589 mortalium
2070 3550 2165 3606 ge-

587 3634 723 3675 nere
761 3621 1034 3692 intelligat
1061 3641 1076 3676 :
1109 3638 1248 3692 quos
1274 3623 1496 3693 quidem
1526 3633 1770 3680 venturos
1793 3640 1918 3681 esse
1949 3625 2160 3697 signifi-

585 3715 698 3763 cat.
735 3707 876 3763 Sunt
900 3725 1030 3766 vero
1057 3709 1358 3766 Jerusalem
1389 3712 1537 3769 illius
1576 3713 1744 3778 cives,
1777 3715 1950 3768 multa
1988 3713 2162 3768 millia

586 3799 791 3870 (inquit
814 3802 1117 3872 Apostolus
1163 3802 1246 3874 ”)
1281 3805 1626 3874 angelorum,
1673 3804 1916 3862 Ecclesia
1953 3805 2164 3876 primo-

584 3891 921 3961 genitorum.
955 3893 1034 3947 lbi
1059 3903 1222 3948 erunt
1247 3895 1300 3949 in
1349 3905 1694 3966 perpetuum,
1724 3897 1816 3966 qui
1849 3895 1962 3950 Deo
1995 3895 2161 3950 mini-

586 3988 848 4048 strantes,
877 3982 982 4038 sub
1019 3983 1276 4053 pontifice
1322 3986 1564 4040 maximo
1621 3971 1838 4056 degerit.
1895 3987 2160 4043 Videbunt

587 4086 756 4142 porro
783 4087 980 4129 omnes
996 4073 1292 4142 impiorum
1318 4076 1628 4141 interitum,
1652 4077 1839 4132 animo
1863 4079 2157 4149 agitantes,

585 4163 810 4232 quantis
861 4165 938 4218 illi
980 4165 1138 4222 bonis
1181 4167 1380 4236 privati
1435 4169 1568 4226 sint.
1605 4167 1831 4233 Verum,
1881 4185 1990 4238 quo
2039 4171 2161 4226 loco

585 4257 825 4311 membra
855 4256 1030 4324 dixit,
1077 4268 1314 4312 extrema
1360 4257 1724 4329 Symmachus
1773 4260 2162 4329 interpretatus

583 4357 687 4404 est.
713 4347 822 4404 Sed
847 4365 1084 4420 quorum
1101 4351 1360 4413 membra,
1389 4351 1435 4406 si
1468 4367 1578 4406 non
1605 4366 1819 4418 eorum,
1850 4351 2156 4416 intellexit,

2267 3175 2458 3246 ὅψεται
2480 3176 2631 3228 πᾶσα
2661 3173 2800 3244 σὰρξ
2818 3173 2881 3228 τὺ
2908 3175 3174 3246 σωτήριον
3197 3173 3292 3227 τοῦ
3319 3174 3477 3228 Θεοῦ.
3505 3193 3527 3227 ›
3565 3174 3679 3228 Καὶ
3701 3174 3850 3227 ἄλλα·

2265 3267 2364 3340 χοῦ
2383 3285 2397 3299 ο
2438 3286 2459 3320 ι
2497 3265 2704 3337 Ἐκχεῶ
2733 3265 2844 3320 ἀπὸ
2887 3265 2985 3320 τοῦ
3033 3266 3348 3338 πνεύματός
3393 3284 3498 3336 μου
3533 3267 3632 3320 ἐπὶ
3677 3269 3856 3321 πᾶσαν

2267 3359 2468 3430 σάρκα,
2495 3359 2588 3412 καὶ
2611 3359 3105 3429 προφητεύσουσιν.
3135 3375 3156 3412 ι
3188 3359 3348 3412 Οὕτω
3369 3357 3432 3412 δὲ
3460 3357 3638 3426 λέγει,
3669 3359 3757 3412 ἵνα
3781 3359 3857 3428 μὴ

2265 3449 2396 3519 περὶ
2419 3449 2600 3504 αὐτῶν
2626 3447 2802 3503 ταῦτα
2819 3449 3074 3518 λέγεσθαι
3105 3449 3406 3518 νομίσωσιν
3437 3449 3716 3504 Ἰουδαῖον
3742 3450 3806 3503 δι’
3831 3449 3856 3500 ὃ

2265 3541 2374 3593 πᾶν
2395 3539 2704 3609 ἀνθρώπων
2723 3541 2878 3610 γένος
2896 3539 3068 3612 δηλοῖ.
3098 3540 3236 3594 Ἀλλ’
3261 3532 3413 3594 οὗτοι
3441 3539 3544 3611 μὲν
3569 3539 3850 3608 ἥξουσιν.

2265 3631 2328 3684 Οἱ
2355 3631 2412 3684 δὲ
2437 3631 2536 3698 τῆς
2575 3630 2968 3701 Ἰερουσαλὴμ
2997 3631 3214 3701 ἐκείνης
3245 3631 3464 3686 πολῖταί
3491 3635 3638 3685 εἰσιν
3667 3632 3726 3684 αἱ
3757 3649 3852 3701 μυ·

2264 3718 2470 3790 ριάδις,
2495 3718 2634 3773 κατὰ
2665 3718 2895 3786 Παῦλον,
2934 3719 3206 3789 ἀγγέλων,
3234 3723 3268 3792 ή
3308 3719 3616 3791 Ἐκκλησία
3638 3737 3848 3791 πρωτο-

2261 3811 2459 3866 τόκων.
2504 3811 2652 3864 Ἐκεῖ
2698 3811 2788 3866 διά
2827 3813 3030 3875 παντὸς
3083 3813 3304 3866 ἔσονται
3357 3812 3671 3882 λειτουργοὶ
3721 3812 3850 3866 θεοῦ

2262 3901 2434 3966 ὄντες,
2481 3899 2573 3954 ὑπ’
2607 3901 2856 3973 ἀρχιερεῖ
2886 3901 2966 3971 τῷ
2997 3901 3226 3974 μεγάλῳ
3267 3903 3616 3974 ταττόμενοι.
3647 3903 3851 3965 Πάντες

2261 3991 2320 4044 δὲ
2357 3990 2612 4060 ὄψονται
2660 3990 2770 4044 τῶν
2801 3991 3017 4046 ἀσεϐῶν
3062 3991 3163 4063 τὴν
3205 3993 3511 4058 ἀπώλειαν,
3543 3992 3852 4056 ἐννοοῦντες

2261 4081 2388 4135 οἴων
2425 4080 2646 4150 ἀγαθῶν
2674 4081 3071 4154 ἐστερήθησαν.
3117 4083 3266 4137 ’Δντὶ
3303 4083 3363 4136 δὲ
3404 4082 3530 4148 τοῦ,
3559 4083 3634 4137 τὰ
3667 4083 3846 4149 κῶλα,

2263 4171 2335 4224 τὰ
2373 4171 2603 4241 ἔσχατα
2639 4171 2934 4243 Σύμμαχος
2971 4172 3193 4245 ἔφησεν.
3236 4173 3416 4228 Τίνων
3449 4175 3509 4227 δὲ
3544 4179 3621 4230 τὰ
3653 4175 3846 4240 κῶπας

2262 4263 2393 4334 ἰτερῖ⁹
2448 4257 2523 4317 ὧν
2567 4262 2723 4332 ἔλεγε
2758 4266 2880 4317 κατ’
2918 4263 3125 4336 ἀρχάς·
3163 4283 3182 4316 ι
3213 4265 3380 4330 Υἱοὺς
3411 4266 3714 4339 ἐγέννησα,

2264 4353 2456 4424 ῦψωσα
2481 4369 2496 4385 ⁶
2521 4353 2675 4409 αὐτοὶ
2699 4354 2758 4408 δέ
2795 4371 2863 4426 με
2890 4355 3185 4426 ἠθέτησαν.
3218 4373 3239 4407 ι
3263 4356 3371 4420 Οὒς
3401 4359 3626 4430 μακρὰν
3647 4360 3850 4412 ἑαυτῶν

585 4441 654 4496 de
681 4443 882 4512 quibus
945 4443 1104 4498 initio
1155 4444 1426 4506 scribens.
1484 4445 1627 4499 filios
1691 4459 1751 4500 se
1801 4445 2059 4516 genuisse
2111 4455 2162 4500 ct

2266 4444 2424 4510 ὄντας
2461 4445 2510 4498 οἱ
2557 4447 2632 4500 ἐκ
2661 4445 2772 4514 τῆς
2815 4446 3212 4516 Ἰερουσαλὴμ
3257 4446 3498 4513 ἐξιόντες
3543 4449 3846 4509 θεάσονται.

585 4533 862 4588 exaltasse
889 4533 964 4600 “,
1013 4548 1044 4587 a
1077 4534 1280 4602 quibus
1335 4533 1577 4603 seipsum
1632 4535 1842 4606 despici
1904 4535 2156 4606 contigit,

585 4622 911 4678 affirmavit?
935 4639 1076 4696 quos
1114 4624 1274 4697 longe
1303 4640 1334 4680 a
1372 4640 1433 4681 se
1477 4635 1742 4691 remotos,
1781 4627 1874 4697 qui
1905 4627 1971 4683 de
1999 4626 2160 4682 Jeru-

583 4715 752 4770 salem
782 4716 980 4770 exituri
1034 4725 1184 4782 sunt,
1215 4716 1499 4784 videbunt,
1529 4726 1584 4774 et
1609 4719 1705 4790 qui
1749 4719 1816 4775 ad
1863 4735 1994 4776 suas
2041 4721 2160 4776 sin-

585 4807 699 4878 guli
733 4809 1050 4865 mansiones
1084 4817 1454 4867 revertentur.
1502 4811 1790 4884 Significat
1828 4826 1996 4882 porro
2045 4829 2160 4867 rer-

585 4901 686 4955 nu's
739 4901 1125 4970 appellatione,
1175 4903 1456 4959 assiduam
1511 4917 1724 4968 eorum,
1775 4919 1898 4974 qua:
1957 4903 2161 4974 singuli

585 4991 958 5062 peccavimus,
985 4993 1042 5048 in
1073 4993 1390 5064 paenitendo
1429 4994 1862 5061 conscientiam;
1893 5009 2014 5064 qua
2038 5001 2164 5048 tau-

583 5093 766 5140 torum
825 5085 1096 5142 bonorum
1131 5088 1441 5158 privatione
1512 5089 1758 5143 animam
1812 5087 2159 5152 remordens,

584 5191 812 5232 suorum
869 5194 1062 5236 omnes
1135 5181 1406 5237 scelerum
1465 5180 1854 5236 recordatione
1911 5187 2195 5236 accuset."

587 5265 774 5324 Fuerit
801 5267 998 5326 deinde
1029 5272 1165 5342 ignis
1213 5271 1333 5342 ipse
1367 5271 1838 5343 inexstinguibilis,
1875 5272 1969 5341 qui
2015 5285 2161 5326 sent-

655 5383 711 5453 ’9,
739 5381 934 5438 llCor.
964 5399 1038 5450 IV,
1089 5385 1176 5440 l8.
1279 5385 1324 5418 οι
1359 5385 1522 5440 nebr.
1555 5385 1689 5453 3,1,

591 5447 636 5482 ⁸³
671 5452 836 5508 Hebr.
870 5469 968 5518 xu,
1000 5447 1094 5508 22.
1169 5454 1216 5486 ’⁸
1254 5455 1355 5512 Isa.
1391 5471 1446 5518 ι,
1491 5455 1544 5508 2.

1790 5385 1837 5418 ⁸⁸
1869 5383 2010 5440 Psal.
2059 5399 2245 5446 Lxxvt,
2279 5383 2333 5438 6.

2263 4535 2358 4588 καὶ
2389 4535 2483 4590 ἐπὶ
2500 4537 2598 4598 τὰς
2620 4535 2828 4600 οἰκείας
2862 4539 3030 4606 μονάς
3068 4537 3426 4608 ἐπανήξουσι.
3463 4538 3766 4606 Σκώληκα
3797 4541 3844 4592 δέ

2263 4641 2430 4696 φησιν
2460 4627 2820 4698 ἀτελεύτητον
2859 4627 2956 4699 τὴν
2991 4631 3050 4684 ἐν
3101 4631 3180 4702 τῷ
3221 4633 3508 4701 μετανοεῖν
3551 4631 3664 4684 τῶν
3709 4632 3844 4684 ἰδίων

2266 4719 2678 4791 ἁμαρτημάτων
2725 4721 3050 4792 συνείδησιν,
3090 4726 3152 4778 ἐν
3199 4723 3280 4793 τῷ
3325 4722 3591 4777 τοιούτων
3630 4721 3844 4790 ἀγαθῶν

2265 4809 2591 4882 ἐστερῆσθαι
2633 4811 2982 4882 δακνομένων
3013 4814 3106 4868 ἀεὶ
3135 4813 3234 4886 τὴν
3259 4814 3463 4884 ψυχὴν,
3486 4814 3585 4867 καὶ
3613 4829 3844 4883 κατηγο-

2272 4904 2511 4975 ρούντων
2559 4903 2769 4959 ἑαυτῶν
2822 4905 2916 4959 ἐπὶ
2966 4909 3034 4977 τῇ
3079 4907 3340 4980 φθασάσῃ
3387 4907 3584 4976 κακίᾳ.
3627 4904 3758 4972 Πῦρ
3793 4903 3842 4954 δὲ

2267 4995 2594 5061 ἄσϐεστον,
2621 4996 2684 5050 τὸ
2706 4997 2870 5068 ῥηθὲν
2892 4997 2998 5050 ὑπὸ
3016 4997 3112 5051 τοῦ
3135 4999 3409 5070 Σωτῆρος,
3435 4999 3679 5059 αἰώνιον,
3708 4999 3842 5068 ήτοι-

2271 5087 2566 5159 μασμένων
2591 5097 2616 5126 ο
2637 5086 2714 5157 τῷ
2741 5085 2969 5158 διαϐόλῳ
2991 5103 3004 5116 ’
3032 5088 3212 5158 σαρκὶ
3239 5089 3297 5142 δὲ
3321 5091 3414 5154 εὶς
3439 5089 3653 5157 ὅρασιν
3675 5087 3840 5141 ἔσω·-

2267 5196 2362 5234 ται
2409 5181 2476 5250 τῇ
2507 5181 2582 5250 μὴ
2610 5177 2972 5253 κολαζομένη,
3011 5180 3142 5250 περὶ⁵
3183 5176 3252 5252 ἧς
3295 5181 3403 5252 ἔφη
3426 5197 3440 5210 ·
3479 5180 3640 5245 Ἥξει
3683 5178 3838 5234 ,πᾶσα

2267 5271 2425 5338 σὰρξ
2472 5269 2580 5324 τοῦ
2624 5269 3051 5339 προσκυνῆσαι
3087 5269 3350 5326 ἐνώπιόν
3375 5289 3517 5342 μου.
3555 5269 3712 5324 Ἧτδ
3740 5269 3836 5322 τᾶν

2468 5384 2513 5414 ⁸³
2545 5382 2649 5437 lsa.
2683 5397 2776 5447 ut,
2820 5381 2927 5448 l0;
2969 5381 3108 5441 Luc.
3141 5397 3222 5450 tu,
3263 5383 3318 5438 6.
3428 5384 3478 5417 ”
3501 5382 3622 5440 Joel
3651 5399 3725 5448 ιι,
3752 5383 3831 5435 28.

1891 5547 2120 5604 VARUE
2167 5547 2570 5604 LECTIONES.

659 5635 686 5676 ι’
714 5653 802 5706 πρ.
833 5640 1071 5710 οὐρανοί.
1149 5652 1172 5680 ο
1243 5641 1330 5697 ῑσ.
1367 5642 1460 5714 ἔτη
1489 5642 1556 5697 τὰ
1584 5645 1717 5698 ἐκεῖ.
1787 5643 1813 5684 ά
1843 5662 1932 5712 γρ.
1964 5644 2118 5697 ὅπου.

2203 5654 2225 5682 e
2255 5660 2345 5713 γρ,
2376 5643 2800 5714 ἡτοιμασμένον.
