4000 6314
149 278 295 345 2717

1595 303 1999 364 EPISTOL/E.

3269 308 3410 374 2718

143 393 531 466 κολαζομένων
576 397 788 467 ὄψεται
840 401 992 467 τέλος
1032 406 1170 478 αὐτὴ
1198 405 1308 461 τῶν
1341 409 1563 477 ἀγαθῶν
1597 415 1733 466 ἀπο-

1840 415 2092 485 piternus
2117 429 2147 470 a
2175 412 2461 470 Salvatore
2492 425 2844 488 nuncupatus
2874 419 3096 475 diabolo
3117 420 3414 492 praeparari

147 485 416 541 λαύουσα.
448 487 605 550 Τινὲς
650 488 909 546 δὲταῦτα
941 493 1136 562 δηλοῦν
1167 495 1379 564 ἔφασαν
1416 497 1516 562 τὰς
1541 502 1735 554 ἐπενε-

146 575 377 645 χθείσας
417 577 690 644 Ἰουδαίοις
725 583 1013 654 συμφορὰς
1037 585 1141 638 ὑπὸ
1173 587 1271 656 τῆς
1299 587 1587 661 Ῥωμαίων
1619 609 1736 662 χει-

148 669 250 738 ρὸς
285 671 366 732 είς
402 671 616 742 σφαγὴν
639 672 967 744 δεδομένοις.
995 676 1062 729 Οἳ
1098 679 1189 730 καὶ
1217 679 1286 732 ἐν
1314 679 1390 749 τῇ
1419 683 1600 750 σαρκὶ
1637 701 1730 752 γε-

145 763 343 830 γόνασι
379 763 582 832 θεατοὶ,
611 770 707 822 καὶ
747 771 1032 842 μονονουχὶ
1055 772 1210 844 δίκην
1243 774 1604 846 ἀτελεύτητον
1634 779 1737 832 πά-

145 869 398 925 σχουσιν,
433 857 620 912 Ἀλλοι
652 859 710 914 δέ
756 879 941 928 φασιν,
972 863 1049 926 ὼς
1083 864 1172 918 διὰ
1206 867 1460 937 χρηστῶν
1493 869 1589 922 καὶ
1641 887 1735 938 φοι

143 943 331 1017 δερῶν
351 949 380 1000 ό
405 946 537 1011 Θεὸς
560 950 690 1013 τοὺς
732 951 1016 1017 Ἰουδαίους
1043 957 1434 1028 προτρέπεται,
1465 960 1524 1024 ὃς
1549 978 1612 1029 γε
1643 963 1735 1016 καὶ

141 1038 459 1108 παρουσίαν
501 1039 640 1094 ίδίαν
673 1045 1202 1114 κατεπαγγέλλεται.
1257 1049 1321 1102 Ἦ
1364 1051 1422 1104 δὲ
1461 1055 1735 1124 παρουσία

140 1128 211 1180 οὐ
229 1127 352 1180 καθ’
374 1128 471 1182 ἕνα
489 1130 693 1200 τρόπον
719 1135 943 1186 νοεῖται.
973 1153 991 1185 t
1021 1137 1130 1190 Kal
1150 1137 1260 1206 γὰρ
1288 1137 1349 1190 οὐ
1374 1137 1448 1210 μὴ
1473 1139 1733 1210 τελέσητε

137 1214 251 1280 τὰς
281 1216 465 1281 πόλεις
491 1218 586 1272 τοῦ
627 1219 866 1292 Ἰσραὴλ,
899 1221 1004 1287 ἕως
1039 1223 1105 1277 ἂν
1138 1225 1266 1296 ἔλθῃ
1291 1268 1305 1289 ,
1343 1229 1528 1298 φησὶν,
1557 1231 1586 1282 ὁ
1609 1230 1734 1293 Υἱὸς

139 1306 243 1360 τοῦ
271 1306 586 1378 ἀνθρώπου.
617 1327 637 1360 ι
683 1309 863 1381 Ὅπερ
907 1308 1070 1387 εἶπεν.
1089 1313 1150 1366 οὐ
1177 1316 1349 1384 δήπου
1384 1317 1484 1388 τὴν
1525 1317 1734 1382 ἔνδοξον

137 1397 319 1452 αὐτοῦ
348 1400 653 1472 παρουσίαν
683 1401 878 1472 δηλῶν,
909 1403 1010 1475 τὴν
1037 1403 1092 1457 δὲ
1115 1407 1240 1459 κατ’
1264 1407 1547 1478 ἐνέργειαν
1569 1409 1734 1463 αὖτοῦ

137 1489 287 1562 πρὸς
337 1491 536 1556 αὐτοὺς
585 1493 952 1566 ὲπιφοίτησιν,
1001 1495 1078 1558 ὡς
1129 1497 1226 1550 καὶ
1272 1498 1366 1552 νῦν
1407 1499 1508 1571 τὴν
1555 1501 1734 1554 αὐτῶν

1839 501 2042 557 dicitur
2061 503 2128 557 ⁸⁷.
2170 501 2346 557 Erunt
2379 504 2504 558 item
2549 505 2604 558 in
2655 517 2994 575 conspectum
3043 511 3191 564 omni
3229 511 3412 571 carni,

1837 607 1999 660 quam
2033 606 2142 645 non
2177 591 2292 661 ipsa
2322 592 2554 662 attinget
2587 593 2745 655 ultio,
2773 593 2842 648 de
2870 611 2980 663 qua
3031 597 3194 662 dixit,
3232 597 3415 654 Veniet

1839 683 2008 737 omnis
2031 698 2178 747 caro,
2209 680 2374 754 764
2403 691 2460 734 ut
2499 683 2686 738 adoret
2710 700 2891 738 coram
2918 703 2999 740 me
3026 702 3046 740 :
3077 697 3172 742 aut
3201 704 3413 758 eorum,

1837 773 1931 842 qui
1972 773 2293 842 punientur,
2323 775 2486 828 ﬁnem
2520 790 2645 831 esse
2675 777 2914 831 visuram
2949 779 3246 849 significat,
3289 797 3412 837 cum

1837 867 1998 922 bonis
2027 868 2142 938 ipsa
2186 869 2448 937 potiatur.
2494 868 2610 924 Non
2645 871 3070 927 desunttamen
3101 873 3295 943 aliqui,
3321 876 3414 944 qui

1839 953 2018 1008 verbis
2057 955 2198 1017 istis,
2249 963 2508 1025 acceptas
2551 972 2581 1010 a
2627 955 2898 1014 Romanis
2934 960 3170 1027 injurias
3208 961 3419 1030 signiﬁ-

1837 1033 1948 1100 cari
1977 1043 2182 1101 Iudaeis
2217 1046 2576 1110 arbitrentur,
2637 1064 2870 1118 quorum
2906 1066 3068 1105 manu
3121 1062 3252 1107 sunt
3296 1053 3417 1106 neci

1836 1137 2044 1200 traditi,
2069 1137 2160 1206 qui
2191 1153 2409 1192 rursum
2434 1139 2486 1192 in
2519 1155 2677 1193 carne
2716 1142 3050 1210 spectabiles
3075 1143 3276 1209 enecti,
3300 1159 3420 1213 pa:-

1837 1243 1938 1282 nas
1993 1229 2156 1283 etiam
2207 1229 2325 1283 fere
2386 1239 2681 1300 perpetuas
2739 1233 3047 1300 patiuntur.
3125 1233 3230 1287 Alii
3288 1247 3420 1287 vero

1839 1319 2031 1388 Deum,
2083 1329 2344 1391 tanquam
2395 1337 2578 1376 rerum
2624 1323 2842 1376 utilium
2890 1330 2945 1378 et
3002 1325 3418 1378 metuendarum

1835 1408 2345 1476 demonstratione,
2399 1410 2621 1468 .ludaeos
2679 1423 2874 1482 putant
2943 1413 3268 1482 adhortari,
3323 1415 3419 1482 qui

1835 1515 1997 1556 suum
2022 1501 2187 1555 etiam
2215 1501 2508 1556 adventum
2537 1501 2852 1567 denuntiet,
2885 1505 2981 1558 sed
3017 1520 3126 1558 non
3151 1521 3262 1557 uno
3291 1518 3414 1558 eum

135 1581 436 1651 ἐπίσκεψιν
463 1582 808 1655 ὑπεδήλωσεν
831 1586 912 1648 είς
933 1585 1102 1656 ἡμᾶς,
1128 1585 1324 1655 λέγων,
1354 1588 1430 1653 ὡς
1487 1590 1733 1645 ἐπισυν-

1837 1591 2016 1661 ipsutn
2052 1592 2216 1646 modo
2250 1591 2504 1661 intelligi.
2539 1611 2557 1645 t
2581 1591 2699 1647 Non
2737 1594 2907 1657 enim,
2944 1596 3144 1664 inquit,
3167 1595 3421 1648 civitates

135 1670 281 1736 ἄξει
324 1672 524 1737 αὐτοὺς
555 1674 622 1727 ἐκ
662 1674 881 1728 πάντων
912 1673 1032 1728 τῶν
1061 1675 1273 1744 ἐθνῶν,
1313 1680 1394 1741 είς
1437 1678 1472 1733 δι
1503 1680 1733 1735 διασπα-

1837 1682 2001 1738 Israel
2033 1683 2405 1748 confeceritis,
2439 1685 2614 1739 donec
2637 1687 2817 1740 veniat
2843 1684 3012 1742 Filius
3039 1687 3276 1742 hominis
3292 1687 3364 1750 “,
3396 1704 3414 1736 ι

139 1761 339 1833 ρέντσς
370 1763 470 1828 τὰς
491 1764 716 1818 ἐκείνων
745 1765 998 1835 γλώσσας
1027 1765 1316 1839 ἐξέμαθον,
1347 1769 1733 1840 ἀθετησάντων

1837 1774 1983 1844 quod
2010 1782 2096 1830 est
2127 1776 2197 1830 ah
2251 1789 2318 1828 eo
2351 1785 2700 1845 usurpatum,
2749 1792 2858 1830 non
2909 1777 3152 1846 quidem,
3202 1786 3262 1830 ut
3295 1777 3418 1846 glo-

136 1856 200 1911 δὲ
258 1856 443 1911 αὐτῶν
501 1857 739 1928 Χριστὸς
803 1857 876 1913 τὰ
931 1859 1078 1928 ἔθνη
1135 1861 1512 1932 συνήγαγεν.
1571 1863 1733 1934 οἵπερ

1837 1867 2045 1921 riosum
2071 1865 2392 1931 adventum,
2432 1869 2526 1922 sed
2568 1875 2626 1921 ut
2657 1866 2852 1922 ell'ectu
2890 1883 3052 1924 suum
3084 1868 3150 1923 ad
3188 1884 3285 1923 eos
3329 1881 3420 1922 ac-

141 1947 379 2017 ἥεουσι
439 1950 570 2013 τοὺς
633 1950 973 2016 καλέσαντας
1029 1953 1226 2017 αὐτοὺς
1285 1955 1620 2018 ἀποστόλους
1665 1958 1732 2026 τῇ

1839 1970 2058 2013 cessum
2085 1957 2514 2023 demonsuaret,
2547 1965 2606 2011 ut
2644 1967 2698 2014 et
2733 1959 2838 2016 hoc
2887 1958 3007 2013 loco
3041 1973 3200 2013 suam
3234 1959 3290 2011 in
3323 1971 3420 2011 eos

142 2040 345 2110 μνήμῃ
376 2039 654 2110 φέροντες,
689 2041 786 2094 καὶ
813 2040 1054 2112 ζηλωταὶ
1085 2043 1291 2098 τούτων
1316 2048 1612 2116 γινόμενοι.
1634 2039 1733 2100 Ὧν

1841 2047 2265 2118 propensionem
2319 2058 2374 2102 et
2423 2061 2638 2115 curam,
2683 2063 2750 2102 eo
2800 2050 2940 2117 ipso,
2993 2048 3140 2118 quod
3201 2047 3325 2100 illos
3353 2061 3421 2101 ex

137 2129 250 2201 τὴν
281 2131 546 2201 εὐθυμίαν
567 2130 656 2186 διὰ
680 2131 786 2186 τῶν
814 2133 1113 2203 ὀχημάτων
1137 2135 1306 2204 δηλοῖ,
1329 2136 1452 2208 ἥτις
1481 2136 1733 2208 ἐδηλοῦτο

1838 2138 2079 2209 gentibus
2101 2137 2380 2201 omnibus,
2407 2139 2464 2191 in
2517 2153 2656 2207 quas
2681 2137 2917 2206 dispersi
2970 2139 3190 2208 linguas
3229 2150 3419 2190 eorum

142 2220 389 2295 πρώτως
420 2221 509 2276 διὰ
533 2221 630 2276 τοῦ
664 2224 921 2294 εὐνούχου
957 2222 1202 2297 [itemst].

1843 2227 2178 2292 didicerunt,
2207 2236 2646 2298 congregatarum
2672 2242 2732 2282 se
2769 2227 3066 2298 signiﬁcat.
3099 2226 3255 2292 Quod
3295 2242 3419 2281 cum

76 2355 86 2366 .
143 2329 251 2370 eos
307 2317 593 2386 aspernari
640 2316 986 2388 contigisset,
1037 2329 1168 2373 sunt
1203 2334 1232 2372 a
1290 2317 1512 2377 Christo
1553 2331 1731 2392 gentes
1769 2333 2131 2393 congregatur,
2171 2338 2295 2392 qua:
2355 2331 2410 2377 et
2446 2322 2576 2391 ipsa:
2642 2325 2869 2388 venient,
2915 2322 3195 2392 apostolos
3246 2322 3420 2392 ipsos,

146 2424 180 2462 a
217 2407 423 2483 quibus
447 2409 625 2464 vocati
662 2420 828 2478 sunt,
869 2412 926 2466 in
971 2413 1235 2468 memoria
1267 2415 1556 2482 habentes,
1587 2417 1711 2472 illos
1749 2417 2070 2472 imitantes:
2141 2431 2374 2487 quarum
2408 2416 2574 2470 animi
2643 2415 2983 2472 alacritatem
3016 2430 3114 2486 per
3173 2415 3424 2472 vehicula

145 2500 362 2569 innuit,
396 2517 522 2572 qua:
568 2503 724 2574 prius
755 2504 1172 2576 signiﬁcabatur
1212 2523 1310 2577 per
1343 2509 1606 2564 eunuchi.
1650 2546 1666 2563 .
1710 2549 1726 2565 .

224 2657 278 2691 "
307 2655 496 2714 Matth.
531 2673 661 2722 xxv,
698 2658 791 2713 41.
826 2657 874 2692 ⁸⁸
903 2659 1100 2716 Matth.
1154 2679 1212 2726 χ,
1251 2662 1343 2719 23.

187 2847 2219 2883 W

1713 2853 3421 2884 Ἢ

799 3035 1834 3154 ΠΡΟΚΟΠΙΟΥ
1945 3024 2786 3162 ΣΟΦΙΣΤξΟΥ

1306 3232 2278 3374 ΕΠΙΣΤΟΛΑΙ.

473 3565 1207 3694 PROCOPII
1325 3563 1733 3693 SOPH

1837 3563 2154 3692 STfE
2249 3563 3120 3694 EPISTOL/E.

839 3757 1085 3820 (Primum
1128 3759 1278 3808 edita
1320 3763 1435 3807 sunt
1481 3756 1544 3808 ab
1573 3756 1705 3821 Aug.
1751 3755 1898 3818 hinc,
1937 3753 2094 3808 Class.
2148 3759 2349 3806 Auctor.
2403 3762 2438 3807 t.
2493 3757 2578 3818 IV,
2626 3758 2762 3822 202.)

1747 3911 1818 3926 ﬂ

1673 3997 2010 4055 MONITUM.

233 4098 486 4169 Procopii
515 4095 714 4162 ϐπερὶ,
745 4111 906 4166 quem
956 4097 1233 4152 rhetorem
1274 4093 1538 4166 optimum
1572 4095 1696 4150 cod.
1739 4094 1860 4150 160.
1891 4093 2123 4165 appellat
2163 4092 2408 4159 Photius,
2447 4093 2720 4149 luculenta
2757 4103 2936 4149 autem
2969 4095 3216 4150 oratione
3251 4110 3280 4148 a
3333 4095 3435 4148 Fu-

156 4192 340 4250 hricio
368 4191 512 4247 edita
559 4188 856 4261 discipulus
889 4189 1056 4258 ipsius
1081 4187 1369 4244 Choriclus
1394 4185 1714 4254 dilaudavit,
1747 4189 2026 4258 sexaginta
2051 4185 2178 4241 olim
2205 4184 2425 4242 Graecas
2451 4186 2712 4257 epistolas
2731 4187 2897 4243 Aldus
2929 4188 2984 4242 in
3017 4187 3190 4242 lucem
3217 4189 3431 4250 extulit,

158 4300 346 4356 neque
371 4283 553 4354 plures
585 4283 642 4338 in
665 4283 1127 4354 consequentibus
1162 4282 1492 4338 editionibus
1513 4293 1895 4352 apparuerunt.
1926 4281 2140 4350 Reapse
2168 4291 2223 4337 et
2261 4281 2554 4340 Vaticanus
2591 4285 2778 4340 Suecae
2805 4285 3001 4354 reginae
3027 4285 3194 4338 codex
3223 4301 3276 4338 η.
3309 4284 3432 4339 159.

159 4389 523 4452 praenotatos,
553 4379 838 4447 sexaginta
867 4377 990 4434 illas
1021 4379 1087 4433 ad
1116 4379 1375 4434 amussim
1399 4378 1660 4442 continet,
1683 4377 1903 4450 insuper
1925 4379 2146 4436 nullam.
2188 4379 2293 4435 Sed
2321 4392 2449 4435 ecce
2475 4379 2613 4433 alius
2629 4376 2922 4433 Vaticanus
2942 4380 3105 4433 codex
3135 4377 3257 4438 306,
3290 4380 3437 4448 regio

161 4473 468 4544 antiquior,
530 4473 905 4544 bombycinus,
956 4473 1218 4542 majorem
1273 4473 1407 4530 adeo
1441 4473 1618 4528 Gazaai
1645 4471 1894 4544 ProcOpii
1926 4475 2279 4546 epist‘olarum
2317 4489 2602 4529 numerum
2658 4473 2897 4540 exhibet,
2972 4483 3032 4527 ut
3067 4473 3185 4542 plus
3217 4481 3434 4527 centutn

164 4569 410 4625 ineditos
432 4579 556 4622 esse
579 4563 946 4636 cognoverim.
984 4563 1095 4634 Ego
1122 4563 1290 4634 igitur
1321 4579 1427 4619 non
1457 4574 1566 4619 tam
1615 4565 1854 4634 ipsarum
1893 4573 2214 4636 argumento
2247 4565 2570 4630 delectatus,
2599 4564 2742 4634 quod
2775 4565 2828 4618 in
2869 4564 3158 4620 levioribus
3201 4562 3438 4634 plerum-

165 4675 282 4736 que
307 4661 492 4726 rebus,
551 4665 612 4714 ut
665 4657 1004 4713 abundantes
1048 4658 1160 4713 otio
1207 4657 1380 4714 Graeci
1431 4659 1628 4726 solent,
1666 4667 1936 4728 versatur,
1981 4675 2144 4730 quam
2175 4659 2373 4714 eximia
2401 4660 2529 4732 styli
2564 4670 2846 4715 venustate
2873 4669 3086 4730 captus,
3118 4668 3174 4714 et
3203 4659 3439 4717 auctoris

161 4755 341 4812 etiam
367 4751 511 4806 fama
539 4758 594 4806 et
621 4749 946 4820 antiquitate
977 4760 1305 4816 commotus,
1332 4761 1596 4823 quotquot
1633 4762 1788 4808 erant
1819 4751 2128 4822 incognitae,
2166 4751 2464 4820 vulgandas
2497 4752 2709 4821 suscepi
2745 4769 2760 4806 :
2801 4750 3012 4816 Graece,
3042 4751 3286 4821 inquam,
3327 4766 3436 4806 non

163 4846 400 4912 Latine;
431 4845 695 4916 quoniam
731 4843 850 4898 laus
877 4857 1068 4898 earum
1115 4844 1240 4914 styli
1281 4843 1482 4914 potius,
1511 4850 1570 4899 ut
1589 4845 1720 4911 dixi,
1760 4844 1955 4898 merito
1977 4859 2138 4914 quam
2179 4843 2446 4914 gravitate
2481 4845 2722 4897 materiae
2751 4844 2956 4898 nititur.

727 5067 807 5121 A'.
847 5065 1224 5137 tEPONrMu.

1900 5080 1904 5086 '
1966 5096 1971 5101 ι
2397 5063 2438 5116 l.
2477 5058 2884 5116 HIERONYMO
2899 5095 2914 5112 .

253 5161 407 5233 Ἐγὼ
432 5163 533 5234 μὲν
565 5159 724 5232 ᾤμην
760 5176 821 5212 σε
852 5159 944 5212 τὸν
992 5157 1184 5211 Νεῖλον
1228 5157 1395 5210 πάλαι
1441 5157 1733 5229 κατειληφέ

1936 5157 2109 5213 Batus
2141 5155 2394 5226 equidem
2434 5169 2486 5210 te
2518 5155 2584 5208 ad
2613 5153 2794 5208 Nilum
2845 5155 3170 5227 jampridem
3201 5168 3441 5213 commo-

168 5276 266 5314 ναι
288 5271 304 5286 ⁹
336 5255 432 5311 καὶ
463 5253 728 5316 πολλάκις
775 5252 855 5314 εἰς
891 5250 1114 5321 μνήμην
1157 5249 1471 5320 λαμὸάνων,
1506 5251 1666 5302 τοῦτο
1695 5249 1733 5302 δέ

1867 5251 1998 5318 rari,
2023 5248 2222 5318 saepius
2253 5247 2383 5302 mihi
2416 5247 2468 5301 in
2491 5245 2831 5310 memoriam,
2859 5248 3002 5316 quod
3035 5248 3163 5302 mihi
3193 5247 3441 5314 solitum,

165 5352 236 5404 τὸ
251 5343 445 5410 εἰωθὸς
465 5345 610 5416 ἐμοὶ,
629 5343 717 5407 Ὠς
731 5341 1070 5412 εὐδαίμονες,
1086 5339 1293 5410 ελεγον,
1311 5340 1422 5403 τοῖς
1441 5339 1730 5408 Αίγυπτίοι

1865 5339 2189 5397 revocabam
2255 5352 2417 5409 quam
2479 5336 2665 5393 felices
2719 5336 2872 5402 olim,
2935 5339 3077 5407 apud
3133 5337 3439 5410 Egyptios,

167 5443 223 5495 oi
244 5437 462 5502 παῖδες,
484 5436 652 5490 πάλαι
687 5433 788 5504 μὲν
809 5433 902 5486 τὸν
923 5432 1120 5486 Νεῖλον
1145 5431 1362 5501 ἔχοντες
1387 5431 1622 5502 χορηγὸν
1651 5430 1733 5484 τῶε

1863 5431 2016 5502 pueri
2043 5430 2416 5500 loquerentur,
2459 5429 2655 5499 quibus
2678 5427 2836 5482 Nilus
2867 5426 2990 5484 fons
3027 5439 3148 5484 erat
3197 5432 3437 5486 omnium

165 5532 278 5586 ὅσα
307 5527 494 5600 φέρειν
524 5523 664 5582 οἶδεν
690 5527 896 5589 ἐκεῖνος
917 5541 932 5557 ·
956 5525 1075 5580 νυνὶ
1103 5523 1160 5578 δὲ
1187 5522 1280 5576 καὶ
1305 5521 1405 5592 τὴν
1439 5521 1538 5592 σὴν
1555 5523 1733 5592 μοῦσαι

1861 5541 1983 5596 quae
2016 5524 2168 5580 novit
2203 5523 2293 5581 illo
2351 5521 2563 5593 largiri,
2596 5529 2652 5576 et
2686 5533 2849 5588 quam
2901 5534 3048 5575 nunc
3103 5519 3294 5576 felices
3345 5523 3440 5593 qui

169 5619 568 5694 προειληφότες
613 5617 768 5672 οὐδὲν
796 5615 1152 5687 ἀτιμοτέραν
1205 5613 1301 5667 τοῦ
1358 5611 1591 5678 Νείλου,
1625 5631 1733 5686 παρ

1868 5622 1957 5667 tua
1995 5613 2293 5682 gauderent
2318 5627 2472 5668 musa
2495 5624 2616 5680 qua».
2647 5607 2772 5663 Nilo
2805 5621 2910 5662 non
2931 5607 3107 5677 pejor,
3134 5607 3230 5664 sed
3251 5607 3440 5709 (tt-for—

170 5712 306 5785 ιμοὶ
333 5707 390 5766 δὲ
422 5712 582 5783 κριτῇ
621 5709 762 5781 τάχα
796 5708 887 5762 καὶ
917 5707 1107 5778 μείζω.
1149 5708 1210 5760 '0
1253 5705 1352 5775 μὲν
1397 5704 1506 5774 γὰρ
1530 5705 1628 5774 τὴν
1649 5705 1727 5776 χὼ

1840 5718 1964 5760 -san
1985 5718 2072 5760 me
2094 5703 2298 5774 judice,
2339 5703 2528 5761 melior
2551 5712 2634 5760 est
2665 5719 2678 5757 :
2710 5699 2800 5757 ille
2820 5699 2966 5756 enim
2997 5699 3272 5770 regionem
3290 5697 3437 5754 illam
