4000 6314
563 199 704 265 2ῚῙ9
1894 188 2246 254 PROCOPII
2282 189 2528 252 GAZ/EI
3717 178 3864 247 2720

555 289 795 375 irrigans
821 300 1047 358 divitem
1094 297 1226 354 facit
1259 316 1276 364 ;
1305 305 1367 351 tu
1402 311 1552 360 vero,
1587 304 1674 349 tua
1715 295 1898 364 lingua
1965 298 2152 351 adole-
2179 315 2195 360 Α

2292 313 2356 350 αν
2378 294 2545 350 αὐτοῦ
2575 293 2871 364 ὲπιρῥέων,
2902 291 3158 346 πλουτεῖν
3181 290 3480 361 ἐπιτρέπει
3505 307 3518 318 ·
3551 289 3624 342 σὺ
3651 290 3716 344 δὲ
3742 295 3866 349 ταῖς

557 394 832 450 scentium
882 398 1098 446 mentes
1165 401 1410 448 movens,
1485 385 1568 440 eis
1633 386 1698 438 ad
1745 385 2144 454 comparandas

2290 388 2356 440 ὧν
2386 387 2524 439 νέων
2561 385 2761 454 ψυχαῖς
2787 385 2886 454 τὴν
2912 383 3164 452 γλῶτταν
3186 382 3471 452 ἐπαφιεὶς,
3496 381 3596 434 ἐπὶ
3621 381 3720 434 τὸν
3753 383 3864 452 τῆς

559 485 811 542 scientia;
847 483 1064 539 divitias
1108 482 1213 535 dux
1247 479 1415 540 fuisti,
1452 491 1556 532 non
1599 491 1763 532 secus
1796 490 1859 530 ac
1879 476 2005 528 olim
2034 474 2144 545 Py-

2290 481 2560 550 πιστήμης
2593 477 2824 530 πλοῦτον
2876 476 3099 538 ἰθύνεις,
3137 475 3294 528 οὐδὲν
3341 475 3575 528 ἔλαττον
3600 475 3636 545 ἦ
3687 475 3871 529 πάλ-ιι

563 581 822 649 thagoras
876 577 1018 644 apud
1081 572 1202 626 illos
1255 571 1658 638 peregrinatus,
1699 578 1796 621 aut
1840 568 2004 622 etiam
2061 565 2150 619 ille

2290 571 2578 642 [υθαγόρας
2601 571 2786 632 αὐτοῖς
2809 567 3115 639 ἐπιδημῶν,
3151 567 3248 621 καὶ
3283 566 3398 638 μὴν
3417 567 3642 631 ἐκεῖνος
3659 569 3690 620 ὀ
3711 567 3870 622 Ι]λά-

561 670 739 724 Plato.
771 666 898 720 Haec
922 667 1062 734 apud
1094 679 1180 718 me
1214 661 1518 724 volveham,
1545 668 1600 713 tu
1641 673 1903 722 vero,me
1952 656 2148 720 inscio,

2290 678 2380 715 ων.
2409 661 2593 714 Ταῦτα
2644 661 2744 730 μὲν
2797 654 2890 712 οὖν
2926 658 3285 728 ἐλογιζόμην·
3329 659 3396 712 σὺ
3436 659 3498 710 δὲ
3536 658 3605 712 οὐ
3637 662 3870 729 μακρὰν

565 759 716 813 haud
740 755 928 826 procul
946 756 1163 819 aberas,
1213 754 1357 808 sicut
1399 752 1464 804 ab
1510 765 1575 804 eo
1623 748 1808 816 accepi
1865 747 1956 817 qui
2001 757 2150 801 tuam

2297 751 2479 822 πέχων
2527 749 2847 814 ἐλάνθανες,
2876 747 2952 810 ὡς
2985 747 3050 819 δὴ
3080 747 3175 801 καὶ
3206 750 3234 801 ὁ
3263 747 3362 818 τὴν
3389 749 3698 818 επιστολὴν
3738 750 3868 802 Em—

566 845 703 901 mihi
765 845 998 899 reddidit
1038 842 1350 912 epistolam.
1385 840 1622 894 Primum
1657 840 1904 908 quidem,
1952 837 2150 892 obstu-

2290 841 2490 906 οὺς,-τὸ
2515 841 2730 912 πρῶτον
2755 839 3054 911 θαυμάζων
3085 839 3304 910 ἀπάτην
3333 839 3599 910 ἡγούμην
3623 842 3691 892 τὸ
3721 843 3874 910 πρᾶ-

568 937 836 1008 pefactus,
867 951 980 991 rem
1017 935 1202 1006 censui
1228 948 1350 988 esse
1401 947 1595 986 vanam
1641 930 2158 1000 imaginemhneque

2290 948 2396 1003 μα,
2429 933 2524 985 καὶ⁹
2551 934 2653 986 οὐκ
2683 931 2984 1002 ἐπειθόμην
3025 933 3143 994 τοῖς
3175 930 3511 1001 ὀφθαλμοῖς·
3541 931 3628 994 ὡς
3656 932 3722 986 δὲ
3754 935 3872 997 τοῖς

571 1028 708 1082 mels
726 1025 904 1082 oculis
930 1023 1090 1094 ﬁdem
1115 1023 1275 1078 habui
1297 1039 1312 1088 ;
1341 1021 1433 1076 sed
1455 1028 1803 1090 posteaquam
1823 1019 2018 1074 litteris
2034 1033 2158 1089 per-

2290 1023 2735 1096 γγεγραμμένοις
2781 1021 3022 1093 ἐντυχὼν
3070 1021 3333 1092 ἐπείσθην
3379 1023 3456 1094 μὴ
3485 1021 3556 1077 ἂν
3582 1024 3874 1094 ὑπάρχειν

575 1119 757 1183 lectis,
784 1117 986 1171 certior
1009 1114 1083 1169 fui
1105 1113 1283 1168 factus
1315 1111 1516 1166 nullius
1546 1109 1903 1166 alteriusillns
1930 1123 2050 1164 esse
2079 1109 2160 1163 le-

2290 1112 2424 1166 mou
2455 1112 2558 1174 τὰς
2601 1113 2852 1183 χάριτας,
2888 1111 3206 1184 ἦσθηνπῶς
3255 1112 3474 1177 δοκεῖς;
3511 1113 3876 1184 Ἐγγυτέρας

571 1217 1026 1282 pores,quantum
1063 1203 1589 1268 fuerimdelectatus,
1627 1201 1888 1269 cogitas?
1931 1199 2162 1269 Propius

2290 1203 2370 1274 ’ἀρ
2423 1204 2596 1268 αὐτὰς
2645 1203 2772 1274 ἐμοὶ
2820 1203 2920 1266 τὰς
2949 1203 3044 1256 τοῦ
3101 1221 3163 1258 σε
3209 1205 3374 1259 πάλιν
3420 1204 3554 1258 ίδεῖν
3599 1203 3874 1274 ἡγούμην

573 1301 718 1356 enim
749 1300 892 1354 illam
925 1297 1052 1353 mihi
1097 1296 1291 1351 adesSe
1323 1309 1474 1364 spem
1517 1302 1570 1348 te
1615 1293 1811 1347 iterum
1839 1291 2056 1347 videndi
2074 1307 2162 1345 ar-

2290 1291 2489 1355 ,λπίδας
2514 1307 2528 1322 ·
2569 1292 2669 1346 καὶ
2718 1291 3037 1363 συνέχαιρον
3074 1293 3302 1356 εἰκότως
3349 1295 3399 1346 εἰ
3425 1292 3528 1364 τὴν
3574 1295 3872 1362 πατρίδα,

577 1393 810 1448 hitratus
851 1405 994 1446 sum.
1052 1387 1250 1442 Patria:
1294 1399 1508 1454 quoque
1561 1398 1678 1438 sum
1735 1383 2056 1448 collatatus,
2103 1390 2164 1436 ut

2290 1383 2515 1455 ζηλωτὴν
2547 1381 2682 1452 γοῦν
2729 1383 2922 1456 μικρὸν
2971 1383 3256 1454 ἀπέφηνας
3306 1385 3520 1456 χρόνον.
3570 1383 3652 1437 Σὺ
3675 1383 3740 1436 δέ
3781 1403 3876 1455 μοι

579 1497 679 1552 par
734 1491 874 1536 erat.
917 1479 1205 1548 Paulisper
1257 1477 1424 1546 igitur
1457 1486 1509 1530 te
1562 1476 1806 1546 invidum
1859 1473 2164 1544 praebuisti-

2290 1477 2444 1544 ῑοκεῖς
2477 1476 2692 1542 παίζων
2729 1477 2913 1540 αὐτοῖς
2942 1478 3301 1548 κατηγορεῖν·
3337 1477 3421 1530 ὅτι
3464 1475 3570 1546 μὲν
3612 1476 3734 1546 γάρ
3779 1479 3875 1530 τὸν

573 1573 694 1631 Joei
727 1573 905 1642 gratia
938 1571 1070 1625 mihi
1092 1570 1294 1624 videris
1320 1567 1624 1640 criminari,
1647 1567 1790 1636 quod
1841 1580 2035 1634 nempe
2075 1579 2168 1620 suo

2290 1570 2414 1640 ὅπερ
2447 1570 2694 1642 κεφαλῆς
2729 1571 2870 1642 ἀέρα
2900 1563 3014 1623 οἷον
3045 1567 3182 1638 ἔφης
3206 1563 3346 1622 εἶναι
3387 1569 3694 1639 συμϐαίνει
3713 1587 3732 1600 ·
3776 1571 3874 1622 καὶ

583 1681 682 1738 pra
713 1639 1140 1734 eaputimtnittet
1158 1663 1202 1716 is
1231 1676 1328 1716 aer
1357 1639 1574 1730 qualem
1592 1659 1830 1724 dicebas,
1865 1649 2009 1728 quod
2031 1671 2166 1728 quo-

2290 1662 2340 1725 ἱ›ς
2364 1639 2428 1715 τὸ
2461 1661 2607 1732 ὕδωρ
2637 1639 2765 1725 τοὺς
2798 1639 3058 1724 πίνοντας
3099 1662 3178 1723 εἰς
3221 1661 3440 1730 μνήμην
3473 1659 3604 1726 ἄγει
3661 1658 3873 1713 θαλάτ-

577 1775 685 1830 que
721 1773 860 1827 aqua
911 1754 1224 1811 bibentibus
1259 1755 1312 1808 in
1342 1752 1662 1808 memoriam
1715 1764 1868 1805 mare
1919 1755 2162 1814 revocat,

2290 1768 2397 1822 ςης·
2423 1755 2518 1808 καὶ
2544 1752 2709 1824 ἄρτος
2740 1753 2871 1824 ἡμῖν
2889 1754 2956 1807 ἔκ
2976 1750 3172 1823 κριθῆς
3199 1751 3322 1822 είκῆ
3353 1749 3732 1820 μεμιγμένος,
3763 1750 3871 1803 οὐκ

579 1861 634 1906 et
661 1849 804 1920 quod
829 1847 984 1916 panis
1013 1861 1080 1900 ex
1137 1845 1342 1899 hordeo
1390 1843 1546 1897 nobis
1599 1851 1803 1896 temere
1853 1838 2162 1894 miscetur:

2290 1844 2336 1897 iv
2381 1843 2679 1916 ἀρνηθείην
2697 1858 2714 1874 ·
2753 1843 2894 1897 ἀλλὰ
2943 1844 3038 1896 καὶ
3071 1841 3292 1896 ἔλαττον
3338 1838 3738 1912 ὲτραγῲδηταί
3786 1857 3868 1893 σοι

582 1956 687 1994 non
707 1937 990 1992 inﬁciabar
1020 1953 1034 2002 ;
1060 1936 1292 1990 atetiam
1306 1941 1360 1989 et
1383 1949 1412 1987 a
1445 1944 1496 1987 te
1521 1932 1800 1988 remissius
1830 1930 2166 1986 acerbaban-

2290 1931 2447 1986 ταῦτα
2493 1932 2663 2002 φειδοῖ
2691 1933 2790 2002 τῆς
2820 1931 3077 2002 πατρίδος
3096 1947 3111 1964 ·
3145 1930 3259 1984 ἀλλ’
3289 1931 3458 2001 ὅμως,
3504 1924 3550 1982 ὦ
3585 1930 3865 2000 βέλτιστε,

583 2038 674 2082 tur
701 2028 768 2082 ad
817 2028 1004 2096 patriae
1034 2025 1364 2094 parcendum
1393 2039 1412 2088 ;
1451 2021 1528 2074 illi
1563 2030 1762 2082 tamen,
1823 2019 2164 2084 charissime,

2290 2025 2434 2096 (ἀριν
2463 2025 2634 2096 ὲχρῆν
2663 2025 3068 2095 εἰδέναιπαύτῃ
3095 2024 3233 2095 πρὸς
3255 2023 3579 2090 φιλοσοφίαν
3611 2025 3866 2098 denso-.155

585 2117 820 2186 gratiam
859 2127 910 2169 te
943 2113 1230 2183 oportebat
1252 2113 1515 2178 tribuere,
1549 2111 1748 2180 quippe
1775 2126 1896 2180 quae
1947 2111 2013 2165 ad
2045 2111 2168 2180 phi-

2290 2116 2372 2187 ῖὴν
2390 2115 2640 2188 γνώμην,
2673 2117 2822 2182 ὅπως
2841 2115 2904 2170 ἂν
2925 2117 3126 2186 εἰδείης
3149 2117 3281 2169 ποτὲ
3298 2116 3512 2188 τρυφῆς
3540 2118 3864 2186 Αἰγυπτίας

586 2203 888 2270 lnsophiam
931 2201 1002 2254 ita
1060 2209 1207 2252 tuam
1273 2209 1509 2280 mentem
1543 2199 1875 2265 exercuerit,
1931 2208 1989 2253 ut
2011 2198 2170 2255 modo

2290 2208 2552 2279 ὅπερορᾷν
2575 2227 2590 2242 ·
2633 2208 2894 2262 Ὀδυσσέα
2919 2209 2976 2262 δὲ
3023 2209 3115 2260 τὸν
3147 2209 3312 2276 σοφὸν
3366 2208 3532 2278 νῆσον
3597 2211 3862 2263 οἰκοῦντα

587 2293 765 2363 possis
795 2291 1010 2363 Ευριί
1053 2289 1274 2344 delicias
1305 2289 1610 2358 aspernari.
1645 2287 1904 2358 Recogita
1942 2291 2164 2359 sapien-

2290 2295 2482 2367 μικράν
2537 2295 2674 2366 όμοῦ
2727 2297 2824 2350 καὶ
2855 2299 3115 2366 τραχεῖαν
3141 2312 3155 2326 ·
3187 2298 3283 2350 καὶ
3320 2297 3372 2349 τί
3396 2289 3509 2367 γάρ
3542 2297 3738 2370 ᾶλλοῆ
3769 2301 3863 2372 τὴν

587 2394 697 2440 tem
717 2384 959 2454 Ulyssem
987 2395 1208 2452 parvam
1221 2391 1276 2435 et
1295 2378 1854 2450 asperamineoluisse
1890 2380 2124 2435 insulam
2153 2397 2172 2436 :

2290 2383 2503 2455 Ἰθάκην
2513 2385 2634 2439 ἀντὶ
2654 2383 2858 2438 τούτων
2872 2384 3110 2457 ᾑρῆσθαι
3134 2403 3149 2452 ;
3171 2385 3318 2438 Ἀλλ’
3338 2387 3461 2439 οὐδὲ
3477 2388 3860 2461 Σπαρτιάτης,

587 2476 717 2545 quid
769 2475 914 2529 enim
964 2473 1109 2526 aliud
1173 2470 1412 2526 Ithacam
1460 2469 1568 2526 illis
1606 2471 2018 2541 praeposuisse?
2065 2471 2176 2526 Sed

2290 2469 2457 2545 ›ἶμαι,
2486 2474 2585 2546 τὴν
2615 2475 2752 2529 οἶκοι
2780 2474 2990 2528 δίαιταν
3023 2476 3240 2542 ἐννοῶν,
3273 2475 3371 2548 τὴν
3391 2479 3662 2550 Σπάρτην
3695 2483 3864 2553 ἐμέμ-

595 2580 772 2637 neque
824 2563 1125 2634 Spartanus
1153 2563 1464 2632 quisquam,
1497 2571 1556 2616 ut
1574 2575 1676 2632 ego
1703 2561 1918 2630 opinor,
1945 2561 2175 2632 patriam

2290 2566 2439 2636 ίιατο.
2483 2565 2627 2621 Ἀλλ’
2657 2561 2776 2620 οἶδα
2819 2567 2986 2620 πόθεν
3025 2567 3154 2620 ποτὲ
3218 2573 3551 2640 κατηγορεῖν
3585 2573 3858 2644 ἐπήρθης·

593 2655 808 2712 viveudi
841 2655 1106 2708 rationem
1140 2654 1406 2722 cogitans,
1429 2649 1680 2721 Spartam
1712 2662 2000 2723 propterea
2035 2653 2178 2708 vitu-

2290 2658 2508 2730 φιλοχρη
2517 2657 2701 2728 μάτως
2720 2659 2886 2730 ἔχεις,
2915 2653 2960 2713 ὦ
2973 2658 3166 2730 λῷστε·
3185 2657 3308 2714 εἶτα
3333 2661 3509 2733 βραχύ
3539 2679 3593 2714 τι
3611 2664 3709 2718 τοῦ
3726 2664 3862 2736 λήμ-

593 2748 829 2818 peravit.
863 2745 967 2801 Sed
995 2747 1144 2799 unde
1171 2745 1238 2799 ad
1255 2743 1617 2798 accusandum
1648 2743 1765 2797 sine
1795 2742 1964 2798 dubio
1993 2741 2170 2798 fueris

2290 2767 2454 2820 ματος
2474 2751 2738 2816 ἀποστάς,
2771 2751 2896 2816 ’lob,
2929 2750 3033 2816 ἰοὺ,
3059 2751 3208 2822 βοᾷς,
3237 2753 3438 2806 καὶτὸν
3456 2754 3660 2808 Νεῖλον
3679 2755 3866 2810 πολλά-

599 2843 874 2904 inductus,
927 2839 1041 2894 scio
1070 2853 1084 2891 :
1115 2837 1454 2900 divitiarum,
1509 2836 1735 2903 optime,
1771 2850 1832 2890 es
1873 2849 2082 2902 amans,
2125 2843 2183 2890 et

2290 2859 2372 2906 κις
2401 2843 2498 2897 καὶ
2529 2843 2620 2897 τὸν
2645 2842 2855 2896 ἐκεῖθεν
2883 2843 3112 2897 πλοῦτον
3141 2845 3455 2908 ἀνακαλεῖς.
3482 2847 3664 2900 Τοῦτό
3682 2849 3744 2901 σέ
3769 2867 3865 2902 που

595 2929 873 3002 paululum
907 2927 1196 2984 deﬁciente
1226 2924 1412 2991 lucro,
1435 2921 1528 2980 Va:
1565 2925 1580 2979 !
1609 2926 1724 2979 vel
1753 2924 1976 3002 clamas,
2010 2931 2066 2978 et
2097 2922 2182 2978 Ni-

2290 2934 2456 3003 ξένον,
2491 2936 2569 3000 ὡς
2607 2935 2773 2998 αὐτὸς
2805 2935 2963 3006 ἔφης,
2999 2941 3164 3002 ποιεῖ,
3201 2936 3381 2990 καὶτὸ
3414 2937 3577 3008 σῶμα
3611 2939 3710 2993 τοῦ
3737 2941 3865 2994 Χαι-

593 3023 710 3077 lum
744 3021 973 3091 ejusque
1027 3017 1246 3072 divitias
1295 3015 1538 3072 celebras
1568 3032 1590 3070 τ
1620 3015 1674 3070 id
1731 3025 1782 3070 te
1837 3013 2180 3084 peregrinum

2290 3026 2566 3098 ρεφῶντος
2596 3027 2748 3080 οὐδὲν
2789 3027 3131 3100 ἀστειότερον
3172 3027 3340 3098 ἔχειν.
3373 3025 3546 3100 Οἶμαι
3578 3031 3641 3084 δέ
3674 3049 3735 3085 σε
3780 3033 3867 3086 καὶ

598 3113 750 3176 facit,
778 3123 838 3166 ut
868 3109 1008 3166 dicis
1031 3109 1170 3175 ipse,
1193 3117 1249 3162 et
1276 3121 1474 3176 corpus
1504 3107 1907 3176 Chcerephonte
1933 3121 2041 3160 non
2068 3119 2186 3160 me-

601 3204 706 3258 lius
744 3203 1061 3258 hahentem.
1087 3199 1225 3255 Puto
1285 3209 1464 3254 autem
1499 3207 1552 3253 te
1592 3212 1779 3252 amore
1806 3211 2020 3266 quoque
2056 3213 2187 3254 con-

601 3293 748 3364 jugis
774 3293 946 3347 teneri
974 3305 1148 3360 neque
1175 3289 1333 3344 facile
1355 3289 1499 3358 velle
1529 3288 1762 3356 experiri
1810 3303 1971 3358 quam
2031 3303 2187 3346 acer-

600 3387 728 3440 bum
761 3377 862 3438 'sit
917 3381 1269 3438 desiderium.
1297 3380 1367 3434 At
1395 3381 1478 3445 sic,
1500 3394 1562 3434 ea
1583 3382 1855 3445 eveniant,
1889 3381 2190 3450 Aphrodite

601 3476 796 3554 dilecta
831 3475 924 3530 let
950 3473 1096 3538 vale,
1124 3482 1177 3529 et
1210 3474 1416 3527 utinam
1467 3481 1520 3528 te
1566 3471 1715 3527 brevi
1755 3472 2051 3528 liberorum
2089 3486 2188 3542 pa-

605 3579 742 3623 trem
775 3565 1017 3621 salutare
1040 3563 1202 3619 liceat
1231 3565 1246 3618 !

1251 3655 1316 3710 ll.
1349 3651 1629 3710 PYTHIO.

681 3750 737 3806 Si
768 3750 894 3820 quis
927 3763 1011 3804 me
1057 3747 1293 3818 primum
1333 3748 1663 3802 conveniens
1697 3760 1730 3800 a
1771 3760 1858 3802 me
1885 3743 2192 3801 sciscitare-

605 3855 695 3900 tur
725 3853 906 3898 utrum
945 3841 1062 3912 lyra
1089 3841 1160 3895 sit
1198 3839 1330 3894 mihi
1356 3848 1412 3894 et
1437 3839 1504 3894 de
1555 3837 1836 3894 harmonia
1887 3851 2192 3894 sermonem

494 3979 500 3984 .
607 3939 838 3998 faceret,
871 3933 982 3986 cito
1009 3945 1097 3986 res
1124 3944 1346 4000 prorsus
1370 3939 1513 3984 esset
1538 3937 1823 3998 perspecta
1843 3937 1898 3983 et
1921 3942 2044 3982 eum
2073 3941 2196 3984 esse

611 4025 884 4081 musicum
930 4022 1285 4093 intelligerem
1317 4037 1338 4088 ;
1369 4022 1412 4077 si
1459 4031 1643 4076 autem
1672 4021 1738 4076 de
1794 4021 1963 4076 armis
2009 4027 2196 4076 essent

609 4128 919 4180 sermones,
978 4126 1294 4184 pugnasque
1325 4119 1607 4168 enarraret
1653 4119 1712 4166 et.
1761 4109 1892 4166 belli
1940 4110 2196 4167 fortunas

611 4207 987 4263 indesinenter
1057 4211 1406 4268 memoraret,
1465 4216 1574 4256 non
1629 4216 1763 4271 opus
1811 4212 1978 4266 esset,
2027 4203 2194 4257 credo

2283 3118 2389 3187 τῆς
2433 3120 2653 3188 νύμφης
2699 3118 2980 3190 ἐρωτικῶς
3023 3118 3402 3188 περιέχεσθαι,
3436 3119 3534 3173 καὶ
3575 3123 3866 3192 πειρᾶσθαι

2291 3209 2447 3280 μόλις
2492 3211 2668 3264 ὁπόσα
2706 3210 2878 3273 δεινὸς
2919 3209 3105 3273 πόθος.
3141 3209 3306 3264 Ἀλλά
3345 3210 3754 3280 γένοιω.ταῦθ’
3780 3213 3867 3267 οὔ,

2288 3315 2416 3364 τως,
2458 3299 2746 3370 ’Δφροδίτη
2797 3298 2961 3370 φίλη·
3009 3299 3108 3352 καὶ
3149 3298 3396 3370 ἔρρωσο·
3437 3301 3539 3354 καί
3586 3319 3652 3356 σε
3679 3303 3862 3360 θᾶττον

2289 3394 2643 3466 προσείποιμι
2679 3395 2774 3448 καὶ
2799 3394 3004 3450 παίδων
3033 3395 3262 3468 πατέρα.

2922 3659 3000 3714 Β’.
3055 3659 3192 3714 ure

2922 3660 3000 3714 B'.
3055 3660 3212 3714 ΠΥΘΙ

2364 3747 2433 3800 Εἰ
2451 3745 2548 3818 μοί
2563 3765 2648 3812 τις
2679 3749 2994 3819 προσελθὼν
3037 3751 3100 3804 οὐ
3144 3662 3412 3822 πρῒτερον
3448 3751 3613 3806 τοῦτο
3646 3756 3861 3824 ποιήσας

2291 3835 2448 3906 ἠξίου
2480 3837 2770 3906 μανθάνειν
2799 3842 2848 3893 εἰ
2889 3841 3062 3910 λύραν
3101 3843 3303 3912 ἔχοιμι,
3325 3842 3423 3896 καὶ
3448 3843 3584 3914 περὶ
3609 3844 3862 3916 ἁρμονίας

2221 3985 2226 3989 _
2293 3925 2452 3994 λόγον
2481 3927 2678 3994 ἐποίει,
2704 3929 2924 3994 πάντως
2969 3931 3036 3985 ἂν
3059 3931 3310 4002 ᾐσθόμην
3355 3931 3421 3985 τὸ
3469 3935 3729 4004 πρᾶγμα,
3776 3934 3862 3989 καὶ

2293 4016 2376 4069 ὅτι
2425 4020 2684 4087 μουσικὸς
2732 4012 2887 4083 οὗτος
2932 4018 3095 4082 εὐθὺς
3151 4021 3495 4092 ἠπιστάμην.
3532 4022 3599 4075 Εἰ
3640 4023 3700 4076 δὲ
3744 4024 3861 4090 περὶ

2295 4107 2476 4162 ὃπλων
2505 4104 2649 4181 ἦσαν
2679 4109 2732 4164 οἱ
2776 4109 2946 4180 λόγοι,
2995 4112 3092 4164 καὶ
3121 4112 3299 4182 μάχας
3334 4111 3489 4180 ἔλεγε
3511 4113 3610 4165 καὶ
3638 4113 3858 4181 πολέμου

2296 4198 2462 4270 τύχας
2488 4201 2574 4253 ἀεὶ
2593 4199 2852 4270 διηγεῖτο,
2878 4202 2980 4255 οὐκ
3011 4201 3122 4254 ἔδει
3161 4201 3441 4273 δήπουθεν
3468 4202 3593 4273 Θεῷ
3626 4204 3685 4258 δὲ
3713 4206 3858 4271 ἰέναι,

612 4297 780 4352 Deum
814 4295 966 4350 adire
992 4293 1058 4348 ad
1081 4292 1360 4348 sciendum
1394 4305 1516 4346 eum
1547 4305 1665 4346 esse
1695 4290 1937 4347 militem.
1969 4289 2076 4346 Sed
2129 4291 2195 4346 ad

2299 4291 2395 4344 καὶ
2413 4291 2496 4344 ὅτι
2527 4291 2867 4363 στρατιώτης
2889 4286 3045 4356 οὗτος
3066 4291 3282 4346 ἀκούειν
3304 4309 3321 4359 ;
3362 4278 3528 4346 ’Ἀλλά
3555 4295 3610 4347 τί
3632 4312 3723 4365 μοι
3751 4297 3860 4367 βούο

612 4387 747 4458 quid
779 4385 934 4440 haec?
956 4382 1189 4439 Prorsus
1209 4382 1320 4450 iam
1354 4380 1700 4447 intellexisti;
1725 4381 2078 4436 nihilominus
2107 4391 2188 4434 ta-

614 4495 738 4534 men
777 4479 952 4533 dicam
983 4489 998 4528 :
1033 4476 1078 4528 is
1113 4473 1243 4526 mihi
1273 4483 1324 4526 tu
1352 4472 1558 4528 videris
1612 4473 1666 4526 in
1703 4487 1810 4543 quo
1843 4488 2010 4528 musa:
2035 4471 2193 4528 habi-

615 4579 734 4624 tent
791 4581 1029 4638 reapse;
1075 4579 1307 4634 quorum
1343 4577 1410 4616 ex
1452 4563 1726 4617 consortio
1781 4563 1991 4618 dulcem
2040 4565 2194 4619 ducis
2249 4557 2254 4564 “

618 4663 783 4716 vitam
813 4673 988 4729 neque
1018 4657 1312 4726 Quidquam
1355 4654 1644 4710 demiraris
1667 4666 1884 4724 praeter
1925 4655 2113 4722 libros,
2139 4663 2195 4710 et

615 4765 920 4815 sermones,
980 4760 1035 4804 et
1086 4747 1346 4818 quidquid
1411 4755 1643 4801 mentem
1707 4746 1987 4800 meliorem
2040 4743 2194 4802 facit.

615 4843 748 4898 Mihi
776 4857 844 4896 ex
897 4841 990 4896 illo
1022 4850 1263 4908 tempore
1301 4839 1500 4909 hospes
1531 4839 1683 4894 fuisti
1704 4848 1757 4894 et
1783 4853 1994 4894 mecum
2027 4839 2194 4893 iniisti

617 4936 914 4991 amicitiam
941 4933 1057 4999 tibi,
1090 4941 1148 4986 ut
1175 4933 1389 5000 Opinor,
1421 4939 1631 5001 gratam
1665 4948 1682 4998 ;
1714 4931 1808 4986 sed
1848 4931 2050 4985 utinam
2105 4930 2194 4985 illa

619 5041 766 5098 spes,
805 5039 968 5092 quam
994 5023 1047 5077 in
1075 5021 1232 5076 nobis
1255 5021 1578 5090 reposuisti,
1605 5031 1655 5074 te
1697 5035 1972 5090 nunquam
1990 5019 2196 5076 fefelleo

620 5119 694 5174 rit
731 5119 746 5172 ι
789 5115 1052 5172 Volumeu
1085 5122 1265 5167 autem
1322 5113 1450 5166 illud
1478 5111 1622 5181 quod
1653 5126 1682 5164 a
1720 5126 1804 5166 rue
1834 5113 1992 5179 petis,
2031 5127 2197 5182 penes

621 5225 708 5266 me
732 5208 940 5263 utinam
967 5203 1168 5260 fuerit!
1204 5203 1492 5258 habuisses
1510 5205 1654 5257 enim
1695 5211 1748 5258 tu
1783 5204 1998 5273 quidem
2049 5204 2194 5274 quod

621 5301 919 5372 exoptabas
964 5298 1098 5351 mihi
1145 5311 1276 5351 vero
1319 5294 1776 5366 pretiosissimum
1829 5294 2020 5350 fuisset
2067 5296 2196 5365 quid

623 5394 762 5465 grati
797 5392 890 5447 tibi
927 5392 1292 5462 praestitisse;
1341 5403 1486 5442 nunc
1511 5396 1693 5442 autem
1723 5401 1827 5442 non
1861 5401 1957 5455 per
1997 5387 2194 5442 Socra-

627 5487 696 5536 tis
735 5483 1030 5553 platanum,
1054 5481 1152 5536 sed
1195 5495 1291 5552 per
1337 5481 1482 5549 ipsos
1534 5477 1684 5532 illius
1729 5492 2024 5544 sermones,
2071 5478 2197 5548 juro

629 5589 718 5630 me
753 5574 990 5630 nondum
1015 5575 1183 5630 fuisse
1215 5570 1756 5655 fruitumbonoillo,
1800 5581 2196 5652 quantumcum

2291 4381 2441 4437 λεται
2497 4381 2704 4449 ταῦτα;
2735 4384 2923 4438 Πάντα
2973 4383 3074 4454 μὲν
3111 4384 3213 4456 ἤδη
3276 4385 3602 4454 μανθάνεις·
3630 4387 3782 4440 οὐδὲν
3808 4388 3860 4442 δὲ

2290 4469 2452 4546 ἦττον
2481 4476 2631 4545 ὅμως
2659 4467 2976 4547 εἰρήσεται·
3009 4475 3136 4546 ἐμοὶ
3158 4475 3337 4540 δοκεῖς
3363 4475 3440 4540 ὡς
3469 4478 3628 4549 παρὰ
3653 4480 3752 4549 τὴν
3769 4481 3858 4551 σὴν

2291 4563 2470 4635 ψυχὴν
2523 4565 2693 4628 ὄντως
2719 4566 2960 4620 οἰκοῦσιν
3006 4567 3064 4618 αἱ
3101 4565 3335 4636 μοῦσαι·
3377 4554 3503 4620 εἶτα
3530 4569 3858 4633 κάτοικοςῶν

2293 4657 2412 4718 ταῖς
2440 4654 2610 4721 θεαῖς,
2645 4655 2760 4725 βίον
2783 4657 2926 4727 ἔχεις
2957 4658 3152 4720 αὐταῖς
3173 4657 3460 4730 ἀνειμένον
3488 4661 3585 4712 καὶ
3605 4661 3757 4714 οὐδέν
3785 4679 3851 4714 σος

2295 4747 2630 4820 θαυμαστὸν,
2657 4749 2740 4802 ὅτι
2776 4749 2853 4820 μὴ
2899 4747 3082 4819 βιϐλία
3108 4751 3202 4803 καὶ
3247 4751 3398 4818 λόγοι
3443 4751 3538 4804 καὶ
3565 4753 3666 4806 ὅσα
3695 4753 3854 4824 ψυχὴν

2294 4838 2390 4890 ἐπὶ
2435 4839 2497 4890 τὸ
2523 4841 2775 4910 κρεῖττον
2818 4841 3044 4908 ἀνάγει·
3073 4840 3328 4894 ἐντεῦθεν
3363 4844 3498 4913 ἡμῖν
3536 4843 3854 4914 ἑπεξενὼθης

2295 4927 2468 5000 ἀρχὴν
2483 4929 2665 4999 φιλίας
2687 4931 3064 5002 ποιησάμενος
3091 4931 3430 5002 πρέπουσαν,
3447 4929 3628 5004 οἶμαι,
3653 4937 3822 5008 σαυτῷ
3838 4955 3852 4966 ·

2296 5020 2432 5074 ἀλλὰ
2465 5022 2574 5093 γὰρ
2599 5021 2708 5076 εἴθε
2743 5023 2819 5093 μὴ
2867 5023 2970 5092 τῆς
3019 5025 3104 5092 ἐφ’
3137 5025 3270 5094 ἡμῖν
3296 5023 3511 5088 ἐλπίδος
3539 5026 3820 5098 διήμαρτες
3837 5046 3849 5058 ⁸

2297 5114 2418 5168 ἀλλ’
2437 5115 2576 5186 ὅπερ
2607 5115 2779 5176 αἰτεῖς
2805 5114 3034 5185 βιϐλίον,
3063 5114 3224 5168 τοῦτο
3249 5115 3310 5168 δὲ
3336 5111 3406 5186 ἦν
3444 5117 3744 5188 παρ’ήμῖν.
3762 5119 3851 5173 0-5-
3959 5109 3961 5116 Ἰ

2295 5223 2373 5260 τω
2409 5206 2520 5278 γὰρ
2542 5206 2636 5260 οὖν
2664 5207 2730 5260 σὺ
2762 5205 2863 5278 μὲν
2903 5201 3046 5276 εἶχες
3085 5206 3256 5259 ἀεὶτὸ
3285 5207 3642 5277 ποθούμενον,
3672 5211 3782 5280 ἐμοὶ
3801 5209 3850 5262 δὲ

2300 5297 2554 5368 μέγιστον
2609 5293 2678 5369 ἦν
2732 5297 2792 5350 τὸ
2837 5298 3014 5352 δοκεῖν
3065 5298 3196 5367 ὑμῖν
3251 5297 3611 5367 κεχαρίσθαι.
3661 5302 3771 5353 νυνὶ

2296 5391 2499 5461 ὄμνυμι
2532 5391 2594 5444 οὐ
2629 5390 2728 5461 τὴν
2762 5390 3032 5446 πλάτανον
3063 5389 3160 5460 τὴν
3205 5390 3554 5460 Σωκράτους,
3590 5391 3716 5446 ἀλλὰ
3742 5395 3848 5456 τοὺς

2297 5483 2488 5551 λόγους
2521 5481 2718 5545 αὐτοὺς
2749 5523 2764 5550 ,
2795 5486 2964 5552 μήπω
2990 5499 3051 5550 γε
3073 5482 3433 5552 τετυχηκέναι
3457 5483 3553 5536 τοῦ
3603 5485 3848 5554 κτήματος

2299 5573 2476 5628 καίτοι
2529 5572 2780 5652 πλεῖστον
2809 5572 2908 5643 ἤδη
2965 5573 3155 5644 χρόνον
3181 5574 3391 5644 ἐρῶντα
3411 5590 3428 5604 ·
3459 5574 3659 5646 μικρὸν
3674 5573 3859 5630 535m-
