4000 6314
140 274 278 340 2Ἶ21

1542 265 1955 329 ΕΡΙΞΤΟΜΕ.

3260 275 3401 340 2ῗῦ

140 418 238 473 ρον
271 397 432 468 (ἀλλὰ
464 396 561 450 σὺν
604 395 780 465 Ἐρμῇ
845 391 938 446 καὶ
974 390 1203 460 μούσαις
1222 385 1481 459 εἰρήσθω)
1516 387 1581 439 ἐκ
1624 390 1709 458 τῆς

1828 402 1931 456 que
1963 399 2031 442 ex
2071 388 2239 440 multo
2271 394 2515 457 tempore
2538 386 2651 456 jam
2686 398 2944 459 exaptato
2977 406 2991 455 ;
3025 389 3119 445 sed
3150 407 3255 445 non
3280 403 3401 462 post

149 487 559 560 Ἃλεξανδρείας
577 482 999 555 κομισθήσεται·
1029 478 1189 532 τοῦτο
1218 478 1325 548 γάρ
1355 475 1565 529 ἐκεῖθεν
1587 477 1709 546 ἡμῖν

1823 478 2023 532 multos
2045 477 2163 533 dies
2185 478 2412 548 juvante
2450 477 2721 534 Mercurio
2757 489 2811 534 et
2841 479 3028 545 Musis,
3068 481 3397 539 Alexandria

134 582 185 634 oi
209 578 644 650 προσταχθέντες
698 571 1063 628 ἀπέστειλαν·
1106 570 1244 640 ὅπερ
1278 570 1326 624 εί
1373 566 1507 657 πρὸς
1558 566 1719 637 ἔργον

134 671 365 741 ἐκϐαίη,
397 671 516 741 ὄψει
549 686 616 739 με
658 667 877 728 πάντως
916 662 1224 732 αὐτόματον
1270 661 1397 729 ὑμῖν
1424 662 1718 730 προσιόντα

132 762 269 833 περὶ
314 760 408 815 τοῦ
440 756 780 831 μεταδοῦναι
812 754 946 809 ὡσεὶ
999 753 1095 808 καὶ
1133 752 1294 815 αὐτὸς
1326 750 1511 805 λαϐεῖν
1562 752 1718 805 ἐϐου-

130 847 336 920 λόμην.

699 933 793 987 τ’.
826 931 1128 1003 nomen.
1202 936 1208 942 ·

223 1029 295 1083 Ἢ
333 1029 464 1101 περὶ
487 1027 584 1098 τῆς
614 1026 717 1096 σῆς
752 1023 1088 1086 παιδεύσεως
1134 1022 1291 1093 φήμη
1326 1022 1524 1074 ὁποίων
1552 1022 1717 1093 ηὐχό-

128 1120 283 1194 μεθα
309 1120 486 1188 λόγων
518 1119 617 1182 τὰς
663 1116 939 1187 ἡμετέρας
969 1113 1267 1183 ἐνέπλησεν
1301 1113 1489 1176 άκοάς.
1531 1113 1590 1167 '0
1615 1113 1715 1185 μὲν

123 1214 245 1283 γὰρ
280 1211 378 1282 τὴν
401 1211 501 1280 τῆς
539 1207 868 1279 συνηγορίας
911 1207 1178 1273 ἀφηγεῖτο
1226 1204 1486 1274 σπουδὴν,
1520 1206 1549 1258 ὁ
1571 1203 1628 1257 δέ
1654 1205 1715 1258 τὸ

130 1322 190 1358 »ον
221 1305 337 1366 τοῖς
359 1298 730 1370 δικαστηρίοις
753 1296 979 1350 εύπονον
1005 1294 1420 1366 ἀπεθαύμαζεν,
1450 1296 1481 1348 ὁ
1506 1294 1579 1364 ⁸δὲ
1611 1295 1714 1366 τὴν

136 1395 263 1467 ιπερὶ
284 1395 411 1455 τοὺς
439 1381 770 1463 προσιόντας
789 1386 1022 1453 εὔνοιαν,
1054 1387 1194 1457 πλὴν
1224 1388 1272 1439 εί
1311 1386 1384 1457 μή
1407 1403 1493 1449 τις
1518 1386 1712 1453 ἀδική-

116 1501 235 1548 ντας
288 1483 624 1554 ἐτύγχανεν·
667 1476 786 1533 οἶδα
827 1479 924 1532 καὶ
969 1477 1093 1531 τόδε
1154 1477 1393 1541 ἀκούσας
1444 1477 1522 1540 ὡς
1569 1476 1714 1548 ὀρῶν

130 1592 287 1640 τινας
323 1574 467 1647 μέγα
515 1573 613 1644 μὲν
660 1569 1015 1643 δυναμένους,
1075 1565 1455 1638 θαυμάζοντας
1494 1568 1552 1621 δέ
1604 1566 1712 1620 τῶν

1820 568 2122 626 afferetur:
2156 570 2281 624 inde
2304 571 2449 625 enim
2492 569 2621 625 illud
2654 571 2691 625 ii
2730 572 2820 639 qui
2854 582 2979 627 sunt
3004 572 3141 641 jussi
3189 574 3256 627 ad
3313 588 3430 628 me-

1820 660 2129 728 allcgarunt
2156 679 2169 715 :
2216 662 2360 732 quod
2385 662 2430 715 si
2458 653 2722 731 prospere
2750 664 3030 730 succedet,
3062 680 3149 719 me
3189 664 3399 719 videbis

1819 753 1886 806 ad
1916 767 2012 808 vos
2050 769 2213 821 quam
2237 754 2472 809 maxime
2512 755 2654 808 ultro
2682 764 3020 822 pergentem,
3066 757 3131 808 ad
3155 756 3235 810 sic
3263 754 3401 810 dan-

1819 844 1944 897 dum
1977 845 2131 912 quasi
2165 847 2277 915 ipse
2298 847 2547 913 accipere
2580 855 2844 916 optarem.
3134 831 3138 835 ’

2382 936 2472 992 Ill.
2501 937 2824 993 DIODOItO.

1888 1026 2066 1082 Aures
2129 1039 2346 1083 nostras
2371 1029 2438 1082 iis
2462 1030 2527 1083 de
2564 1039 2654 1083 tua
2695 1028 3037 1083 institutione
3076 1042 3213 1097 quos
3245 1036 3400 1097 opta-

1816 1117 2011 1173 bamus
2038 1121 2384 1175 sermonibus
2402 1119 2552 1173 fama
2579 1121 2824 1189 implevit
2853 1137 2866 1173 :
2893 1120 3032 1173 alter
3047 1118 3192 1174 enim
3249 1129 3395 1173 tuam

1815 1206 1870 1261 in
1900 1208 2144 1264 dicendis
2174 1210 2360 1265 causis
2382 1210 2717 1282 diligentiam
2752 1209 3014 1264 narrabat
3045 1227 3059 1276 ;
3096 1209 3235 1262 alter
3266 1223 3397 1265 vero

1815 1315 1978 1369 quam
2020 1301 2255 1357 feliciter
2286 1302 2381 1356 tibi
2416 1303 2469 1356 in
2523 1302 2744 1371 judiciis
2778 1304 3015 1368 cederet,
3050 1300 3397 1368 mirabatur;

1817 1392 2013 1447 tertius
2044 1403 2224 1448 autem
2258 1404 2460 1463 quanta
2515 1408 2666 1449 esses
2703 1393 3082 1450 benevolentia
3123 1394 3176 1448 in
3207 1406 3396 1462 quem-

1816 1491 2050 1547 cumque
2074 1479 2828 1551 aceedentem,practerquam
2871 1497 2991 1537 cum
3047 1482 3168 1551 quis
3200 1482 3399 1553 injuste

1812 1568 2035 1638 egisset.
2100 1569 2215 1625 lloc
2261 1586 2479 1641 quoque
2522 1573 2644 1628 novi
2683 1572 2931 1637 audiens,
2984 1574 3127 1643 quod
3177 1588 3395 1644 nempe,

118 1665 356 1719 δικαίων
396 1663 582 1734 μηδὲν,
612 1661 780 1724 πολὺς
803 1661 1070 1723 ἐπνευσας
1092 1660 1214 1713 κατ’
1240 1658 1441 1725 αὐτῶν,
1475 1658 1568 1712 καὶ
1597 1658 1709 1711 λοι-

1814 1657 2079 1726 quosdam
2141 1673 2263 1714 cum
2326 1661 2543 1715 videres
2577 1661 2805 1716 multum
2867 1670 3134 1732 potentes,
3172 1662 3397 1717 minime

118 1757 316 1828 δορίαν
369 1748 772 1825 ἐπαινουμένην
832 1751 1125 1821 .κατέχεες.
1200 1747 1342 1818 Ἐγὼ
1391 1749 1448 1802 δέ
1502 1748 1711 1804 τούτων

119 1850 371 1914 ἀκούων,
390 1846 575 1902 ἄλλων
605 1845 743 1901 ἄλλα
765 1844 1159 1915 διηγουμένων,
1182 1840 1370 1912 ὥσπερ
1402 1840 1589 1904 ἔνθους
1618 1841 1709 1911 ὑφ’

116 1941 325 2014 ἡδονῆς
355 1939 647 2010 ἐγενόμην,
675 1937 773 1992 καὶ
805 1937 948 2007 μέγα
980 1951 1046 2004 γε
1088 1937 1202 1998 τοῖς
1236 1934 1415 2002 λόγοις
1456 1933 1709 2005 φρονῶν,

120 2033 351 2086 ἐδόκουν
389 2032 555 2095 αὐτὸς
608 2028 989 2083 ἐπαινεῖσθαι·
1025 2026 1126 2097 ἤδη
1158 2026 1217 2081 δέ
1252 2027 1349 2080 καὶ
1377 2027 1538 2098 χάριν
1566 2026 1714 2097 ὡμο-

121 2125 329 2192 λόγουν
348 2126 462 2186 τοῖς
488 2120 963 2190 ἐπαγγέλλουσιν,
995 2117 1186 2188 ὥσπερ
1228 2116 1486 2171 εἰώθασιν
1515 2118 1564 2171 οἱ
1601 2117 1713 2172 τῶν

120 2216 339 2278 αὐτοὺς
364 2213 734 2268 ἐπαινούντων
757 2208 1071 2287 ἀκούοντες.
1118 2207 1275 2263 υΰτω
1330 2208 1388 2262 δὲ
1418 2208 1596 2279 ἔχοντι
1620 2209 1714 2263 καὶ

116 2302 467 2373 λογιζομένῳ
516 2298 837 2373 προσελθὼν
897 2301 927 2352 ὁ
984 2297 1149 2360 καλὸς
1189 2297 1382 2368 Ὠρίων
1432 2298 1531 2369 τὴν
1581 2297 1711 2368 παρ’

120 2397 154 2449 ὑ
164 2396 286 2465 μῶν
315 2392 466 2464 αὐτῷ
493 2393 799 2464 γραφεῖσαν
855 2387 1148 2459 ἐπιστολὴν
1176 2387 1423 2441 ἐπεδίδου
1448 2403 1464 2419 ·
1496 2387 1590 2442 καί
1622 2405 1714 2458 μοι

120 2485 231 2554 τῆς
279 2484 463 2554 φτλίας
497 2482 838 2552 συνέχαιρεν,
862 2479 1055 2550 ὥσπερ
1095 2477 1269 2532 δεινὸν
1300 2478 1626 2549 ἡγούμενος,
1664 2478 1712 2530 εἰ

128 2575 424 2638 λανθάνεις
477 2575 611 2644 παρ’
642 2572 768 2642 ἐμοὶ
802 2568 1045 2632 τοιοῦτος
1091 2569 1353 2639 ὑπάρχων
1373 2584 1386 2599 ·
1415 2567 1526 2637 ἐγὼ
1565 2568 1624 2621 δέ
1650 2584 1711 2620 σε

132 2664 282 2736 μετὰ
308 2663 408 2734 τὴν
424 2663 614 2733 φήμην
635 2662 703 2731 τῇ
733 2659 900 2730 πείρᾳ
933 2657 1142 2730 μαθὼν,
1175 2659 1271 2712 καϊ
1297 2650 1406 2720 οἷος
1428 2657 1558 2728 περὶ
1584 2657 1713 2721 τοὺς

117 2755 441 2827 δεομένὸυς,
460 2754 565 2809 κᾶν
578 2749 661 2824 ’μὴ
684 2752 928 2824 παρῶσι,
944 2750 1308 2820 καθέστηκας,
1333 2748 1444 2803 οὐδ’
1461 2750 1527 2803 ἂν
1540 2750 1714 2802 εἰπεῖν

104 2845 277 2917 ’ἔχοις
307 2845 432 2897 ὅσον
453 2841 763 2913 ἐθαύμασα,
783 2839 880 2893 καὶ
912 2837 1077 2891 αὐτὸν
1101 2835 1401 2890 ἐπεκάλουν
1423 2833 1714 2904 εὐδαίμονα

119 2937 230 3009 τὴν
264 2936 365 3004 σὴν
393 2932 735 3004 εὐτυχηκότα
764 2931 1029 3001 σπουδήν·
1063 2929 1141 2992 ὡς
1161 2926 1220 2980 δέ
1247 2927 1339 2980 καὶ
1368 2925 1712 2997 γραμμάτων

1812 1763 1942 1803 vero
1967 1749 2230 1818 justitiam
2257 1752 2631 1819 observantes,
2673 1751 2988 1821 frequenter
3028 1753 3080 1806 in
3110 1768 3205 1810 eos
3242 1752 3396 1809 fuisti
3458 1807 3471 1819 ,

1813 1837 2062 1894 invectus
2126 1840 2443 1896 collaudatis
2524 1842 3020 1913 objurgationibus.
3083 1843 3214 1910 Quae
3286 1859 3394 1898 att-

1813 1932 1968 1988 diens
1999 1974 2016 2000 ,
2055 1933 2160 1989 alia
2207 1935 2332 1991 aliis
2379 1937 2753 2002 narrantibus,
2785 1943 3043 2006 tanquam
3092 1945 3247 1992 extra
3281 1951 3397 1991 me-

1815 2022 1994 2091 ipsum
2026 2038 2136 2092 pra:
2164 2025 2364 2092 gaudio
2418 2034 2610 2095 raptus
2640 2042 2814 2093 eram,
2835 2037 3001 2096 atque
3029 2026 3192 2083 dictis
3211 2042 3399 2097 super-

1814 2111 1990 2179 biens,
2017 2114 2128 2183 jam
2161 2115 2279 2184 ipse
2310 2116 2523 2171 laudari
2563 2118 2696 2172 mihi
2722 2118 2963 2183 videbar,
2993 2118 3397 2173 nuntiantibus—

1814 2217 1921 2272 que
1942 2205 2147 2274 gratias
2196 2205 2434 2261 tribuere
2460 2207 2752 2276 profitebar
2794 2222 2903 2262 non
2946 2207 3184 2262 absimili
3229 2207 3391 2262 modo

1815 2309 1977 2364 quam
2010 2298 2100 2367 qui
2136 2308 2187 2353 te
2215 2299 2421 2355 laudari
2446 2300 2691 2356 audiunt.
2723 2299 2856 2355 Cum
2888 2308 3066 2355 autem
3119 2300 3194 2355 ita
3217 2313 3394 2356 essent

1815 2384 2057 2451 aﬁ‘ectus,
2093 2389 2475 2458 superveniens
2506 2388 2779 2444 formosus
2794 2390 2961 2445 Orion
2979 2389 3263 2460 epistolam
3290 2398 3395 2445 ate

1816 2475 1911 2530 tibi
1942 2477 2203 2546 scriptam
2254 2479 2506 2546 ostendit.
2532 2487 2587 2534 et
2620 2479 2752 2533 milii
2788 2490 2933 2533 tuam
2978 2481 3277 2535 amicitiam
3310 2491 3394 2535 est

1815 2567 2420 2639 congratulatus,quasi
2460 2569 2711 2625 mirabile
2728 2569 2861 2641 quid
2890 2568 3161 2637 iudicaret
3190 2586 3249 2626 se
3298 2585 3395 2625 ne-

1816 2657 1961 2711 scire
1993 2656 2284 2713 illiusmodi
2316 2660 2459 2730 apud
2498 2676 2584 2716 me
2638 2672 2688 2716 te
2714 2675 2856 2717 esse.
2903 2660 3013 2732 Ego
3069 2675 3218 2722 vero,
3268 2675 3391 2716 cum

1816 2762 1921 2802 non
1955 2746 2095 2801 fama
2124 2750 2298 2804 solum
2323 2751 2418 2806 sed
2459 2762 2516 2806 et
2551 2767 2608 2806 re
2636 2752 3024 2823 comperissem
3060 2752 3236 2823 qualis
3261 2767 3393 2823 erga

1816 2844 2099 2907 rogantes,
2129 2838 2259 2894 licet
2293 2855 2399 2894 non
2441 2849 2760 2910 praesentes,
2802 2842 2878 2898 sis
2910 2842 3105 2908 animi,
3140 2857 3245 2896 non
3275 2858 3395 2912 pos-

1816 2941 1906 2981 ses
1933 2928 2236 2998 intelligere
2263 2941 2522 3001 quantum
2550 2934 2654 2987 sim
2684 2933 2976 2989 miratttset
3006 2934 3156 2989 illum
3177 2933 3389 2989 felicem

119 3026 285 3097 ἠξίου
329 3026 515 3094 τυχεῖν
559 3022 691 3093 παρ’
733 3020 892 3093 ἐμοῦ,
947 3023 1013 3092 τῇ
1037 3010 1140 3091 τῆς
1169 3019 1352 3088 φιλίας
1397 3016 1584 3097 μνήμῃ
1616 3015 1709 3087 τὴν

1816 3018 2222 3084 prtedicaverim
2256 3023 2347 3089 qui
2374 3025 2589 3077 tuamitt
2626 3040 2686 3080 se
2703 3024 3039 3096 diligentiam
3063 3025 3389 3081 obtinuerit:

124 3117 230 3190 σὴν
263 3115 572 3187 προθυμίαν
611 3114 693 3167 ἐτι
730 3113 933 3184 μᾶλλον
957 3111 1273 3183 ἐγείραντα,
1308 3109 1480 3181 εὐήθη
1520 3108 1710 3161 τοῦτον

121 3209 389 3265 ἐκάλουν·
442 3207 517 3279 μὴ
538 3208 648 3276 γάρ
678 3209 744 3261 άν
795 3223 854 3258 σε
904 3202 1043 3274 πρὸς
1072 3203 1274 3275 ἀρετὴν
1303 3201 1586 3271 πεφυκότα
1606 3216 1710 3253 κα-

120 3300 265 3368 λῶς,
293 3299 645 3370 γραμμάτων
679 3294 891 3349 δεῖσθαι
920 3295 1059 3366 πρὸς
1091 3294 1296 3365 ταύτην
1327 3292 1710 3365 παρακαλούνσ-

120 3408 273 3447 των·
324 3391 440 3445 ἀλλ’
480 3390 631 3458 ὅμως
662 3386 858 3440 τοῦτον
881 3387 987 3440 οὐκ
1025 3385 1273 3439 ἔπειθον·
1312 3385 1489 3438 ἐδόκει
1517 3385 1625 3455 γάρ
1655 3401 1708 3438 τι

121 3486 223 3539 καὶ
244 3484 450 3537 δίκαιον
477 3480 681 3548 λέγειν,
707 3478 783 3541 ὡς
816 3480 845 3532 ὁ
874 3477 996 3532 καθ’
1025 3478 1218 3532 ἑαυτὸν
1243 3476 1503 3543 τοιοῦτος,
1530 3477 1614 3540 τίς
1641 3477 1729 3531 ἂν·

120 3576 338 3646 γένοιτο
359 3574 705 3644 γραμμάτων
738 3570 919 3640 τυχὼν
947 3569 1099 3642 παρὰ
1125 3568 1262 3636 σοῦ;
1292 3568 1502 3622 Οὐκοῦν
1527 3569 1709 3637 γένοιο

124 3668 231 3739 μὲν
263 3664 424 3727 αὐτὸς
450 3664 631 3725 ὁποῖος
665 3662 1076 3732 καὶπρότερον·
1109 3661 1438 3729 ἐπαινοίμην
1470 3660 1528 3713 δὲ
1546 3661 1707 3715 πάλιν

119 3756 229 3825 τῆς
286 3753 471 3825 φιλίας
520 3751 662 3821 ἐγώ·
712 3751 787 3821 μὴ
826 3750 1115 3822 διαμάρτοι
1162 3749 1220 3802 δέ
1259 3750 1360 3818 τῆς
1420 3749 1506 3817 ἐφ’
1548 3750 1707 3820 ὑμῶν

120 3845 342 3909 ἐλπίδος
377 3847 406 3898 ὁ
431 3843 549 3906 νέος
578 3859 594 3874 ·
635 3842 772 3896 ἀλλὰ
802 3842 1097 3911 γνώτωσαν
1132 3843 1182 3893 οῖ
1215 3839 1284 3893 τά
1316 3840 1529 3908 μεγάλα
1549 3840 1700 3894 δύνα-

121 3940 254 3993 σθαι
276 3935 581 4002 δοκοῦντες,
611 3934 687 3998 ὡς
733 3935 844 4005 ἄρα
868 3932 977 3987 τῶν
1009 3931 1237 3985 δικαίων
1283 3932 1433 3984 ἐστὶν
1479 3931 1705 3996 εἰκότως

118 4031 414 4104 ἡττᾶσθαι.

598 4188 603 4191 _
680 4125 755 4175 A'.
774 4117 1156 4189 ΙΕΡΩΝΥΜῼ.

208 4214 353 4283 Ἐγὼ
387 4214 485 4284 μὲν
508 4215 607 4285 τῆς
634 4212 872 4281 ἀδελφῆς
898 4209 1181 4264 λανθάνειν
1201 4206 1362 4278 ᾤμην
1390 4207 1482 4261 τὸν
1500 4206 1701 4277 γάμον,

117 4276 221 4362 καὶ
251 4276 317 4375 δὴ
358 4276 473 4368 τοῖς
508 4276 849 4374 προσήκουσι
887 4302 986 4370 τὴν
1019 4300 1196 4354 οἰκίαν
1220 4276 1520 4369 ἐγνῶσθαι,
1552 4276 1704 4370 μήτι

1814 3121 1936 3161 cum
1989 3120 2169 3162 autem
2208 3112 2369 3164 etiam
2406 3128 2437 3166 a
2479 3130 2564 3168 me
2593 3115 2804 3169 litteras
2855 3115 3176 3184 postularet,
3212 3115 3389 3181 illum,

1811 3211 1877 3253 eo
1931 3202 2072 3269 quod
2123 3214 2265 3255 tuam
2319 3204 2751 3261 benevolentiam
2817 3209 3077 3263 amicitia:
3130 3207 3387 3264 memoria

1811 3302 2011 3359 augere
2063 3293 2249 3361 vellet,
2281 3296 2504 3349 stultum
2529 3298 2808 3354 diximon
2832 3300 2978 3353 enim
3012 3300 3133 3364 tibi,
3182 3300 3275 3370 qui
3317 3299 3391 3354 ad

1813 3380 2075 3436 virtutem
2108 3382 2513 3443 feiiciternatus
2532 3403 2613 3455 es,
2647 3388 2844 3445 litteris
2875 3399 2924 3445 te
2948 3391 3015 3445 ad
3072 3405 3196 3445 eum
3259 3391 3391 3446 inci-

1812 3472 2056 3526 tantibus
2087 3488 2225 3543 Opus
2258 3486 2362 3530 est.
2390 3477 2541 3532 Illum
2580 3489 2761 3537 tamen
2794 3497 2899 3535 non
2924 3484 3170 3552 persuasi
3197 3500 3211 3538 :
3244 3493 3390 3539 recte

1808 3560 1952 3614 enim
1979 3563 2194 3630 quidem
2227 3565 2516 3620 videbatur
2558 3568 2609 3622 id
2658 3569 2865 3637 dicere,
2898 3585 3117 3639 nempe,
3165 3572 3256 3640 qui
3307 3571 3389 3626 sic

1807 3663 1891 3709 est
1916 3668 1946 3707 a
1972 3654 2170 3724 seipso,
2194 3656 2325 3726 quid
2364 3674 2469 3713 non
2496 3660 2817 3717 eritlitteras
2844 3677 2872 3715 a
2899 3672 2950 3717 te
2965 3663 3240 3732 accipiens
3263 3661 3388 3717 i'l‘u

1810 3750 1974 3819 igitur
2002 3751 2046 3805 is
2075 3753 2151 3806 sis
2193 3754 2284 3823 qui
2320 3763 2503 3817 antea,
2536 3769 2635 3825 ego
2665 3766 2844 3810 autem
2880 3771 3070 3812 rursus
3097 3758 3164 3811 de
3194 3757 3390 3812 amici-

1810 3842 1883 3895 tia
1907 3842 2093 3897 lauder
2117 3860 2132 3909 ;
2148 3843 2361 3911 juvenis
2391 3857 2570 3901 autem
2595 3847 2682 3901 illa
2708 3862 2823 3916 spe,
2850 3861 2948 3917 pro
2966 3855 3056 3902 tua
3081 3856 3257 3916 parte,
3277 3863 3385 3903 non

1808 3933 2042 4001 decidat,
2074 3938 2168 3991 sed
2193 3938 2370 3991 sciant
2392 3939 2503 4011 qui
2544 3937 2774 3993 multum
2809 3952 2968 4007 posse
2998 3936 3273 4005 videntur,
3299 3936 3388 4008 ju-

1807 4024 1973 4080 stitite
1997 4042 2210 4097 quoque
2233 4043 2354 4082 esse
2383 4036 2686 4097 Opportune
2722 4028 2887 4084 vinci.

2329 4117 2417 4172 IV.
2454 4117 2882 4174 HIEHONYMO.

1878 4205 1993 4277 Ego
2037 4210 2254 4277 quidem
2316 4212 2583 4281 opinabar
2633 4221 2687 4267 te
2733 4212 2984 4282 ignorare
3038 4217 3244 4275 sororis
3287 4234 3389 4275 nu-

1807 4297 2187 4367 ptias,easque
2210 4302 2461 4357 omnibus
2495 4302 2745 4359 amnibus
2779 4313 2937 4362 notas
2977 4322 3120 4374 esse,
3159 4321 3388 4380 prseter-

119 4400 236 4462 σοὶ,
270 4398 329 4451 ὃν
356 4397 516 4469 ᾤμην
540 4395 622 4448 ἐτι
677 4395 830 4465 παρά
859 4393 938 4464 τῷ
974 4393 1156 4461 Νείλῳ
1202 4391 1503 4462 καθῆσθαι·
1551 4391 1609 4443 σὲ
1639 4390 1696 4443 δέ

1814 4401 1966 4454 quam
1989 4389 2082 4443 tibi
2123 4405 2283 4456 quem
2338 4395 2515 4449 adhuc
2557 4396 2622 4450 ad
2671 4394 2852 4451 Nilum
2892 4413 3014 4455 esse
3060 4403 3385 4472 credebam;

114 4489 407 4544 λανθάνειν
440 4488 585 4540 ἔοικε
621 4486 731 4539 τῶν
759 4488 840 4549 εἰς
869 4487 1081 4557 τρυφὴν
1107 4485 1353 4555 ἡκόντων
1372 4482 1554 4545 οὐδέν·
1588 4482 1701 4534 ἀλλ’

1806 4482 1900 4535 sed
1935 4491 1993 4535 ut
2032 4483 2268 4548 videtur,
2297 4487 2431 4541 nihil
2475 4498 2527 4543 te
2554 4490 2684 4546 latet
2713 4506 2899 4546 eorum
2918 4507 3038 4562 qua:
3068 4496 3136 4549 ad
3165 4495 3387 4552 delicias

111 4578 272 4648 ἡμᾶς
298 4575 360 4627 τέ
391 4591 447 4628 τι
486 4575 707 4645 δρᾶται,
737 4573 833 4626 καὶ
865 4572 925 4624 σέ
972 4570 1300 4642 προσόάλλει
1355 4569 1639 4641 πόρρωθεν
1668 4571 1702 4639 ἡ

1814 4574 2117 4647 pertinent,
2153 4587 2210 4631 at
2250 4578 2431 4648 aliquo
2486 4585 2648 4639 modo
2687 4585 2738 4639 in
2787 4594 2837 4640 te
2875 4587 3007 4657 agit,
3032 4597 3088 4641 et
3122 4589 3189 4642 ad
3233 4596 3302 4666 te
3355 4605 3386 4645 a

112 4668 232 4723 τῶν
264 4666 700 4738 ἐπιτελουμένων
737 4665 905 4736 ὀσμή·
940 4664 1031 4719 καί
1062 4681 1165 4717 που
1185 4662 1327 4734 τάχα
1350 4663 1442 4717 τὸν
1476 4663 1705 4733 Ὁμηρι-

113 4759 217 4811 κὸν
258 4757 357 4809 Δία
392 4757 549 4827 νικᾷς
585 4755 774 4825 λοιϐῆς
817 4755 910 4808 καὶ
941 4753 1170 4824 κνίσσης
1223 4751 1367 4823 ὁρῶν
1418 4750 1704 4823 ἑλισσομέ-

111 4868 220 4921 νης
252 4851 381 4920 περὶ
420 4848 646 4920 καπνῷ·
682 4847 860 4902 ταῦτά
900 4866 961 4901 σε
1006 4847 1197 4910 Νεῖλος
1241 4846 1483 4918 διέθηκε,
1529 4846 1624 4900 καὶ
1655 4847 1704 4899 οἱ

126 4942 257 4997 παρ’
304 4941 514 4993 ἐκεῖνον
570 4938 886 5010 εὐδαίμονες
930 4938 1232 5008 ἄνθρωποι,
1301 4937 1420 5007 μεθ’
1466 4935 1560 4999 οὓς
1604 4937 1704 5009 τὴν

122 5018 347 5082 ἑλοῧίνιν
378 5029 566 5097 οἰκῶν,
594 5029 858 5101 ὀξυτέραν
891 5028 1035 5098 ἔχεις
1069 5026 1169 5099 τὴν
1195 5028 1470 5097 αἴσθησιν,
1503 5025 1558 5077 ετ
1599 5044 1702 5079 που

124 5109 192 5177 δή
223 5123 290 5195 γὶε
321 5118 516 5180 καπνὸς
566 5117 903 5171 ἀναδίδοται·
936 5115 1027 5168 τὸν
1083 5114 1141 5168 δὲ
1190 5114 1284 5167 σὸν
1312 5114 1478 5168 παῖδα
1507 5114 1702 5185 μικροῦ

129 5198 243 5248 δεῖν
277 5195 504 5268 ὥρμηωι
542 5206 806 5261 διαθεῖναι
862 5206 1072 5271 κακῶς,
1116 5206 1198 5259 ὅτι
1225 5205 1301 5277 μὴ
1352 5206 1705 5277 μαζόγραφος

134 5288 216 5348 εἰς
244 5290 439 5356 πλάτος
466 5295 635 5366 deus
668 5321 761 5357 σου
796 5303 893 5373 τὴν
927 5302 1239 5372 ἐπιστολὴν,
1269 5301 1406 5355 ἀλλὰ
1435 5302 1586 5371 παρὰ
1609 5302 1703 5354 σοῦ

131 5374 288 5445 δῶρα
315 5385 627 5452 προσάγων,
655 5393 920 5451 μετέλαόέ
972 5411 1033 5447 τε
1065 5397 1130 5465 τῇ
1178 5394 1305 5465 θέᾳ·
1352 5393 1448 5446 καὶ
1476 5394 1575 5445 οὐκ
1607 5389 1703 5447 οἷδ’

131 5468 284 5530 ὅπως
321 5487 411 5539 μοι
442 5472 648 5531 διέλυσε
674 5487 757 5537 τὶν
783 5487 954 5555 θυμόν
978 5502 996 5520 ·
1032 5487 1133 5539 οὐκ
1163 5488 1243 5549 εἰς
1266 5467 1515 5557 ’μακράν
1546 5486 1603 5539 δέ
1643 5503 1703 5539 σε

129 5557 324 5703 τοῦἷον
383 5563 718 5637 ἀμείψομαι·
755 5576 787 5641 ὴ
817 5579 921 5647 γὰρ
969 5578 1159 5648 γέγονέ
1212 5596 1294 5633 σοι
1329 5578 1702 5649 θυγάτριον,ἢ

129 5663 222 5703 rev
249 5668 439 5703 βεται.

124 5663 439 5720 γενήσεται.

1805 4662 1966 4734 longe
1991 4668 2236 4735 pervenit
2253 4670 2471 4738 quidam
2496 4686 2686 4729 eorum
2703 4691 2824 4745 quae
2845 4662 3385 4748 perficiunturodor;

1807 4755 2032 4811 forsitan
2083 4774 2297 4829 quoque
2342 4758 2530 4816 Jovem
2550 4765 2719 4822 vincis
2743 4766 3165 4825 Homericumitt
3208 4774 3387 4841 perci-

1805 4848 2003 4916 piendo
2033 4850 2321 4905 libationes
2343 4861 2398 4906 et
2437 4854 2682 4910 nidorem
2730 4858 2781 4912 in
2832 4859 2989 4916 fumo
3050 4861 3385 4918 volutatum:

1807 4940 1949 5005 quod
1977 4939 2073 4991 tibi
2107 4940 2256 4994 dedit
2306 4941 2457 4997 Nilus
2491 4953 2540 4998 et
2575 4944 2761 5002 felices
2806 4949 2927 5019 ejus
2973 4953 3196 5021 accolte,
3250 4953 3390 5008 inter

1805 5042 1940 5095 quos
1981 5030 2278 5096 placentem
2316 5044 2515 5087 terrain
2546 5036 2786 5097 incolens
2834 5044 3174 5100 acutioribus
3207 5046 3390 5101 sensi!

1806 5118 1904 5172 bus
1938 5120 2169 5188 percipis
2225 5122 2396 5176 sicubi
2456 5125 2635 5181 fumus
2661 5130 2923 5185 ascendit.
2967 5131 3165 5189 Parum
3206 5145 3391 5195 autem

1807 5214 1851 5263 al
1874 5209 1978 5266 fuit
2032 5214 2162 5281 quin
2228 5230 2452 5284 puerutn
2517 5227 2666 5273 tuum
2723 5222 2865 5277 male
2914 5224 3210 5293 haberem,
3260 5226 3385 5297 quia

1809 5312 1951 5356 luam
2000 5304 2053 5357 in
2088 5303 2268 5363 ,altum
2320 5308 2601 5376 epistolam
2647 5310 2952 5377 emiserat;
2989 5317 3082 5369 sed
3135 5328 3222 5370 tua
3265 5335 3387 5371 tnu-

1807 5382 1934 5449 nera
2000 5395 2279 5465 proferens
2340 5399 2471 5454 mihi
2528 5411 2762 5457 mentem
2833 5419 3020 5459 eorum
3090 5419 3385 5477 conspectu

1807 5488 2034 5540 mutavit
2067 5499 2120 5540 et
2153 5505 2259 5557 quo
2294 5493 2476 5547 nescio
2506 5494 2666 5548 modo
2690 5494 2830 5549 iram
2892 5495 3101 5551 lenivit.
3134 5495 3249 5553 Non
3281 5516 3382 5554 au-

1808 5588 1911 5631 tem
1947 5579 2115 5633 multo
2142 5593 2262 5649 post
2303 5583 2395 5637 tibi
2430 5585 2716 5653 rependam
2753 5603 2767 5640 :
2806 5586 2888 5642 vel
2942 5585 3086 5642 enim
3117 5586 3230 5658 jatn
3258 5601 3384 5645 nata

1805 5679 1888 5724 est
1917 5670 1999 5725 vel
2045 5680 2299 5727 nascetur
2338 5675 2430 5729 tibi
2465 5674 2594 5728 filia.
