4000 6314
567 175 711 242 2723

1180 354 1323 410 ΡιΟΜ
1332 358 1371 409 Α
1381 354 1494 410 ΝΟ.

645 467 948 538 Legislator
999 467 1088 522 ille
1128 466 1318 534 Solon,
1383 480 1505 521 cum
1570 467 1682 523 suis
1731 468 1942 538 legibus
1991 483 2152 536 quam

1921 179 2161 239 PROCO
2171 179 2270 239 PII
2301 179 2541 239 GAZ/EI
2586 240 2588 242 ,

571 286 636 342 v.
674 281 801 339 Au
819 282 904 338 eo
939 281 1024 338 ET
1067 282 1798 358 srtgooeaanuartas
1839 284 1923 338 E'l‘
1966 285 2152 342 lElth
2189 329 2191 347 λ

2300 292 2334 339 ι.
2395 287 2627 358 sunt}
2686 289 2803 342 ΚΑΙ
2872 289 3042 341 Στει-

3723 183 3876 246 2724

3139 289 3684 346 ΓΡᾹΜΜᾹΤΙΚΟίΣ
3749 290 3872 343 ΚΑΙ

2771 358 2947 428 ιεΡιῼ
3002 358 3330 428 ΡΩΜΑΙΚῼ.

2330 470 2530 524 Σόλωνι
2566 470 2641 540 τῷ
2681 471 2947 544 νομοθέτῃ
2986 473 3172 540 ἐπειδὴ
3227 473 3412 542 νόμων
3467 474 3639 527 ἕνεκα
3676 473 3874 537 καλῶς

571 561 778 630 optime
823 561 1126 614 institutam
1181 573 1302 614 esse
1341 558 1565 613 vidisset
1625 560 1924 622 civitatem,
1954 560 2154 613 malum

2297 579 2404 632 (ειν
2435 562 2643 633 ἡπόλις
2699 563 2899 628 ἐδόκει,
2951 564 3126 618 δεινὸν
3170 565 3480 637 ἡγούμενος
3545 566 3721 637 μέχρι
3767 567 3872 635 τῆς

574 665 696 705 esse
724 650 1023 705 arbitratus
1049 660 1134 705 est
1174 649 1475 703 mirabilem
1521 664 1675 704 suam
1707 649 2029 720 sapientiam
2075 650 2158 703 in-

572 750 657 795 tra
710 741 906 795 Attica:
971 745 1108 798 lines
1163 741 1486 812 angustiari.
1517 739 1704 812 Itaque
1760 743 1827 796 ad
1873 741 2159 812 Egyptios

572 834 844 902 perrexit,
877 833 1006 888 licet
1037 833 1290 890 omnibus
1329 835 1692 904 sapientiores
1712 847 1832 887 esse
1863 834 2161 903 gloriaren-

578 934 707 988 tur;
739 926 836 978 ivit
863 940 1082 995 qnoque
1109 927 1176 979 ad
1213 925 1466 981 Crmsum
1505 926 1712 980 divitiis
1773 935 2029 994 tanquam
2087 924 2163 978 fe-

578 1017 783 1072 licitate
805 1019 1228 1086 superbientem.
1261 1017 1436 1086 Majus
1471 1033 1594 1073 esse
1640 1017 1823 1072 Soloni
1882 1017 2164 1070 videbatur

573 1107 845 1175 sapientia
887 1109 1088 1176 pollere
1119 1124 1280 1177 quam
1333 1109 1536 1164 divitiis
1567 1108 1672 1162 illis
1727 1122 1865 1177 quas
1905 1107 2166 1163 Pactolus

585 1202 636 1254 i-n
663 1202 808 1255 omni
848 1209 991 1254 terra
1021 1215 1183 1268 quam
1225 1200 1434 1269 irrigat,
1479 1197 1751 1252 dillundit.
1784 1197 2036 1250 Solonem
2082 1197 2166 1250 vi-

579 1293 770 1348 dentes
832 1292 1085 1345 admirati
1155 1301 1325 1354 sunt;
1372 1305 1606 1359 cumque
1662 1289 1984 1354 discederet,
2022 1289 2168 1343 illius

577 1381 858 1436 desiderio
874 1383 1019 1450 capti
1049 1391 1195 1434 sunt.
1221 1381 1590 1436 Athenienses
1623 1390 1830 1446 autem,
1867 1380 2006 1448 apud
2033 1393 2170 1449 quos

2275 654 2529 723 Ἀττικῆς
2557 654 2708 724 αὐτῷ
2745 655 2844 724 τῆς
2867 657 3059 725 σοφίας
3080 657 3302 711 ἑστάναι
3335 657 3396 710 τὸ
3425 658 3642 727 θαῦμα,
3673 661 3874 728 ἐφοίτα

2267 743 2366 814 μὲν
2392 746 2521 814 παρ’
2543 746 2875 813 Αἰγυπτίους
2915 749 3116 816 καίπερ
3163 749 3512 820 σοφωτέρους
3540 749 3655 804 τῶν
3689 751 3876 806 ἄλλων

2265 834 2600 904 αὐχοῦντας⁸
2650 836 2840 903 ἐφοίτα
2891 835 2948 889 δὲ
2997 837 3094 890 κα)⁸
3149 837 3306 908 παρὰ
3356 840 3600 908 Κροῖσον
3653 839 3740 901 ὡς
3787 841 3875 892 ἐπ’

2267 929 2588 1001 εὐδαιμονίᾳ
2614 928 2693 1000 τῷ
2723 929 2937 1002 πλούτῳ
2977 931 3258 1002 κομῶντα.
3307 931 3510 998 Μεῖζον
3537 934 3654 1004 γὰρ
3688 933 3874 986 ἐδόκει

2265 1017 2345 1087 τῷ
2381 1017 2580 1075 Σόλωνι
2625 1017 2788 1089 σοφίᾳ
2825 1019 3060 1088 τρυφᾷν,
3089 1018 3124 1088 ἢ
3162 1019 3350 1090 χρυσῷ
3399 1021 3540 1090 ῥέων
3577 1023 3608 1074 ὁ
3638 1022 3878 1074 Πακτω-

2267 1105 2359 1168 λὸς
2384 1106 2488 1176 γῆν
2514 1105 2613 1176 τὴν
2639 1105 2772 1175 ὅσην
2803 1104 3042 1175 ἐπῆλθεν
3067 1108 3274 1168 ἐκεῖνος
3301 1122 3314 1136 ⁸
3337 1107 3434 1160 καὶ
3473 1108 3522 1160 oi
3555 1109 3662 1177 μὲν
3693 1107 3884 1176 ὀρῶν-

2267 1210 2360 1255 τες
2399 1191 2711 1262 ἐθαύμαζον
2733 1208 2746 1223 ο
2776 1191 2852 1255 ὡς
2899 1191 2954 1245 δὲ
2982 1193 3274 1260 ἀπεφοίτα,
3311 1193 3476 1248 πάλιν
3507 1195 3759 1248 ἐπόθουν
3789 1193 3882 1246 τὸν

2270 1285 2488 1339 Σόλωνα
2511 1298 2526 1312 ⁶
2575 1285 2849 1355 Ἀθηναῖοι
2877 1285 2933 1338 δὲ
2955 1285 3085 1356 παρ’
3103 1280 3186 1348 οἷς
3209 1285 3310 1356 τὴν
3341 1287 3592 1358 κρηπῖδα
3617 1287 3738 1340 τῶν
3771 1304 3880 1357 μα-

2274 1376 2454 1448 θητῶν
2485 1377 2730 1440 ἐϐάλετο,
2763 1378 2904 1447 τάχα
2952 1379 3046 1432 καὶ
3087 1378 3187 1450 τὴν
3221 1379 3454 1450 Ἀθηνᾶν
3495 1379 3772 1450 ηὔχοντο,
3799 1379 3882 1442 τί),

583 1473 977 1542 discipulorum
1005 1473 1282 1539 crepidam
1333 1480 1583 1532 exuerat,
1619 1469 1922 1526 Minervam
1976 1469 2165 1525 forsan

2297 1468 2570 1540 ιομοθέτην
2602 1469 2760 1532 αὐθις
2785 1468 3080 1522 ἀποδοῦναι
3109 1471 3176 1542 τῇ
3210 1469 3364 1524 πόλει
3387 1488 3400 1502 ·
3437 1472 3488 1524 εί
3519 1471 3582 1524 δὲ
3619 1471 3727 1524 καὶ
3753 1471 3884 1524 τού-

583 1574 913 1634 rogaverunt
941 1574 995 1618 ul
1021 1580 1233 1618 rursum
1267 1564 1472 1618 civitati
1505 1563 1819 1618 redderetur
1845 1559 2124 1631 legislator
2151 1577 2166 1626 ;

2297 1579 2366 1614 :ou
2405 1561 2569 1614 ἕνεκα
2605 1560 2704 1632 τὴν
2753 1559 3065 1631 ἀποδημίαν
3099 1561 3403 1632 σοφίζεται,
3446 1563 3658 1632 γνῶναι
3705 1563 3886 1632 θέλω-δ

587 1669 694 1708 non
719 1663 896 1708 autem
926 1655 1157 1708 mirarer
1186 1669 1286 1723 ego
1337 1654 1488 1706 illum
1523 1661 1808 1722 propterea
1853 1652 1918 1706 de
1945 1665 2040 1705 sua
2070 1665 2163 1719 pe-

2297 1657 2420 1716 Lmo;
2462 1651 2666 1722 ἔρωτος
2706 1653 2936 1722 ἥκουσιν
2977 1653 3054 1715 είς
3077 1653 3241 1706 αὐτὸν
3279 1653 3582 1725 Ἀθηναῖοι,
3634 1655 3749 1708 οὐκ
3797 1653 3884 1720 ἄν,

587 1743 957 1812 .regrinatione
988 1745 1275 1814 cogitasse,
1305 1743 1448 1812 quod
1481 1754 1744 1811 quantum
1777 1743 1829 1796 in
1863 1757 1924 1798 se
1964 1742 2167 1796 amoris

2297 1740 2451 1815 ιϊμαι,
2502 1743 2868 1814 θαυμάσαιμι,
2916 1743 3057 1814 πλὴν
3091 1743 3210 1808 ἐνὸς
3235 1745 3431 1816 ἀνδρὸς
3463 1745 3711 1811 ἀπόντος
3753 1745 3885 1800 ἐδά-

587 1835 1010 1890 Αιίιειιὶοηεῖίηιει
1037 1845 1186 1890 esset
1230 1836 1373 1890 scire
1411 1835 1612 1890 vellet:
1657 1843 1855 1904 praeter
1887 1834 2168 1888 hominem

2297 1853 2496 1910 ιρυσαν
2518 1834 2816 1906 Ἀθηναῖοι,
2841 1837 3020 1892 καίτοι
3037 1837 3261 1905 σοφοὺς,
3284 1838 3360 1902 ὡς
3381 1839 3552 1904 εἰκὸς,
3581 1837 3884 1910 εὐτυχοῦν·

590 1941 758 1979 unum
793 1928 884 1994 qui
921 1936 1047 1982 tunc
1079 1926 1222 1982 forte
1255 1927 1467 1992 aberat,
1498 1924 1701 1981 ﬂevere
1721 1939 1933 1992 omnes,
1956 1925 2171 1980 etiamsi

2297 1947 2364 1994 τες
2401 1929 2626 2000 ἐτέρους
2647 1945 2662 1960 ·
2697 1929 2844 1992 τίνες
2876 1927 2944 1982 ἂν
2968 1929 3266 2002 γενοίμεθα
3304 1930 3368 1984 τὸ
3414 1931 3727 2000 κεφάλαιον
3765 1932 3883 1984 ῶον

589 2018 864 2086 sapientes
893 2018 1053 2082 alios,
1099 2027 1159 2074 ut
1209 2019 1509 2074 verisimile
1549 2029 1654 2086 est,
1707 2018 1991 2074 haberent.
2035 2017 2174 2084 Quid

591 2109 658 2162 de
689 2108 844 2162 nobis
891 2119 1062 2171 esset,
1103 2110 1149 2164 si
1191 2111 1321 2164 illud
1356 2126 1630 2164 summum
1659 2111 1858 2165 bonum
1894 2111 2178 2166 amittere-

593 2213 712 2253 mus
753 2199 778 2252 l
830 2199 886 2253 Si
926 2203 1050 2268 quis
1073 2202 1222 2270 prius
1254 2201 1604 2268 dubitaverit,
1631 2203 1746 2258 sive
1767 2203 2004 2258 Atticam
2063 2205 2180 2259 sive

597 2283 804 2341 Italiam
832 2291 1080 2359 proferre
1118 2291 1278 2346 licet:
1329 2301 1559 2363 utraque
1587 2295 1746 2350 modo
1770 2294 1895 2348 silet
1933 2303 1986 2349 et
2003 2295 2181 2352 scien-

597 2379 686 2434 tiis
718 2392 869 2436 caret
921 2391 1084 2452 atque
1132 2385 1322 2440 eadem
1356 2385 1467 2454 pati
1509 2385 1722 2441 videtur
1787 2401 1909 2454 qute
1936 2384 2183 2471 Cithero,

594 2473 708 2543 qui,
736 2485 1085 2546 posteaquam
1118 2478 1416 2548 saepissime
1439 2479 1603 2534 deum
1649 2488 1962 2550 acceperat,
1987 2480 2080 2534 illo
2106 2494 2186 2534 re-

596 2567 843 2632 cedente,
871 2569 1051 2622 subito
1077 2569 1328 2625 desertus
1359 2573 1535 2626 factus
1557 2579 1661 2626 est.
1690 2569 1802 2625 Nec
1829 2571 2042 2642 uspiam
2065 2571 2188 2626 Dio-

600 2657 807 2727 nysius.
843 2657 1028 2730 Itaque
1082 2661 1389 2730 Apollinem
1427 2661 1720 2730 inerepabo
1752 2661 1845 2731 qui
1901 2662 1969 2717 ad
2013 2678 2074 2718 se
2121 2678 2189 2718 ex

600 2760 916 2820 contemptu
951 2762 1136 2807 nostra
1153 2755 1428 2809 revocavit
1473 2763 1529 2810 et
1559 2755 1798 2810 arbitror
1826 2753 2037 2810 felicem
2082 2755 2192 2816 illis

599 2855 804 2899 sortem
846 2846 1216 2914 gratulaturas
1249 2861 1373 2902 esse
1403 2847 1602 2929 Musas.
1657 2846 1768 2901 Vos
1799 2847 2063 2901 nimirum
2096 2863 2195 2902 an-

2277 2022 2702 2094 ἀφαιρούμενοι;
2735 2021 2830 2074 καὶ
2862 2022 2928 2092 ἢν
2958 2021 3025 2076 ἄν
3053 2040 3138 2087 τις
3169 2023 3418 2077 ἐδίστασε
3453 2023 3758 2094 πρότερον,
3809 2023 3886 2076 εί-

2281 2130 2341 2165 τε
2367 2112 2466 2183 τὴν
2509 2109 2786 2182 Ἀττικὴν,
2814 2111 2923 2164 εἴτε
2943 2110 3042 2183 τὴν
3083 2111 3315 2167 Ἰταλίαν
3356 2114 3642 2184 προσῆκεν
3675 2115 3884 2179 εἰπεῖν,

2285 2203 2424 2274 αὕτη
2456 2204 2587 2275 σιγᾷ
2606 2203 2702 2256 νῦν
2736 2201 2998 2275 ἐξαίφνης
3041 2203 3140 2258 καὶ
3185 2203 3296 2258 τῶν
3328 2205 3746 2276 γνωρισμάτων
3781 2207 3885 2274 ὰφ-

2283 2297 2515 2370 ῄρηται·
2566 2295 2863 2349 καὶταῦτα
2888 2296 3120 2367 πάσχειν
3146 2297 3290 2350 ἔοικε
3337 2297 3416 2368 τῷ
3453 2298 3767 2370 Κιθερῶνι,
3803 2299 3884 2351 ὅτι

2287 2391 2454 2444 πολὺν
2490 2387 2782 2460 δεξάμενός
2810 2405 2944 2442 ποτε
2979 2389 3124 2454 θεὸν,
3149 2389 3406 2454 ἀπιόντος
3431 2389 3601 2446 πάλιν
3621 2391 3884 2461 ἐξαίνρνης

2287 2485 2494 2554 ἕρημος
2522 2478 2610 2551 ἦν·
2640 2483 2736 2535 καὶ
2767 2485 2795 2534 ὁ
2823 2481 3104 2545 Διονύσιος
3129 2481 3370 2559 οὐδαμοῦ
3393 2499 3408 2514 ο
3445 2483 3573 2538 ὅθεν
3598 2481 3884 2550 καταβοή-

2292 2593 2457 2646 σομαι
2491 2572 2588 2626 τοῦ
2633 2573 2968 2638 Ἀπόλλωνος
2993 2615 3007 2640 ,
3041 2575 3101 2638 ὃς
3133 2576 3227 2628 καὶ
3269 2575 3401 2646 παρ’
3445 2575 3645 2630 ἑαυτὸν
3701 2573 3884 2628 ἐκάλει

2290 2667 2360 2720 τὰ
2391 2665 2636 2737 ἡμέτερα
2666 2663 2907 2735 παριδών
2929 2680 2941 2692 ·
2973 2665 3068 2723 καὶ
3107 2661 3262 2735 οἶμαι
3301 2665 3514 2730 τούτοις
3551 2663 3886 2734 συνήδεσθαι

2293 2759 2394 2828 τῆς
2425 2756 2684 2828 εὐτυχίας
2713 2756 2812 2818 τὰς
2847 2756 3074 2820 Μούσας
3096 2773 3110 2787 ο
3143 2758 3302 2828 ὑμεῖς
3321 2758 3496 2826 δήπου
3517 2759 3616 2812 καὶ
3632 2757 3886 2810 παλαιιῖιν

2299 2844 2767 2914 μυθολογημάτων
2807 2843 3181 2914 ἐμπίπλασθε,
3228 2845 3362 2916 παρ’
3415 2846 3590 2917 αὐτὴν
3640 2846 3753 2914 ήδη
3789 2845 3886 2917 τὴν

605 2935 769 3004 liquis
797 2933 996 2990 fabulis
1023 2937 1326 3006 replemini,
1354 2939 1715 3006 recogitantes
1748 2937 1879 3008 quid
1909 2937 2045 2995 deus
2091 2953 2188 3009 per

2297 2939 2510 3007 Δάφνην
2543 2935 2880 3006 λογιζόμενοι
2917 2939 3010 2990 τοῦ
3037 2937 3159 2992 θεοῦ
3183 2937 3244 2991 τὺ
3273 2937 3447 3000 πάθος
3466 2954 3481 2967 -
3510 2937 3612 3010 τὴν
3641 2939 3886 3008 Δάφνην,

605 3029 773 3096 ipsam
841 3029 1116 3101 Daphnem
1173 3029 1338 3086 fuerit
1371 3047 1590 3102 passus,
1650 3030 1929 3102 Daphnem
1971 3045 2188 3106 nempe,

606 3121 934 3186 castitatem,
990 3123 1520 3190 humanitatemque,
1557 3123 1810 3178 arborem
1846 3136 1968 3190 quae
2003 3136 2192 3176 aman-

610 3221 721 3266 tem
756 3201 1110 3279 consolatur;
1165 3226 1330 3283 atque
1363 3214 1520 3268 vobis
1575 3213 1718 3266 inter
1763 3211 2016 3266 homines
2063 3211 2192 3266 solis

609 3305 707 3356 dea
767 3305 991 3374 pignora
1054 3306 1278 3358 realiter
1330 3305 1522 3374 largita
1596 3312 1701 3358 est.
1769 3302 1868 3367 Si,
1925 3303 2188 3372 Apollinis

615 3395 806 3448 amicae
839 3395 1036 3462 gratia,
1079 3403 1217 3446 nata:
1282 3402 1411 3448 sunt
1476 3393 1716 3464 cypressi
1767 3407 1970 3462 opacae,
2029 3405 2196 3463 atque

610 3485 776 3538 etiam
822 3483 1104 3539 abundans
1147 3499 1307 3552 aqua,
1337 3491 1392 3538 et
1435 3482 1638 3538 cicadae
1665 3494 1889 3550 canunt,
1914 3485 1996 3538 via
2055 3500 2192 3554 quo-

625 3590 731 3642 que
764 3573 912 3628 nzolli
955 3574 1133 3629 herba
1195 3575 1415 3640 fruitur,
1447 3583 1504 3629 et
1537 3573 1765 3630 arbores
1813 3575 1935 3630 alia:
1970 3585 2194 3644 propter

619 3665 774 3728 alias,
830 3675 884 3720 et
940 3665 1134 3718 domus
1168 3665 1425 3721 arborum
1459 3666 1779 3722 celsitudine
1809 3666 1876 3722 ad
1912 3667 2194 3722 dimidium

615 3757 916 3820 absconsae,
947 3771 1012 3811 ac
1041 3772 1189 3812 aurae
1221 3758 1428 3824 dulces,
1456 3758 1708 3826 variique
1738 3759 1956 3824 odores,
1988 3767 2040 3812 et
2065 3757 2198 3814 solis

617 3849 868 3900 ardorem
911 3847 1180 3918 repellens
1212 3848 1402 3902 umbra
1431 3865 1446 3902 :
1473 3858 1712 3902 vestrum
1739 3857 1824 3902 est
1873 3858 1966 3902 aut
1995 3848 2104 3904 cito
2131 3862 2194 3904 ea

617 3938 869 3991 nuntiare
891 3946 988 3991 aut
1012 3937 1233 4006 scriptis
1271 3938 1607 3995 describere.
1647 3937 1853 4018 Vellem
1906 3953 2084 3993 tamen
2128 3939 2196 3994 ad

617 4030 812 4084 vosire
839 4040 894 4084 et
927 4045 1025 4084 vos
1057 4031 1262 4096 videre,
1310 4040 1367 4092 ut
1414 4039 1613 4100 praeter
1664 4042 1882 4095 caetera,
1941 4029 2194 4084 vaticinia

619 4135 835 4188 quoque
863 4121 1076 4176 audiam
1109 4139 1124 4176 :
1161 4121 1290 4175 illud
1320 4123 1465 4176 enim
1498 4121 1704 4192 opinor
1738 4121 1893 4177 vobis
1915 4136 1943 4174 a
1976 4119 2198 4188 Daphne

621 4214 784 4266 etiam
805 4229 929 4268 esse
961 4229 1304 4268 concessum.

1189 4302 1276 4358 Vl.
1306 4303 1668 4360 PALLADIO.

695 4396 1004 4452 Potentiam
1032 4397 1286 4450 virtutem
1342 4397 1632 4448 maximam
1701 4408 1897 4450 censeo
1923 4407 2044 4448 esse
2073 4408 2204 4447 con-

625 4491 788 4544 solari
843 4502 1151 4558 Oppressus.
1225 4486 1360 4541 Cum
1388 4486 1534 4540 enim
1568 4487 1822 4554 potentia:
1873 4485 2080 4540 accedit
2116 4500 2208 4539 vo-

630 4561 812 4634 lautas
837 4577 1086 4634 servandi
1125 4577 1419 4646 justitiam,
1451 4576 1579 4646 quid
1630 4577 1811 4631 obstat
1865 4577 1994 4648 quin
2045 4577 2208 4647 perli-

629 4675 845 4728 ciantur
872 4685 993 4740 qua:
1035 4670 1246 4738 legibus
1299 4667 1589 4744 videntur?
1619 4665 1725 4722 Sed
1771 4682 2027 4738 quorsum
2079 4666 2208 4723 illud

635 4764 953 4835 prooemium
989 4761 1014 4816 ?
1059 4760 1298 4828 Isidorus
1342 4758 1728 4828 scholasticus,
1761 4760 1854 4830 qui
1897 4760 2023 4814 dum
2057 4760 2210 4814 vive-

635 4866 738 4922 rel,
771 4854 898 4908 mihi
935 4853 1035 4906 luit
1067 4852 1298 4918 amicus,
1349 4865 1492 4906 nunc
1551 4859 1726 4906 autem
1765 4849 2024 4904 memoria
2072 4849 2210 4904 idem

636 4961 720 5007 est
747 4964 810 5004 ac
852 4951 1006 5003 vivus
1038 4961 1176 5014 erat,
1207 4957 1261 5002 tu
1294 4946 1411 5002 aliis
1437 4947 1615 5002 dicere
1667 4961 1858 5016 posses
1913 4960 2074 5014 quam
2109 4944 2214 4998 mi-

639 5043 864 5098 rabilem
892 5057 950 5096 se
971 5041 1258 5111 praebuerit
1289 5059 1304 5108 ;
1336 5055 1367 5094 e
1397 5039 1534 5094 vivis
1575 5037 1860 5092 discedens
1900 5037 2216 5092 destitutam

637 5136 784 5188 omni
830 5133 1098 5204 adjutorio
1140 5132 1364 5187 domum
1399 5129 1620 5198 reliquit
1659 5144 1675 5184 :
1717 5143 1836 5198 quae
1859 5129 2005 5181 enim
2046 5137 2219 5181 mater

644 5228 841 5293 fuerat,
886 5225 1018 5280 orba
1077 5240 1242 5288 nunc,
1275 5225 1329 5278 in
1365 5231 1606 5276 extrema
1645 5229 1944 5281 senectute,
1981 5233 2078 5274 nec
2105 5219 2216 5290 jam

646 5329 818 5372 mater
848 5334 864 5385 ;
894 5333 1032 5373 uxor
1079 5326 1260 5371 autem
1315 5314 1594 5368 viduitatis
1621 5312 1752 5382 jugo
1801 5312 2067 5380 premitur
2105 5353 2122 5378 ,
2155 5313 2220 5366 de

647 5407 832 5462 liberis
866 5421 990 5461 vero
1043 5407 1172 5474 quid
1201 5403 1487 5459 dicendum
1520 5403 1544 5456 Ἰ
1573 5399 1815 5456 Parvula:
1866 5410 1993 5455 sunt
2032 5400 2222 5468 puellm

649 5506 704 5550 et
729 5496 843 5564 jam
874 5497 1240 5566 orphanorum
1270 5493 1522 5548 miseram
1555 5503 1756 5546 sortem
1789 5497 2046 5560 expertae,
2087 5504 2222 5544 unov

653 5599 869 5655 quoque
896 5585 1084 5654 verbo,
1109 5584 1358 5640 omnibus
1401 5582 1654 5652 iniuriam
1689 5579 1889 5636 inferre
1917 5579 2221 5636 volentibus

2293 3030 2390 3102 τὴν
2446 3027 2805 3100 σωφροσύνην
2859 3031 2954 3083 καὶ
3001 3030 3062 3084 τὸ
3118 3031 3523 3102 φιλάνθρωπον,
3573 3032 3675 3086 καὶ
3720 3033 3885 3100 quin

2295 3119 2794 3194 παραμυθούμενον
2822 3121 3058 3192 ἐραστήν
3081 3137 3096 3152 ·
3126 3123 3222 3176 καὶ
3249 3122 3380 3193 παρ’
3406 3123 3535 3193 ὑμῖν
3557 3123 3752 3191 μόνοις
3783 3121 3887 3174 τῶν

2293 3211 2592 3284 ὁρωμένων
2627 3211 2661 3280 ιλ
2690 3211 2790 3263 θέα
2825 3211 2902 3282 τῷ
2929 3211 3072 3281 λόγῳ
3099 3213 3200 3277 τὴν
3221 3212 3534 3284 μαρτυρίαν
3567 3211 3882 3283 χαρίζεται·

2295 3307 2344 3358 εί
2365 3303 2421 3358 δὲ
2444 3303 2538 3356 καὶ
2577 3303 2907 3373 κυπάριττοι
2937 3303 3142 3356 πυκναὶ
3170 3305 3306 3374 πρὸς
3327 3305 3490 3376 χάριν
3521 3305 3773 3359 ἀνεῖνται
3791 3305 3886 3374 τῆς

2295 3394 2580 3466 ἐρωμένης
2619 3393 2978 3458 Ἀπόλλωνος,
3012 3394 3110 3448 καὶ
3145 3393 3292 3467 ὕδωρ
3329 3396 3562 3465 ἄφθονον
3595 3397 3695 3450 καὶ
3715 3397 3888 3450 τέττι-

2299 3503 2392 3554 γες
2419 3485 2630 3557 ᾄδουσι,
2661 3484 2758 3538 καὶ
2801 3483 2919 3548 ὁδὸς
2951 3487 3018 3554 τῇ
3071 3485 3180 3557 πόᾳ
3223 3487 3442 3558 μαλακῇ
3479 3489 3886 3559 παρακέχυται,

2296 3577 2392 3630 καὶ
2438 3576 2633 3646 δένδρα
2685 3575 2802 3629 ἄλλ’
2835 3575 2922 3628 ἐπ’
2965 3575 3169 3639 ἄλλοις,
3222 3578 3319 3630 καὶ
3345 3578 3516 3632 οἰκίαι
3555 3578 3640 3652 τῷ
3681 3579 3887 3632 τούτων

2298 3670 2422 3740 ὕψει
2450 3656 2613 3723 κατὰ
2630 3670 2796 3739 μέσον
2822 3669 3223 3740 κρυπτόμεναι,
3252 3665 3397 3740 αὖρά
3441 3687 3506 3724 τε
3543 3671 3769 3742 μετρία,
3797 3672 3887 3724 καὶ

2296 3759 2446 3830 ὀσμὴ⁴
2463 3756 2764 3829 συμμιγὴς,
2792 3758 2886 3811 καὶ
2914 3759 3042 3811 σκιὰ
3070 3758 3163 3812 τοῦ
3195 3759 3346 3830 ἡλίου
3375 3759 3437 3812 τὸ
3471 3759 3724 3832 λυπηρὸν
3755 3761 3885 3814 ἀπο-

2297 3850 2574 3913 κλείουσα,
2631 3849 2954 3920 ὑμέτερονῆ
2983 3849 3056 3912 ὡς
3086 3849 3253 3922 τάχος
3286 3848 3637 3922 ἀγγέλλεινῆ
3681 3850 3883 3921 διηγεῖ-

2301 3940 2426 3994 σθαι
2462 3941 2574 4002 τοῖς
2597 3939 2892 4008 γράμμασι
2909 3953 2923 3968 ⁸
2944 3937 3087 4008 πλὴν
3112 3939 3408 4010 βουλοίμην
3437 3941 3520 4003 είς
3539 3940 3687 4011 ὑμᾶς
3704 3942 3883 3994 ἐλθόν-

2297 4047 2397 4093 τας
2432 4029 2584 4092 ἰδεῖν,
2617 4028 2705 4080 ἵνα
2738 4027 2876 4097 πρὸς
2915 4030 3028 4092 τοῖς
3073 4028 3258 4093 ἄλλοις
3312 4031 3413 4082 καλ⁸
3469 4032 3882 4098 μαντευομένων

2299 4118 2624 4187 ἀκούσωμαι
2643 4129 2656 4142 ·
2695 4115 2790 4168 καὶ
2813 4116 2970 4168 τοῦτο
2991 4116 3100 4188 γὰρ
3131 4118 3259 4188 ὑμῖν
3295 4113 3451 4187 οἶμαι
3473 4117 3778 4173 δεδωκέναι
3794 4121 3882 4190 τὴν

2301 4213 2542 4280 Δάφνην.
3853 4211 3882 4240 ’

2850 4302 2942 4366 ς’.
2984 4299 3344 4372 multum.

2378 4393 2490 4464 Τὴν
2521 4391 2629 4445 τῶν
2667 4391 2811 4462 μέγα
2839 4388 3154 4459 δυναμένων
3211 4389 3413 4458 ἀρετὴν
3445 4389 3715 4458 μεγίστην
3737 4383 3884 4458 οἶμαι

2305 4488 2418 4549 τοῖς
2460 4483 2836 4554 ἀδικουμένοις
2880 4479 3257 4551 παραμυθίαν.
3309 4481 3610 4550 Δυνάμεως
3657 4480 3768 4549 γὰρ
3812 4483 3882 4542 εἰς

2309 4574 2504 4630 ταυτὸν
2571 4573 2834 4642 ἐλθούσης
2884 4573 2978 4626 καὶ
3027 4571 3254 4642 γνώμης
3301 4572 3552 4642 τιμώσης
3586 4571 3656 4624 τὰ
3684 4573 3880 4633 δίκαια,

2307 4665 2363 4719 τί
2391 4663 2589 4718 κωλύει
2617 4662 2753 4733 πρὸς
2780 4663 2952 4733 πέρας
2982 4660 3120 4714 ἰέναι
3141 4659 3211 4712 τὰ
3231 4660 3494 4714 δοκοῦντα
3521 4663 3637 4724 τοῖς
3668 4663 3880 4732 νόμοιςς

2323 4755 2487 4810 Ἀλλὰ
2533 4753 2586 4806 τί
2645 4769 2734 4824 μοι
2777 4750 3026 4822 βούλεται
3053 4750 3114 4802 τὸ
3161 4751 3484 4820 προοίμιον;
3533 4751 3806 4821 Ἰσίδωρος
3858 4753 3884 4802 ὁ

2315 4847 2688 4918 σχολαστικὸς,
2743 4846 2770 4898 ὁ
2820 4842 2989 4897 πάλαι
3046 4842 3144 4912 μὲν
3167 4842 3320 4910 φίλος
3353 4841 3516 4912 ἡνίκα
3564 4841 3686 4913 ἔζη,
3721 4843 3882 4897 vin?)

2321 4939 2484 5009 μέχρι
2519 4937 2618 5006 τῆς
2682 4935 2926 5005 μνήμης,
2970 4927 3081 4996 οἶος
3117 4933 3216 5000 μὲν
3259 4928 3328 5003 ἧν
3388 4933 3478 4987 τὸν
3532 4932 3668 5005 βίον,
3707 4921 3877 4987 sate;

2319 5027 2653 5098 πανταχόθεν
2683 5027 2846 5078 αὐτὸν
2889 5026 3119 5094 παρεῖχε
3177 5023 3503 5093 Θαυμάζειν,
3555 5024 3650 5077 καὶ
3683 5015 3874 5083 ἑτέρας

2318 5121 2479 5184 αὐτὸς
2509 5120 2825 5188 ἐξηγήσαιο.
2884 5115 3023 5168 Νυνὶ
3059 5113 3117 5168 δὲ
3171 5113 3422 5168 ἀπελθὼν
3467 5115 3528 5179 ἐξ
3568 5104 3868 5174 ἀνθρώπων.

2320 5213 2526 5284 ἔρημον
2554 5207 2874 5278 συμμαχίας
2905 5205 3163 5258 κατέλιπε
3196 5204 3295 5272 τὴν
3323 5205 3509 5258 οἰκίαν.
3549 5194 3616 5246 Ἠ
3647 5190 3864 5284 μὲνγὰρ

2321 5281 2490 5360 σέάλαι
2514 5302 2718 5374 μήτηρ,
2742 5299 2836 5352 νῦν
2860 5297 3025 5360 ἄπαις
3051 5298 3145 5350 ἐπὶ
3161 5298 3367 5368 γήραος
3397 5287 3550 5357 was.
3577 5285 3672 5340 καὶ
3699 5281 3868 5374 μήτηρ

2323 5369 2543 5452 oaxen?
2577 5369 2742 5464 ea:
2775 5390 3020 5449 σύνοικος
3055 5388 3284 5460 χηρείας
3317 5381 3570 5464 ὑποφέρει
3592 5373 3782 5442 ζυγόν·

2322 5491 2379 5544 δὲ
2411 5485 2597 5540 παιδία
2631 5459 2681 5538 'a
2728 5482 2809 5535 δεῖ
2867 5480 3079 5548 λέγειν;
3125 5459 3279 5550 κόραι
3325 5471 3434 5540 γὰρ
3487 5461 3649 5520 αὗται
3683 5459 3868 5532 μικρὰν

2327 5583 2555 5648 ἄγουσαι
2588 5573 2686 5646 τὴν
2714 5571 2949 5644 ἠλικίαν,
2986 5568 3079 5624 καὶ
3130 5561 3386 5641 ὀρφανίας
3425 5559 3596 5630 τύχης
3627 5551 3874 5627 πειρώμε-
