3966 6318
109 248 257 312 2725

1556 245 1959 307 EPISTOLE.

3244 241 3386 312 2726

98 375 220 419 ναι·
273 358 546 413 συνελόντι
591 355 647 409 δὲ
703 357 889 424 φάναι,
933 356 1249 427 πρόκεινται
1278 358 1411 412 πᾶσι
1434 361 1542 423 τοῖς
1573 361 1680 412 ἁδι-

1789 358 2055 419 ntmoxize,
2088 354 2191 409 nisi
2236 360 2289 407 tu
2322 361 2470 407 vetes
2502 369 2514 406 :
2565 351 2710 408 illinc
2755 360 2989 424 vergunt
3022 368 3146 424 spes
3172 370 3384 411 earum-

98 454 224 507 κεῖν
257 451 625 521 βουλομένοις,
652 447 699 498 εί
723 447 797 518 μὴ
816 447 880 499 σὺ
898 448 1182 511 κιιδλύσεις,
1211 450 1263 501 αἱ
1300 448 1504 502 τούτων
1549 449 1688 521 ὁρῶ-

100 560 192 598 σιν
235 543 464 605 ἐλπίδες.
506 542 566 595 '0
617 541 765 593 δεῖνα
819 541 928 611 γάρ
984 540 1145 608 φύσει
1195 542 1294 611 μὲν
1328 542 1688 612 ἐπιπόνηροςο

101 635 416 707 προσοικιέω
442 636 551 705 γὰρ
606 635 705 704 τὴν
747 633 955 686 τούτων
1000 632 1194 693 οἰκίαν,
1240 633 1335 685 καὶ
1382 632 1472 685 τὸν
1502 634 1566 685 ὲκ
1594 631 1689 685 τοῦ

96 726 439 794 γειτνιάζειν
488 724 682 792 φθόνον
732 722 936 787 λαϐὼν,
966 723 1097 793 μίαν
1126 720 1419 791 πεποίηται
1463 719 1691 790 γνώμην

95 817 380 886 ἄχρηστον
417 816 611 877 αὐταῖς
638 812 963 881 ἀποφαίνειν
1000 812 1102 882 τὴν
1145 813 1359 878 οἴκησιν
1378 829 1390 841 ·
1419 810 1543 862 ὅθεν
1566 809 1690 862 οὔτε

93 906 216 959 τῶν
247 904 674 974 οίκοδομούντων
718 902 959 972 ἐννόμως
1006 901 1369 972 κωλυομένων
1393 901 1686 971 ἠνέσχετο’

96 999 200 1051 καὶ
232 997 365 1065 πρὸς
398 995 659 1064 ἀλλήλους
698 994 1094 1063 διαγράμματα
1144 995 1479 1064 συγκείμενα
1524 993 1690 1063 λῆρον

93 1085 427 1157 ἡγούμενος,
459 1085 795 1157 κυριώτερον
826 1086 988 1138 αὑτὸν
1010 1085 1454 1155 άποφαίνειντῶν
1484 1086 1685 1154 νόμων,

93 1178 202 1232 καὶ
232 1171 306 1231 ὧν
323 1177 485 1241 αὐτὸς
500 1177 852 1249 ὡμολόγησεν
875 1191 891 1209 ⁸
915 1178 1051 1232 ἀλλὰ
1071 1176 1328 1231 δικαστοῦ
1353 1180 1446 1231 καὶ
1466 1176 1686 1246 μισοῦν-

93 1287 192 1332 τος
227 1269 294 1322 τὰ
311 1269 490 1339 φαῦλα
522 1268 749 1341 γνώμην
775 1269 979 1335 λαϐὼν,
1012 1270 1174 1339 γενοῦ
1210 1272 1330 1333 ταῖς
1358 1270 1551 1339 κόραις
1580 1286 1688 1322 πα-

92 1361 231 1430 τὴρ,
269 1362 361 1414 καὶ
382 1364 447 1432 τῇ
484 1362 653 1433 μηιτρλ¹
681 1364 831 1425 παῖς,
891 1362 984 1415 καὶ
1038 1365 1105 1433 τῇ
1153 1362 1375 1428 γυναικὶ
1402 1362 1566 1415 πάλιν
1593 1356 1687 1414 ἶσα

1806 450 2033 516 Quidam
2070 447 2237 510 enim,
2266 453 2455 499 natura
2487 458 2796 512 perversus,
2843 459 3031 499 earum
3072 446 3253 501 domui
3298 448 3382 501 vi-

1802 537 2287 603 einus,vicinitatc
2322 534 2523 589 invidia
2579 544 2756 602 capta,
2814 536 2863 588 id
2914 546 3120 590 tantum
3178 538 3385 607 cogitat

1799 646 1907 702 quo
1934 629 2039 683 illis
2065 630 2282 682 domum
2318 640 2472 679 suam
2498 624 2740 678 inutilem
2773 624 2933 679 faciat
2966 643 2981 679 :
3018 627 3098 681 sic
3119 642 3212 681 eos
3242 628 3381 695 legi-

1801 719 2218 776 timezediflcare
2258 732 2361 770 non
2393 730 2596 784 passus
2620 727 2699 769 est
2735 732 2751 781 ;
2778 727 2932 784 pacta
2963 731 3179 786 quoque
3195 727 3382 772 mutua

1799 828 1896 883 pro
1932 811 2102 866 nihilo
2135 812 2362 872 habens,
2405 823 2462 862 se
2488 809 2694 875 legibus
2730 819 2785 861 et
2831 809 3065 877 propriis
3110 810 3380 877 pactioni-

1799 907 1899 959 bus
1939 903 2277 973 superiorem
2307 902 2529 970 prarbet.
2560 899 2764 954 Judieis
2809 902 2972 970 igitur
3013 912 3247 957 mentem
3298 908 3382 956 in—

1791 995 2015 1065 justitiae
2073 993 2448 1047 adversantem
2505 1005 2744 1054 sumens,
2783 992 2971 1060 puellis
3033 1000 3150 1046 esto
3203 1001 3380 1061 pater,

1797 1086 1958 1141 matri
1997 1085 2140 1139 filius
2167 1093 2218 1135 et
2243 1084 2399 1135 uxori
2432 1084 2635 1151 pariter
2658 1083 2875 1151 coniux,
2910 1087 3218 1154 nostrisque
3249 1101 3383 1140 ocu-

1799 1179 1863 1233 lis
1889 1179 1932 1231 is
1970 1192 2128 1245 quem
2162 1177 2492 1242 experientia
2524 1176 2852 1243 compluries
2895 1178 3173 1245 ostendit;
3204 1178 3383 1232 sciant

1798 1281 1902 1320 non
1923 1280 2046 1321 esse
2089 1263 2272 1319 auxilii
2302 1263 2533 1332 inopiam
2553 1265 2724 1320 donec
2763 1264 2895 1337 legis
2936 1277 2992 1320 et
3019 1267 3120 1321 viri
3156 1265 3378 1333 iustitiae

1754 1353 1767 1367 ’
1796 1359 2033 1413 cultores
2066 1367 2208 1411 stent
2247 1357 2569 1412 incolumes.

94 1453 200 1506 καὶ
230 1451 497 1519 σύνοικος,
554 1454 689 1524 ἡμῖν
732 1452 790 1506 δὲ
827 1452 1070 1516 τοιοῦτος
1101 1447 1282 1525 οἷονή
1332 1452 1681 1525 προλαϐοῦσα
1718 1454 1882 1519 πεῖρα
1929 1450 2188 1513 πολλάκις
2240 1449 2527 1515 ἀπέδειξε·
2578 1452 2672 1504 καὶ
2692 1450 2883 1519 γνώτω
2948 1453 3024 1516 ὡς
3064 1454 3167 1507 οὐκ
3233 1454 3380 1508 ἐστιν

93 1546 311 1617 ἔρημον
348 1542 486 1600 εἶναι
506 1545 843 1617 συμμαχίας,
868 1548 973 1610 ἕως
995 1549 1061 1602 ἂν
1086 1549 1142 1601 οῖ
1166 1565 1226 1602 τε
1253 1549 1407 1619 νόμοι
1432 1549 1692 1615 σώζονται
1736 1549 1827 1603 καὶ
1853 1548 2044 1617 ἄνδρες
2071 1547 2340 1616 τιμῶντες
2369 1546 2438 1599 τὰ
2463 1547 2667 1600 δίκαια.

442 1642 516 1694 Z'.
547 1639 783 1711 ΙἘΣΣΙῼ
827 1641 1344 1714 ΙΑΤΡΟΣΟΦΙΣΤῌ.

171 1730 286 1799 Τὴν
315 1731 586 1802 ὑμετέραν
611 1732 905 1803 ἐπιστολὴν
948 1736 1030 1797 είς
1065 1738 1254 1804 χεῖρας
1275 1735 1476 1798 λαϐὼν,
1511 1735 1681 1799 αὐτὰς

94 1824 258 1890 ἔδοξα
288 1823 439 1894 μόλις
471 1826 834 1896 ἀπειληφέναι
866 1829 965 1892 τὰς
1009 1828 1255 1894 Μούσας,
1284 1829 1470 1891 ἔνθους
1506 1847 1566 1882 τε
1613 1825 1683 1901 ἦν

92 1920 193 1987 ὑφ’
222 1918 435 1988 ἡδονῆς,
468 1920 563 1971 καὶ
591 1920 693 1971 οὐκ
709 1915 854 1990 εἶχον
878 1921 906 1974 ὃ
936 1938 989 1973 τι
1038 1923 1134 1975 καὶ
1179 1922 1459 1992 γένωμαι’
1493 1921 1683 1993 ὥσπερ

88 2016 145 2067 οἱ
178 2013 373 2083 Δελφοὶ
403 2013 621 2067 ἐπειδὰν
638 2014 787 2081 ὼςέξ
803 2014 934 2068 ’Υπε
943 2015 1206 2086 ρϐορείων
1228 2015 1473 2079 ἐλθόντος
1488 2015 1684 2069 Ἀπόλ-

89 2105 290 2171 λωνος,
319 2103 379 2157 τὸ
401 2103 532 2172 πρὶν
557 2104 839 2174 σιγῶντες,
874 2108 1099 2178 πλήρεις
1126 2109 1387 2178 ἐξαίφνης
1418 2108 1683 2177 γένωνται

94 2195 201 2250 τοῦ
237 2196 383 2254 θεοῦ,
412 2197 667 2261 Τοιοῦτος
698 2192 767 2268 ἦν
816 2216 899 2262 τις
948 2199 1084 2269 ἐγὼ,
1138 2200 1316 2253 πάντα
1362 2199 1681 2270 θαυμάζων,

89 2288 211 2341 τῶν
234 2288 515 2359 ὀνομάτων
554 2288 653 2360 τὴν
705 2288 877 2360 ὤραν,
905 2290 1004 2360 τὴν
1051 2292 1188 2362 πρὸς
1239 2291 1444 2362 ἄλληλα
1478 2292 1684 2345 τούτων

86 2378 389 2449 ἁρμονίαν,
422 2378 483 2432 τὸ
508 2378 596 2433 διὰ
618 2378 836 2433 πάντων
866 2379 1064 2444 κάλλος
1094 2381 1513 2452 ἐπιφαινόμενον
1536 2400 1550 2413 ο
1589 2382 1683 2437 καὶ

87 2470 157 2521 τὸ
185 2467 249 2538 δὴ
280 2468 558 2538 μέγιστον,
581 2469 708 2532 τοὺς
739 2470 1040 2542 ὑμετέρους
1070 2469 1329 2540 τρόπους,
1361 2470 1420 2535 ἐξ
1448 2463 1522 2525 ὧν
1556 2474 1685 2544 ἡμῖν

88 2557 339 2628 προῆλθε
396 2559 465 2613 τὰ
509 2559 848 2631 πράγματα·
902 2560 997 2615 καί
1045 2578 1127 2614 σοι
1186 2562 1446 2628 πολλάκις
1504 2564 1686 2632 ἀγαθὰ

88 2649 315 2717 γένοιτο
335 2649 591 2720 τοιαύτην
614 2652 743 2720 ἡμῖν
774 2652 1142 2705 ἀποδεδωκότι
1168 2650 1264 2721 τὴν
1287 2653 1483 2723 ἑορτήν
1504 2670 1517 2684 ο
1549 2654 1685 2709 ἀλλὰ

87 2742 213 2813 γὰρ
248 2743 344 2811 μία
372 2741 595 2812 χελιδὼν
627 2742 747 2814 έαρ,
773 2745 959 2812 φησὶν,
993 2746 1056 2798 οὐ
1085 2748 1254 2799 ποιεῖ’
1280 2739 1392 2800 οἷον
1433 2746 1490 2799 δὲ
1523 2745 1616 2799 καὶ
1648 2748 1682 2816 ἡ

87 2833 450 2903 προλαϐοῦσα
493 2833 718 2905 χελιδὼν
776 2838 855 2899 είς
909 2836 1071 2908 ἔργου
1131 2838 1333 2909 ἤρκεσε
1368 2838 1586 2910 χρείαν’
1637 2841 1685 2893 εἰ

83 2928 151 2981 δὲ
179 2926 275 2981 καὶ
306 2927 567 3000 δευτέραν
619 2929 915 3001 προσθείην
950 2931 1045 2984 καὶ
1093 2932 1285 3001 τρίτην
1311 2928 1430 2986 εἶτα
1458 2932 1679 2995 πολλὰς,

2064 1641 2176 1695 VII.
2208 1642 2454 1696 GESSIO
2491 1642 2744 1698 INSIGNI
2798 1643 3073 1700 MEDICO.

1855 1733 2024 1787 Tuam
2051 1733 2333 1803 epistolam
2368 1734 2419 1787 in
2450 1735 2701 1789 manibus
2726 1735 3031 1805 accipiens,
3063 1737 3209 1805 ipsas
3258 1735 3377 1790 Mu-

1784 1840 1873 1879 sas
1898 1825 2044 1879 visus
2072 1824 2199 1877 mihi
2233 1840 2351 1878 sum
2390 1826 2809 1896 accipere:praa
2856 1827 3132 1895 voluptate
3186 1842 3377 1882 amens

1785 1917 1999 1986 meique
2021 1917 2264 1971 nescius:
2285 1917 2731 1985 quemadmodum
2756 1917 2984 1986 Delphii.
3006 1933 3127 1972 cum
3149 1919 3288 1972 velut
3306 1933 3374 1973 ex

1785 2008 2148 2080 Hyperboreis
2205 2007 2421 2061 advenit
2470 2007 2694 2076 Apollo,
2727 2010 2877 2077 prius
2916 2009 3071 2073 muti,
3104 2009 3247 2078 pleni
3281 2024 3367 2063 re-

1787 2110 1945 2170 pente
1979 2102 2078 2154 deo
2114 2099 2248 2154 fiunt
2280 2118 2294 2168 ;
2333 2100 2410 2154 sic
2440 2114 2559 2170 ego,
2607 2102 2785 2154 omnia
2823 2101 3047 2166 mirans,
3083 2102 3371 2155 verborum

1784 2201 2149 2257 venustatem,
2172 2206 2361 2245 eorum
2399 2193 2463 2243 ad
2494 2191 2726 2246 invicem
2759 2193 3124 2257 harmoniam,
3152 2191 3374 2246 elucen-

1788 2292 1892 2336 tem
1916 2297 1979 2336 ex
2009 2281 2259 2336 omnibus
2298 2282 2572 2347 decorem,
2601 2282 2695 2337 sed
2727 2283 3023 2352 praesertim
3063 2291 3182 2337 tuos
3237 2280 3371 2339 affe-

1786 2381 1906 2427 clus
1934 2373 2132 2441 quibus
2173 2373 2240 2426 ad
2289 2387 2375 2427 me
2424 2387 2486 2427 ea
2526 2373 2878 2428 devenerant.
2930 2374 3205 2429 Permulta
3271 2374 3365 2427 tibi

1785 2464 2099 2533 contingant
2125 2465 2284 2519 bona.
2319 2465 2410 2534 qui
2441 2472 2650 2518 tantam
2696 2464 2828 2518 mihi
2886 2463 3233 2520 festivitatem
3291 2464 3370 2521 fe-

1785 2555 1949 2610 cislil
1998 2555 2233 2610 hirundo
2266 2570 2392 2621 una,
2429 2562 2486 2608 ut
2547 2555 2719 2621 aiunt,
2748 2571 2845 2611 ver
2898 2572 3003 2610 non
3036 2556 3183 2623 facit,
3244 2556 3373 2612 licet

1787 2649 2125 2715 prmveniens
2148 2648 2383 2701 hirundo
2419 2647 2485 2700 ad
2507 2647 2556 2700 id
2580 2649 2714 2702 satis
2746 2648 2816 2703 sit
2851 2664 2867 2715 ;
2902 2649 3041 2718 quod
3068 2650 3111 2704 si
3142 2650 3367 2703 alteram

1791 2738 2073 2806 adderem,
2108 2747 2163 2792 et
2199 2740 2510 2806 tertiam,et
2538 2738 2735 2793 multas
2765 2750 2977 2808 postea,
3004 2741 3251 2795 vermilti
3285 2752 3368 2795 ta-

1787 2844 1907 2883 men
1935 2844 2039 2882 non
2081 2840 2244 2895 esset,
2280 2829 2373 2883 sed
2398 2844 2571 2898 neque
2612 2830 2700 2885 ille
2730 2828 2975 2895 Crassus,
3017 2846 3195 2901 neque
3235 2847 3369 2887 auro

1789 2918 1962 2974 fluens
1995 2918 2268 2973 Pactolus.
2303 2918 2529 2974 Liberos
2558 2930 2679 2974 tuos
2706 2936 2827 2975 cum
2858 2921 3200 2988 jueunditate
3235 2924 3366 2990 vidi,

83 3019 251 3072 οὐδὲν
280 3019 345 3073 ἂν
385 3020 470 3090 εἴη
532 3019 632 3090 έαρ
684 3022 850 3091 ἡμῖν’
897 3020 1020 3075 οὔτε
1063 3025 1295 3092 Κροῖσος
1322 3025 1526 3086 ἐκεῖνος
1556 3021 1680 3075 οὔτε

1789 3020 1835 3065 et
1863 3011 2015 3081 quasi
2039 3026 2134 3079 per
2161 3010 2451 3080 imaginem
2472 3012 2565 3066 tibi
2592 3013 2767 3066 denuo
2785 3013 3154 3084 conjungebar
3183 3032 3198 3082 ;
3226 3019 3369 3070 unde

78 3106 289 3177 χρυσῷ
319 3108 458 3178 ῥέων
497 3109 526 3161 ὁ
582 3107 896 3174 Πακτωλός.
919 3110 1059 3173 Τοὺς
1089 3110 1145 3164 δὲ
1179 3110 1471 3182 ὑμετέρους
1490 3110 1680 3173 παῖδας

85 3196 239 3251 εἶδον
260 3199 450 3270 ἡδέως,
481 3202 576 3281 καλ
634 3199 823 3271 ὥσπερ
856 3200 923 3254 δι’
952 3201 1163 3264 εἰκόνος
1222 3202 1507 3272 ἀνηγόμην
1542 3203 1682 3274 πρὸς

86 3289 157 3340 σέ
181 3288 336 3340 ’ὅθεν
368 3287 626 3359 ηὐξάμην
681 3290 777 3341 καὶ¹
826 3288 1047 3352 πλείους
1078 3289 1204 3342 ἰδεῖν
1224 3305 1237 3319 ·
1264 3289 1357 3342 καὶ
1388 3291 1435 3341 εί
1465 3290 1679 3358 μεγάλα

84 3379 304 3447 λέγειν,
333 3377 427 3432 τοῦ
459 3379 662 3450 πατρὸς
687 3378 945 3448 ἀμείνους
968 3392 980 3405 ⁸
1014 3379 1129 3433 ἀλλ’
1152 3377 1246 3433 οὖν
1276 3379 1555 3450 εὐχομένω
1580 3381 1680 3453 ῥᾴ-

84 3473 211 3525 διον
238 3470 415 3539 λέγειν
437 3472 536 3525 ὅσα
561 3487 624 3540 γε
650 3470 919 3541 βούλεται,
944 3471 1036 3524 κα)⁴
1061 3470 1345 3542 μιμεῖσθαι
1368 3470 1459 3525 τὸν
1482 3470 1680 3523 Ἕκτο-

91 3577 194 3632 ρα·
243 3561 335 3613 τὸν
372 3562 585 3630 ἑταῖρον
632 3561 908 3632 Δωρόθεον
949 3562 1109 3615 αὐτόν
1147 3580 1213 3632 με
1261 3562 1409 3618 δοκεῖ
1433 3562 1681 3632 παρόντα

90 3654 398 3723 προσάγειν
422 3653 550 3722 ὑμῖν
570 3670 582 3683 ·
604 3653 698 3707 καὶ
718 3653 896 3720 λέγειν
923 3653 1051 3706 ἄλλο
1077 3654 1174 3723 μὲν
1195 3653 1365 3716 οὐδὲν,
1395 3652 1679 3723 πληρῶσαι

85 3746 155 3799 δὲ
187 3745 340 3797 τοῦτο
365 3746 466 3807 τάς
496 3743 716 3807 ἐλπίδας
744 3743 892 3814 αύτῷ
946 3746 1188 3815 παρέσχε
1229 3744 1297 3797 τά
1322 3745 1563 3813 ὑμέτερα
1593 3744 1677 3796 δι-

88 3838 434 3909 ηγούμενος·
464 3838 513 3888 εί
538 3836 594 3889 δὲ
615 3836 709 3889 καὶ
730 3836 795 3889 δι’
827 3837 927 3906 ὲμέ
970 3854 1022 3889 τι
1084 3837 1244 3892 πλέον
1265 3837 1407 3904 ἕξειν
1443 3838 1673 3904 ἐλπίζει,

94 3928 366 3999 ὑμέτερον
395 3926 460 3980 ἂν
489 3927 574 3993 εἴη
598 3926 786 3981 τοῦτον
830 3930 906 3999 μὴ
944 3927 1248 3997 ψευσθῆναι
1284 3929 1385 3998 τῆς
1434 3926 1676 3998 συγγνώ-

92 4036 211 4089 μης
233 4036 248 4051 ·
282 4020 542 4089 συστήσει
572 4018 629 4071 δὲ
655 4019 745 4072 τὸν
794 4019 914 4072 νέον
963 4020 1091 4091 ὑμῖν
1123 4020 1217 4074 καὶ
1260 4020 1463 4091 τρόπος
1481 4020 1681 4091 ὁμοίως

87 4110 197 4163 καὶ
224 4108 447 4174 σπουδὴ,
476 4107 619 4180 ειπερ
642 4110 690 4162 εί
714 4104 781 4179 ἦν
800 4108 961 4162 αὐτὸν
988 4108 1106 4180 ἅμα
1124 4113 1188 4181 τῇ
1212 4110 1310 4182 θέᾳ
1327 4113 1681 4181 παραστῆσαι

45 4258 57 4275 ν
88 4202 272 4269 σαφῆ,
299 4200 452 4254 οὐδὲν
483 4201 548 4253 ἂν
567 4200 696 4264 ἴσως
730 4200 838 4253 ἔδει
860 4201 968 4255 τῶν
988 4202 1270 4275 ἡμετέρων
1302 4202 1680 4273 γραμμάτωνο

85 4291 194 4344 νῦν
218 4290 274 4343 δὲ
307 4291 372 4344 δι’
433 4291 532 4360 ἐμὲ
598 4292 666 4345 τά
715 4291 910 4359 πρῶτα
959 4291 1220 4363 τιμήσας,
1279 4293 1504 4363 ὓστερον
1526 4288 1682 4362 οἶμαι

1781 3104 2030 3173 exoptavi
2068 3112 2122 3157 et
2171 3102 2355 3172 plures
2391 3103 2577 3158 videre
2610 3113 2665 3159 et
2693 3104 2737 3158 si
2782 3121 2972 3176 magna
3006 3108 3187 3163 dicere
3218 3108 3369 3171 licet,

1782 3205 1937 3265 patre
1960 3195 2211 3249 meliores
2247 3213 2260 3259 ;
2297 3197 2394 3249 sed
2429 3195 2634 3263 optanti
2686 3195 2846 3252 facile
2886 3208 2971 3253 est
3029 3214 3370 3269 quacunque

1783 3287 1910 3341 velit
1928 3286 2126 3351 dicere,
2149 3298 2202 3340 et
2221 3285 2505 3340 [lectorem
2528 3286 2747 3341 imitari.
2774 3286 3103 3343 Dorotheum
3135 3289 3372 3343 amicum

1781 3377 1912 3431 mihi
1940 3377 2123 3431 videor
2152 3386 2471 3446 praesentem
2508 3378 2602 3431 tibi
2638 3379 2855 3443 sistere,
2878 3394 2976 3435 nec
2998 3379 3201 3450 aliquid
3228 3380 3371 3433 aliud

1782 3470 1985 3534 dicere,
2002 3470 2095 3523 scd
2128 3485 2245 3523 eam
2278 3469 2420 3523 illius
2448 3484 2600 3538 spem
2634 3470 2862 3540 implere
2920 3488 3083 3541 quam
3116 3481 3206 3526 tua
3242 3489 3370 3526 nar-

1780 3574 1908 3613 rans
1937 3559 2068 3614 oriri
2089 3559 2237 3613 fecit.
2260 3558 2316 3613 Si
2346 3570 2527 3613 autem
2551 3575 2647 3629 per
2675 3577 2760 3615 me
2789 3564 3092 3630 quidquam
3136 3566 3371 3633 amplius

1782 3651 1989 3703 habere
2012 3660 2219 3717 sperat,
2246 3661 2393 3703 tuum
2419 3651 2525 3703 erit
2551 3651 2694 3705 illius
2718 3652 3046 3707 desiderium
3107 3671 3212 3709 non
3268 3655 3372 3709 fal-

1783 3739 1916 3795 lere.
1940 3738 2205 3795 Juveuem
2238 3740 2332 3795 tibi
2357 3742 2596 3796 vincient
2629 3759 2809 3798 mores
2855 3745 3013 3799 simul
3048 3754 3102 3799 et
3143 3746 3372 3816 diligen-

1784 3832 1897 3886 tia:
1954 3847 2075 3901 qua:
2134 3832 2177 3886 si
2225 3832 2482 3901 possibile
2526 3846 2713 3900 esset,
2758 3851 2861 3889 una
2930 3852 3053 3889 cum
3120 3838 3369 3906 corporis

1785 3921 1972 3977 habitu
2003 3921 2291 3977 manifeste
2324 3925 2630 3993 ostendere,
2664 3941 2769 3980 nun
2804 3926 2986 3982 forsan
3021 3928 3156 3981 meis
3177 3930 3368 3988 litteris

1785 4027 1923 4082 opus
1950 4024 2095 4069 esset
2122 4031 2136 4080 ;
2167 4013 2314 4067 illum
2347 4026 2570 4085 propter
2601 4032 2685 4070 me
2714 4016 2891 4086 primo
2929 4016 3367 4082 coltonestatum,

1785 4116 1991 4174 postea,
2019 4106 2205 4170 credo,
2232 4118 2454 4177 propter
2491 4108 2665 4177 ipsum
2727 4108 3015 4163 mirabere.
3046 4109 3189 4162 Puto
3236 4125 3371 4178 quo-

1787 4213 1892 4267 que
1925 4200 2157 4253 amicqu
2188 4199 2540 4253 Anastasium
2570 4199 2819 4269 benignis
2851 4211 2902 4255 te
2918 4201 3089 4255 oculis
3145 4204 3363 4271 conspi~

1787 4304 1932 4356 cere,
1975 4291 2139 4346 veluti
2168 4306 2340 4363 genus
2372 4300 2617 4346 nostrum
2651 4306 2832 4346 omne.
2861 4293 2997 4358 Quid
3019 4293 3250 4364 amplius
3281 4295 3362 4349 di—

86 4382 403 4451 θαυμάσεις
421 4383 515 4439 καὶ
541 4381 608 4435 δι’
642 4382 807 4436 αὐτόν
827 4398 840 4413 ·
873 4380 1024 4453 οἶμαι
1055 4383 1229 4437 δὲκαὶ
1259 4387 1473 4457 ἑταῖρον
1516 4387 1673 4438 Ἀνα-

1789 4384 2572 4456 cendumliominijampridem
2603 4386 2780 4440 amico
2801 4395 2855 4440 et
2897 4386 2993 4456 qui
3049 4389 3208 4443 modo
3258 4404 3364 4443 non

85 4471 318 4529 στάσιον
347 4472 633 4544 εὐμενέσιν
664 4472 810 4544 ὑμᾶς
849 4472 979 4526 ίδεῖν
1016 4472 1316 4544 ὀφθαλμοῖς
1368 4474 1444 4539 ὡς
1482 4475 1576 4527 καὶ
1606 4474 1668 4527 τδ

1778 4476 1974 4531 minori
2014 4476 2385 4533 benevolentia
2413 4476 2551 4533 allici
2575 4475 2816 4531 dicitur?

82 4567 367 4640 ἡμέτερον
396 4569 583 4637 γένος’
614 4568 668 4621 τί
700 4569 809 4641 γὰρ
829 4569 912 4623 δεῖ
958 4568 1122 4623 πλέον
1148 4570 1322 4623 είπεῖν
1372 4570 1506 4641 πρὸς
1541 4568 1711 4641 ἄνδρα
1749 4570 1918 4625 πάλαι
1965 4589 2025 4625 τε
2069 4572 2166 4626 καὶ
2202 4572 2355 4643 φίλον
2386 4572 2482 4628 καὶ
2507 4571 2601 4627 νῦν
2625 4572 2778 4626 οὐδὲν
2798 4565 2962 4646 ἧττον
2992 4573 3195 4628 εὐνοεῖν
3226 4575 3365 4647 ᾑρη-

86 4660 259 4735 μένον
270 4676 292 4728 3

504 4754 585 4808 ην.
624 4751 924 4825 ΖΑΧΛΡΙᾼ
965 4753 1250 4825 “meo.

180 4843 268 4910 Ὠς
299 4843 498 4911 ἔοικεν,
533 4836 579 4897 ὦ
607 4843 804 4914 λῷστε,
832 4844 939 4899 τῶν
969 4846 1048 4908 εἰς
1072 4847 1220 4914 ἡμᾶς
1242 4846 1593 4916 σκωμμάτων
1613 4847 1672 4901 οὖ

87 4953 233 4992 ποτε
260 4939 413 5009 παύῃ
430 4952 444 4967 ο
470 4936 607 5006 μηδέ
637 4952 702 5005 γε
726 4935 962 4989 παύσαιο
981 4936 1206 5003 τούτων,
1224 4930 1268 4989 ὧ
1291 4936 1492 5001 πάντες
1522 4938 1635 4991 θεοί
1659 4953 1673 4968 ο

82 5031 169 5091 ὼς
197 5026 310 5096 ἐγὼ
334 5028 640 5099 λεγομένων
657 5027 940 5096 προσγελῶ
952 5045 1011 5080 τε
1029 5027 1235 5092 τούτοις
1250 5029 1563 5100 γράμμασι,
1581 5034 1676 5084 καὶ

85 5118 235 5188 πρὸς
288 5119 433 5187 ὑμᾶς
477 5119 815 5189 ἀφικνοῦμαι
862 5122 929 5191 τῇ
989 5119 1218 5191 διανοίᾳ,
1270 5122 1362 5174 καὶ
1398 5121 1576 5189 λέγειν
1623 5140 1675 5175 τι

84 5208 237 5265 δοκεῖ)
270 5210 408 5280 πρὸς
437 5211 470 5280 ὴ
480 5212 587 5280 μᾶς
616 5211 712 5264 καὶ
762 5209 1029 5279 λεγόντων
1059 5212 1300 5266 ἀκούειν.
1331 5214 1481 5267 Ὤστ’
1513 5217 1563 5269 εί
1594 5232 1677 5268 σοι

89 5302 252 5373 μέλει
280 5302 378 5369 τῆς
408 5303 465 5353 ὲν
494 5305 606 5365 τοῖς
649 5303 945 5373 γράμμασι
984 5304 1230 5375 χάριτος,
1262 5304 1416 5371 μέλει
1454 5304 1509 5358 δὲ
1534 5305 1674 5359 πάν-

85 5408 226 5454 τως.
254 5390 407 5461 βάλλ’
439 5392 637 5456 οὕτως,
673 5395 767 5447 καὶ
798 5394 1026 5462 μείζονα
1062 5396 1386 5465 χαρίζεσθαι
1411 5396 1605 5461 δόξεις,
1636 5397 1669 5469 ἢ

86 5482 148 5535 ετ
170 5499 260 5552 μοι
287 5485 549 5555 παρεῖχες
603 5478 823 5555 Κροίσῳ
877 5485 1163 5554 γενέσθαιο
1220 5486 1375 5540 κάλει
1419 5487 1476 5540 δὲ
1510 5486 1671 5540 πάλιν

90 5570 378 5642 σοφιστὴν,
405 5575 495 5627 καὶ
521 5573 642 5643 λέγε
667 5575 878 5645 κρότων
906 5578 1037 5648 ἐρᾷν
1056 5595 1070 5609 ·
1091 5578 1263 5651 ὀφρύν
1292 5596 1352 5631 τε
1385 5581 1668 5651 προστίθει

90 5663 191 5715 καὶ⁵
208 5662 398 5733 τύφον,
432 5664 524 5728 καὶ
553 5668 659 5721 πᾶν
689 5668 717 5720 ὃ
751 5667 801 5719 τί
836 5685 918 5721 σοι
964 5668 1115 5738 φίλον
1138 5687 1150 5701 ο
1196 5670 1454 5735 πολλάκις
1488 5671 1541 5724 δὲ
1573 5673 1668 5727 καὶ

2140 4749 2270 4805 VIII.
2313 4748 2684 4804 ZACIIARIE
2730 4748 3010 4808 FRATRI.

1854 4842 1924 4898 Ut
1952 4843 2137 4898 videre
2161 4850 2265 4903 est,
2297 4839 2642 4906 cbarissime,
2673 4842 2778 4895 tuis
2827 4843 2878 4894 in
2941 4858 3041 4897 nos
3097 4844 3362 4900 conviciis

1782 4951 1887 4991 non
1912 4936 2166 4991 desisﬁs:
2200 4932 2293 4989 sed
2353 4946 2420 4987 ne
2454 4932 2709 4996 desistas,
2762 4934 2897 5002 prob
2938 4934 3075 4991 Deos
3128 4938 3357 4992 omnes!

1783 5029 1910 5098 quia
1944 5030 2114 5083 risum
2155 5029 2286 5082 milii
2318 5038 2537 5084 movent
2564 5044 2685 5098 quae
2715 5049 2766 5086 in
2806 5032 2913 5088 niis
2947 5034 3145 5089 litteris
3170 5037 3361 5089 dicun-

1784 5130 1893 5183 tur,
1918 5130 1973 5174 et
2007 5121 2072 5174 ad
2109 5135 2204 5174 vos
2223 5121 2552 5190 cogitatione
2578 5124 2738 5179 venio
2765 5134 2821 5180 et
2871 5126 3001 5179 mihi
3047 5127 3233 5181 videor
3266 5144 3362 5184 vos

1781 5212 1980 5280 alloqui
2014 5220 2064 5264 et
2097 5210 2305 5267 audire.
2339 5209 2571 5282 Ideoque
2613 5214 2658 5269 si
2707 5215 2799 5268 tibi
2854 5204 3000 5270 curre
3037 5224 3119 5269 est
3148 5216 3356 5271 littera-

1778 5322 1897 5361 rum
1933 5305 2107 5376 gratia
2139 5304 2157 5374 (
2186 5315 2238 5360 et
2289 5306 2522 5360 maxime
2560 5307 2690 5378 est),
2719 5306 2819 5361 feri
2869 5294 3069 5373 denuo,
3120 5308 3360 5375 mihique

1744 5457 1749 5461 ,
1778 5398 1949 5469 magis
1971 5408 2185 5469 gratum
2211 5396 2482 5453 videbitur
2510 5414 2671 5468 quam
2691 5398 2733 5453 si
2755 5414 2837 5453 me
2853 5398 3099 5454 Crmsam
3117 5400 3356 5465 faceres;

1776 5507 1992 5547 rursum
2054 5491 2353 5560 sophistam
2415 5506 2545 5545 voca
2601 5500 2654 5544 et
2694 5490 2982 5558 plausuum
3029 5502 3355 5557 amatorem,

1777 5583 2126 5653 supercilimn
2160 5582 2299 5639 adde
2330 5592 2386 5638 et
2444 5582 2753 5652 superbiam
2816 5591 2871 5636 et
2928 5583 3191 5654 quidquid
3256 5585 3351 5639 tibi

1778 5674 2057 5742 placuerit.
2098 5673 2270 5744 Szepe,
2336 5688 2458 5730 cum
2518 5672 2813 5742 sophistam
2850 5672 3079 5742 diceres,
3109 5676 3356 5731 intende-
