4000 6314
561 233 702 300 27°22

1859 232 2208 294 PROCOPII
2246 231 2482 292 GAZJEI

3671 220 3810 288 279.8

563 344 657 397 has
694 342 829 395 idem
867 354 991 396 esse
1022 341 1070 394 id
1116 342 1296 395 dicere
1331 355 1394 396 ac
1437 339 1726 410 superbum
1763 355 1956 396 vocare
1987 356 2124 410 ;ego

2241 342 2488 411 ςοφιστὴν
2547 337 2720 393 εἰπὼν
2777 335 3120 407 ἀπηλλάγης,
3144 334 3218 396 ὡς
3248 332 3445 386 ταυτὸν
3468 331 3530 385 ὒν
3551 331 3722 386 τοῦτο
3739 335 3816 386 εξ-

573 449 702 487 vero
735 444 905 486 artem
939 447 1110 486 meam
1142 447 1249 486 non
1275 432 1520 502 ejurabu.
1565 431 1714 497 Quod
1744 432 1788 486 si
1823 433 1967 486 illius
2001 447 2126 499 pro-

561 524 740 592 prium
773 531 858 578 est
888 525 940 576 in
999 521 1308 591 superbiam
1347 522 1631 584 extollere,
1698 521 1765 576 ad
1816 531 1888 581 te.
1943 521 2126 587 credo,

563 615 798 685 pertinet
822 629 1037 684 quoque
1058 614 1190 667 artis
1211 613 1530 667 exercitium
1567 629 1582 678 ;
1616 612 1708 666 sed
1767 625 1865 682 pro
1917 620 2005 665 tua
2048 626 2130 665 re-

565 707 805 761 verentia
838 707 1046 760 tacebo.
1101 702 1264 758 Forte
1301 705 1494 757 mirum
1529 703 1579 756 in
1617 705 1831 756 modum
1857 717 1918 756 es
1949 701 2133 768 sophi-

564 807 670 860 sta,
693 807 748 849 et
773 812 884 850 rem
907 795 1232 865 experientia
1259 804 1437 847 notam
1457 795 1635 848 verbis
1661 795 1819 848 decet
1835 792 2129 848 celebrare.

565 886 833 942 Praterea
889 887 1106 940 silentio
1163 883 1346 937 forsan
1383 884 1433 936 in
1491 884 1686 937 litteris
1738 883 2013 936 transmisi
2077 891 2133 936 et

563 975 762 1045 quaeris
796 974 956 1029 ﬂores
991 983 1046 1028 et
1075 974 1418 1036 hirundines,
1447 985 1500 1027 et
1531 973 1767 1040 placidas
1791 973 1957 1026 maris
2009 986 2130 1024 mu-

565 1069 815 1132 tatiOttes,
843 1076 897 1120 et
950 1065 1240 1120 fortttosutn
1296 1063 1564 1126 Adonida,
1595 1071 1648 1116 et
1684 1062 2014 1130 Aphroditen
2073 1061 2134 1114 il-

566 1159 670 1212 lam
695 1157 1016 1212 mirabiliter
1057 1165 1352 1218 amantem,
1381 1163 1436 1207 et
1462 1154 1614 1210 doles
1641 1155 1785 1224 quod
1834 1168 2012 1208 rosam
2027 1169 2132 1208 non

564 1251 720 1303 audis
758 1249 912 1316 «nijus
972 1249 1198 1317 gratiam
1227 1247 1544 1316 jamdudum
1607 1245 1861 1311 miraris;
1895 1259 1992 1315 ego
2037 1259 2132 1296 au-

569 1350 674 1394 tem
709 1341 840 1393 nihil
890 1339 998 1392 tale
1035 1339 1232 1400 dicam,
1258 1345 1313 1390 et
1342 1335 1639 1404 praesertim
1675 1335 1787 1398 tibi,
1822 1351 1888 1389 ne
1913 1405 1920 1413 I
1944 1340 2134 1389 rursus

567 1431 817 1487 deridens
847 1446 930 1484 me
953 1429 1160 1499 pulchri
1189 1430 1432 1498 ignarum
1459 1436 1512 1481 et
1541 1427 1836 1494 sophistam
1868 1442 2049 1481 voces.

1075 1691 1166 1748 IX.
1199 1689 1589 1746 EPIPHANIO.

635 1779 832 1836 Potens
876 1785 1023 1836 certe
1061 1795 1184 1836 eras
1223 1793 1598 1850 quemcunque
1640 1777 1900 1834 voluisses
1945 1777 2010 1836 ad
2055 1777 2134 1829 lo-

563 1874 832 1943 quendum
861 1873 1024 1927 velad
1051 1875 1340 1928 tacendum
1411 1872 1606 1937 ciendi,
1649 1871 1890 1940 mihique
1936 1869 2136 1922 videris

566 1965 770 2034 aliquid
800 1964 1045 2034 ejusdem
1079 1964 1223 2019 modi
1259 1963 1439 2019 facere
1470 1979 1534 2018 ac
1571 1964 1616 2018 si
1659 1965 1780 2032 quis
1822 1962 1938 2032 lyra
1973 1977 2133 2030 qnam

566 2057 753 2124 habet,
799 2058 928 2126 quia
958 2070 1019 2110 ea
1053 2058 1128 2110 uti
1172 2057 1441 2122 didicerit,
1489 2067 1580 2110 aut
1605 2071 1768 2111 sonos
1797 2055 2015 2110 eliceret
2044 2062 2138 2108 aut

567 2162 595 2200 a
623 2148 905 2216 pulsandis
937 2147 1156 2200 chordis
1191 2148 1512 2210 abstineret,
1559 2147 1626 2200 ad
1669 2147 1722 2200 id
1761 2146 1902 2215 quod
1944 2145 2136 2200 melius

563 2245 846 2307 putaretur
875 2237 986 2291 cito
1014 2245 1260 2306 paratus,
1295 2251 1393 2290 nec
1418 2237 1713 2306 quidquam
1747 2236 2012 2290 musicum
2053 2237 2134 2290 di-

561 2337 736 2392 ceret,
769 2341 945 2397 neque
973 2328 1088 2397 ipse
1129 2343 1302 2396 neque
1340 2327 1458 2396 ejus
1509 2327 1648 2398 lyra.
1705 2326 1798 2383 Sic
1832 2336 1886 2382 te
1929 2337 2136 2382 tacente

562 2429 618 2471 et
639 2417 704 2471 ad
754 2433 892 2472 nova
942 2417 1326 2486 prospiciente,
1359 2418 1582 2472 tristitia
1624 2419 1806 2473 statim
1837 2418 2134 2486 premimur

562 2519 618 2565 et
651 2510 876 2564 silemus
909 2524 1008 2566 nos
1063 2508 1193 2564 olim
1227 2508 1576 2575 amicissimi,
1612 2523 1755 2563 nunc
1788 2517 1966 2562 autem
1997 2507 2136 2560 forte

562 2601 746 2654 amici.
790 2599 898 2654 Sed
930 2601 1073 2654 unde
1115 2599 1217 2653 hoc
1250 2599 1404 2654 dulce
1431 2599 1456 2654 τ
1483 2597 1654 2669 Leges
1692 2607 1743 2653 te
1771 2607 1966 2669 cogunt
1993 2598 2136 2650 elato

564 2691 855 2760 supercilio
880 2705 1022 2745 esse.
1055 2689 1256 2746 Deinde
1275 2705 1341 2745 eo
1374 2691 1516 2760 quod
1545 2690 1870 2760 legislatoris
1903 2699 2134 2743 mentem

565 2783 867 2852 sumpseris
890 2781 1073 2851 etiam
1101 2781 1464 2835 Romanorum
1503 2795 1590 2836 res
1622 2780 1718 2834 tibi
1763 2779 2000 2834 videaris
2047 2788 2135 2832 tua

564 2875 832 2928 sententia
863 2887 1074 2943 gerere,
1100 2873 1220 2926 ideo
1245 2880 1449 2925 tantum
1482 2872 1533 2924 in
1563 2869 1781 2944 modum
1837 2883 2000 2937 supra
2041 2883 2139 2921 nos

565 2961 863 3016 extolleris.
888 2961 993 3016 Sed
1028 2961 1072 3014 si
1105 2961 1192 3014 vix
1220 2960 1314 3014 tibi
1343 2968 1588 3028 superest
1625 2959 1865 3028 pristina:
1887 2957 2138 3010 amicitiae

568 3054 706 3108 ratio
726 3062 820 3106 aut
846 3051 1130 3115 memoria,
1155 3053 1357 3104 utinam
1376 3051 1503 3104 olim
1532 3050 1584 3104 id
1611 3049 1889 3105 evenerit!
1917 3047 2029 3118 Ego
2047 3065 2140 3102 au-
2164 3030 2206 3087 (ἶ

567 3155 672 3199 tem
689 3145 778 3212 qui
810 3154 913 3198 tua:
939 3142 1131 3212 lingua:
1156 3145 1479 3197 suavitatem
1497 3157 1602 3195 una
1628 3157 1747 3196 cum
1765 3141 2140 3195 hirundinibus

565 3235 767 3299 audivi,
807 3243 985 3290 mente
1007 3235 1259 3300 extollor,
1281 3233 1722 3302 splendidiorque
1776 3233 1858 3286 sol
1887 3232 2017 3286 mihi
2058 3237 2140 3285 lu-

567 3340 698 3382 cere
726 3327 960 3387 videtur,
985 3337 1036 3378 et
1062 3341 1208 3404 inme
1236 3327 1508 3377 mihivere
1537 3328 1689 3376 adest
1716 3337 1810 3375 ver
1840 3339 1854 3389 ;
1889 3325 1981 3376 sed
2007 3323 2137 3376 mihi

565 3415 643 3467 sis
675 3427 889 3480 semper
921 3413 1207 3479 benignus,
1238 3426 1338 3465 nec
1376 3411 1607 3480 amplius
1637 3413 1702 3466 ad
1742 3427 1827 3467 me
1888 3413 2140 3476 infestius,

565 3503 860 3559 obliviosus
887 3516 1158 3570 amorum,
1195 3502 1402 3556 venias.

1176 3675 1218 3729 X
1237 3715 1252 3730 .
1287 3674 1595 3731 SOSIANO.

637 3767 741 3834 Qui
779 3767 1091 3822 divitiarum
1130 3781 1214 3824 est
1245 3787 1454 3834 amans,
1487 3772 1618 3826 nihil
1661 3771 1885 3839 jncundi
1921 3773 2024 3826 nisi
2064 3772 2130 3828 de

567 3859 674 3916 illis
736 3859 976 3930 loquitur
1050 3869 1144 3914 aut
1199 3863 1333 3916 alios
1362 3863 1512 3918 audit
1549 3863 1832 3934 loquentes
1873 3882 1887 3918 :
1923 3864 2067 3934 quod
2093 3867 2138 3920 si

567 3952 642 4006 illi
689 3967 880 4006 aurum
931 3951 1148 4016 oﬂ’eras,
1183 3954 1404 4010 honoris
1435 3953 1608 4010 oﬂicia
1657 3957 1706 4010 ei
1752 3966 1972 4026 prastat
2011 3975 2026 4010 :
2061 3958 2142 4026 sic

566 4055 786 4112 quoque
829 4043 882 4096 in
923 4044 1091 4096 armis
1143 4044 1234 4111 qui
1281 4045 1558 4112 egregium
1616 4023 1828 4100 scutum
1901 4023 2138 4116 accepit,

566 4131 618 4184 id
647 4131 830 4200 magni
865 4141 1075 4200 pensat,
1109 4141 1166 4185 et
1205 4133 1310 4186 huc
1358 4118 1484 4186 illuc
1521 4133 1933 4196 circumferens,
1969 4135 2140 4204 magis

563 4221 736 4276 Marte
768 4221 1045 4290 impletur.
1069 4223 1214 4292 Viro;
1239 4230 1418 4278 autem
1453 4223 1593 4278 bono
1618 4225 1745 4293 quid
1775 4221 1981 4278 faciens
2015 4239 2140 4294 gra-

565 4325 652 4368 tus
713 4313 825 4368 eris
854 4313 1028 4382 magis
1063 4313 1166 4366 nisi
1225 4312 1432 4368 similes
1488 4314 1590 4367 sibi
1654 4315 1806 4368 viros
1863 4315 2138 4368 videndos

565 4404 833 4461 oﬂerens?
882 4404 1086 4473 Itaque,
1115 4413 1169 4459 te
1219 4406 1399 4459 sciens
1437 4404 1744 4472 hujusmodi
1772 4415 1830 4460 et
1869 4421 1990 4462 esse
2041 4423 2138 4459 na-

569 4508 680 4550 tum
734 4505 790 4550 et
855 4495 970 4549 ﬁeri
1026 4496 1202 4559 velle.
1235 4511 1340 4550 non
1397 4505 1603 4549 rectum
1664 4497 1964 4552 arbitratus
2019 4511 2140 4552 sum

569 4587 662 4642 tibi
740 4599 862 4640 esse
915 4587 1154 4655 ignotum
1221 4585 1604 4640 scholasticam
1670 4586 1985 4652 Diodorum,
2044 4589 2142 4644 sed

563 4693 689 4732 eum
729 4679 796 4731 ad
833 4686 884 4731 te
914 4678 1071 4732 mitto
1099 4686 1154 4732 et
1179 4676 1274 4732 tibi
1303 4677 1368 4732 do
1431 4675 1511 4750 (tu
1541 4678 1713 4744 illum,
1754 4679 1844 4735 ille
1873 4679 1972 4751 te),
1999 4682 2140 4736 utri-

566 4783 672 4838 que
703 4779 942 4824 vestrum
964 4779 1178 4840 gratum
1237 4769 1416 4824 facere
1462 4771 1808 4837 existimans,
1837 4772 1882 4826 si
1916 4773 2148 4826 invicem

572 4860 907 4930 experientia
961 4875 1056 4916 vos
1127 4861 1521 4932 cognoveritis;
1577 4872 1803 4932 uterque
1849 4867 2012 4918 etiam
2067 4880 2153 4918 me

569 4953 808 5006 laudabit
831 4953 1008 5008 sciens
1057 4953 1240 5023 qualia
1305 4955 1500 5008 amicis
1531 4957 1767 5022 praebeo.

1157 5133 1249 5191 XI.
1289 5132 1560 5190 JOANNI.

639 5226 1126 5296 Eloquentissiinus
1199 5225 1467 5282 Diodorus
1517 5227 1791 5282 silentium
1859 5228 2002 5281 inter
2051 5243 2148 5282 nos

567 5317 760 5380 solvet,
797 5327 852 5372 et
878 5333 908 5372 a
960 5328 1012 5374 te
1044 5317 1322 5386 postulans
1369 5329 1428 5374 ut
1472 5320 1682 5374 scribas
1723 5329 1778 5375 et
1808 5333 1955 5374 meas
1983 5321 2048 5372 ad
2101 5331 2152 5374 te

569 5408 796 5463 reddens
848 5407 1086 5466 litteras:
1121 5410 1212 5464 ille
1242 5411 1386 5464 enim
1417 5419 1499 5465 est
1525 5410 1660 5464 mihi
1689 5410 1900 5464 amicus
1929 5451 1944 5477 ,
1973 5421 2050 5477 et,
2091 5422 2140 5464 te

567 5509 853 5570 antequam
905 5503 1125 5567 viderit,
1195 5503 1447 5558 amabat:
1507 5503 1679 5557 nostri
1728 5504 1926 5558 etenim
1985 5503 2054 5558 de
2098 5516 2148 5558 te

569 5606 848 5647 sermones
878 5597 942 5649 ad
1004 5607 1055 5650 te
1119 5597 1412 5651 videndum
1451 5593 1692 5652 excitant
1729 5612 1989 5652 amorem.
2049 5596 2142 5651 Vir

2229 434 2352 484 πεῖν
2380 431 2475 484 καὶ
2497 429 2730 494 ἀλαζόνα
2756 425 3008 480 καλέσαι.
3053 422 3193 492 Ἐγὼ
3225 422 3282 474 δὲ
3310 423 3410 492 τὴν
3444 421 3590 493 ἐμὴν
3619 423 3812 491 τέχνην

2228 523 2330 576 οὐκ
2363 520 2748 592 ἀρνησαίμην
2773 519 2822 570 εί
2854 517 2913 570 δὲ
2953 515 3160 582 ταύτης
3185 513 3316 566 ἴδιον
3350 511 3582 583 τδὲπρδς
3615 511 3808 574 ἀλαζο-

2231 613 2379 667 νείαν
2406 601 2795 682 strumam-xui.
2855 606 2938 660 σοί
2987 622 3088 658 που
3122 604 3379 675 μέτεστιν
3411 601 3568 670 ἄγων
3595 601 3696 670 τῆς
3723 603 3808 655 τέο

2230 723 2365 776 χνης
2397 719 2410 734 ⁶
2443 703 2583 757 ὥστε
2613 701 2828 754 δέδοικα
2863 697 2939 768 μὴ
2967 699 3098 766 ὅστις
3131 694 3335 764 ταύτης
3358 695 3617 764 μετέχεις
3638 709 3652 724 ·
3680 693 3810 746 ἀλλά

2229 796 2338 866 γάρ
2359 795 2496 850 αίδοῖ
2518 797 2584 864 τῇ
2618 792 2754 862 πρὸς
2799 790 2861 842 σὲ
2907 789 3295 858 σιωπήσομαι·
3333 785 3466 848 ῐσως
3495 782 3560 836 δὲ
3596 781 3809 852 θαυμα-

2234 893 2358 954 στὸς
2389 880 2468 948 εἷς
2502 883 2761 952 σοφιστὴς
2821 881 2895 934 ὢν
2916 896 2930 911 ο
2963 881 3058 933 καὶ
3099 879 3161 931 τὸ
3191 879 3353 947 ἔργον
3378 877 3481 946 ήδη
3537 874 3812 944 θεώμενος

2232 977 2349 1030 δέον
2371 973 2756 1044 ὲκπομπεῦσαι
2785 972 2862 1042 τῷ
2892 971 3035 1039 λόγῳ
3054 987 3068 1001 ·
3099 964 3218 1022 εἶτα
3256 967 3536 1038 παρῆλθον
3563 969 3696 1035 σιγῇ
3723 967 3813 1019 καί

2234 1086 2336 1120 που
2360 1068 2541 1137 ζητεῖς
2566 1067 2624 1118 ὲν
2652 1067 2762 1127 τοῖς
2805 1063 3096 1133 γράμμασι
3140 1061 3276 1132 ἄνθη
3304 1061 3398 1114 καί
3427 1059 3708 1128 χελιδόνος
3725 1059 3816 1111 καὶ

2235 1159 2503 1228 θαλάττης
2553 1155 2858 1228 μεταϐολὴν
2915 1157 3147 1226 ἥμερον,
3187 1153 3280 1206 τόν
3325 1168 3386 1204 τε
3435 1151 3673 1203 Ἄδωνιν
3725 1148 3814 1200 τὸν

2233 1249 2420 1314 καλὸν,
2450 1247 2544 1301 καὶ
2575 1247 2676 1315 τὴν
2726 1245 3045 1316 Ἀφροδίτην
3078 1241 3292 1310 ἐκείνην
3332 1240 3431 1310 τὴν
3489 1237 3815 1310 παραδόξως

2235 1339 2472 1410 ἐρῶσαν,
2501 1341 2594 1393 καὶ
2615 1339 2697 1391 ὅτι
2743 1337 2818 1406 μὴ
2865 1337 2925 1390 τὸ
2969 1336 3118 1408 ῥόδον
3160 1333 3404 1394 ἀκούεις,
3441 1331 3540 1384 καὶ
3593 1329 3700 1400 τὴν
3727 1329 3812 1381 ἐπ’

2234 1429 2385 1498 αύτῷ
2415 1428 2572 1498 χάριν
2612 1425 2780 1481 πάλαι
2807 1423 3108 1496 θαυμάζεις
3133 1440 3148 1455 ·
3175 1421 3286 1491 ἐγὼ
3309 1421 3368 1474 δὲ
3395 1419 3641 1474 τοιοῦτον
3661 1418 3814 1470 οὐδὲν

2236 1523 2302 1574 ἂν
2323 1523 2535 1588 εἴποιμι
2583 1520 2678 1572 καὶ
2711 1515 2947 1587 μάλιστά
2997 1531 3062 1583 γε
3097 1513 3232 1584 πρὸς
3275 1515 3335 1567 σὲ
3363 1529 3378 1544 ο
3408 1511 3626 1581 μήποτε
3651 1509 3814 1561 πάλιν

2235 1613 2494 1681 γελάσας,
2519 1607 2884 1680 ἀπειρόκαλόν
2921 1623 2988 1676 με
3024 1605 3120 1658 καὶ
3148 1603 3409 1673 σοφιστὴν
3438 1601 3745 1672 ὀνομάσῃς.

2797 1701 2872 1753 Θι.
2895 1697 3242 1766 ΕΠΙΦΑΝΙῼ.

2307 1794 2486 1857 Δεινδς
2521 1795 2628 1864 ἄρα
2649 1810 2731 1855 τις
2755 1787 2902 1861 ἦσθα
2931 1791 3100 1842 κινεῖν
3141 1787 3200 1840 δν
3227 1786 3296 1840 ἂν
3333 1783 3522 1856 ἐθέλῃς
3561 1783 3703 1854 προς
3729 1782 3815 1835 λό-

2235 1906 2330 1958 γον
2341 1887 2435 1941 καὶ
2450 1885 2694 1955 σιωπήν·
2719 1883 2812 1936 καί
2837 1898 2928 1952 μοι
2952 1881 3126 1942 δοκεῖς
3139 1877 3520 1949 παραπλήσιόν
3542 1893 3598 1928 τι
3617 1877 3812 1936 ποιεῖν.

2236 1977 2423 2044 ὥσπερ
2452 1974 2506 2026 εῖ
2540 1991 2624 2036 τις
2661 1960 2831 2042 λύραν
2852 1971 3014 2040 ἔχων,
3049 1966 3353 2038 κεχρῆσθαι
3402 1965 3577 2034 ταύτῃ
3604 1963 3812 2034 μαθὼν,

2237 2069 2331 2122 νῦν
2354 2067 2453 2136 μὲν
2485 2063 2700 2132 ύφαίνοι
2733 2062 2918 2132 μέλος,
2969 2059 3064 2112 νῦν
3103 2057 3159 2111 δὲ
3187 2057 3294 2110 τῶν
3319 2056 3654 2126 κρουμάτων
3685 2053 3817 2106 ἀπό-

2239 2173 2452 2229 σχοιτοο
2509 2157 2560 2208 εί
2611 2155 2722 2223 γάρ
2767 2169 2820 2206 τι
2863 2151 2992 2223 περί
3029 2149 3202 2204 ταῦτα
3233 2149 3481 2218 κρεῖττον
3501 2145 3812 2216 νομισθείη,

2239 2251 2399 2312 εὐθὺς
2433 2247 2566 2318 πρὸς
2597 2245 2776 2300 ἐκεῖνό
2803 2245 2867 2312 γέ
2896 2245 3036 2305 ἐστι,
3076 2241 3170 2296 καὶ⁵
3197 2239 3350 2293 οὐδὲν
3393 2238 3460 2292 ἂν
3489 2237 3639 2291 εἴποι
3681 2253 3813 2306 μω-

2241 2339 2412 2402 σικδν,
2445 2337 2568 2390 οὔτε
2603 2337 2765 2399 αὐτὸς
2795 2333 2920 2389 οὕτε
2947 2336 2981 2405 ἡ
3013 2331 3184 2402 λύραο
3233 2330 3326 2383 καὶ
3358 2328 3454 2382 σοῦ
3495 2327 3815 2390 σιωπῶντος

2237 2433 2391 2500 ἡμῖν,
2423 2429 2556 2500 πρὸς
2586 2427 2654 2480 τὰ
2685 2427 2971 2495 καινότερα
2997 2418 3515 2492 μεταϐεϐλημμένου
3548 2419 3814 2489 κατηφεῖς

2239 2520 2402 2583 εὐθύς
2425 2535 2438 2552 ο
2489 2519 2586 2571 καὶ
2641 2515 2958 2574 σιωπῶντες
3000 2513 3049 2564 οἱ
3090 2511 3258 2563 πάλαι
3292 2507 3392 2578 μὲν
3416 2505 3692 2576 φίλτατοι,
3723 2503 3815 2558 νῦν

2238 2613 2295 2664 δὲ
2322 2612 2451 2674 ἴσως
2481 2608 2623 2678 φίλοι
2648 2623 2662 2638 ·
2688 2605 2804 2661 ἀλλ’
2839 2603 2938 2676 ἡδύ
2997 2602 3162 2656 ποθεν
3190 2601 3250 2654 τὸ
3277 2600 3514 2670 πρᾶγμα
3531 2613 3548 2630 '
3581 2599 3634 2650 οε
3661 2599 3815 2666 νόμοι

2241 2720 2299 2756 σε
2320 2697 2763 2774 παρασκευάζειν
2817 2695 3135 2767 ἠνάγκασαν
3185 2691 3380 2762 σεμνὸν
3424 2691 3549 2754 ταῖς
3585 2688 3815 2760 ὀφρύσιν

2238 2793 2512 2849 ἀνέλκεινο
2545 2785 2666 2844 εἶτα
2703 2787 2960 2858 φρόνημα
2987 2785 3276 2856 νομοθέτου
3299 2781 3503 2845 λαθὼν,
3534 2781 3632 2834 καὶ
3657 2779 3813 2845 δόξας

2239 2884 2340 2954 ἤδη
2361 2884 2429 2937 τὰ
2469 2881 2756 2952 Ῥωμαίων
2818 2879 2972 2946 ἁγειν
3020 2879 3088 2948 τῇ
3131 2875 3320 2943 ψήφῳ,
3365 2870 3623 2926 τοσοῦτον
3658 2870 3817 2941 ἡμῶν

2241 2973 2612 3044 κατεπήρθης.
2679 2969 2818 3024 Ἀλλ’
2878 2967 3065 3036 ἐπειδή
3103 2982 3164 3019 σε
3196 2965 3352 3035 μόλις
3386 2961 3690 3034 ὑπεισῆλθε
3717 2961 3816 3029 τῆς

2242 3062 2477 3124 παλαιᾶς
2517 3057 2803 3130 συνηθείας
2832 3056 2988 3124 λόγος
3042 3053 3137 3107 καὶ
3167 3055 3378 3122 μνήμη,
3433 3051 3546 3104 εῖθε
3579 3050 3684 3121 μὲν
3725 3049 3817 3103 καὶ

2241 3153 2408 3206 πάλαι
2445 3153 2634 3220 γέγονε
2654 3149 2814 3203 τοῦτο
2834 3164 2848 3178 °
2879 3150 2909 3200 ό
2941 3147 3040 3216 μέν
3056 3161 3120 3214 γε
3137 3144 3232 3214 τῆς
3267 3143 3366 3214 σῆς
3391 3141 3640 3213 γλώττης
3679 3141 3816 3210 μετὰ

2237 3245 2346 3298 τῶν
2368 3242 2649 3314 χελιδόνων
2674 3241 2771 3312 ἡδύ
2813 3257 2862 3293 τι
2919 3237 3299 3309 φθεγγομένης
3339 3233 3608 3296 ἀκούσας,
3664 3234 3815 3310 διαντ

2243 3338 2466 3404 ίσταμαι
2497 3335 2562 3403 τῇ
2587 3332 2732 3402 ψυχῇ
2757 3347 2771 3361 ·
2811 3331 2906 3384 καὶ
2957 3324 3339 3397 λαμπρότερόν
3382 3341 3473 3394 μοι
3533 3323 3626 3376 τὸν
3663 3323 3816 3393 ἥλιον

2240 3423 2598 3496 προσϐάλλειν
2623 3420 2764 3476 δοκῶ
2789 3439 2802 3452 ο
2841 3421 2937 3473 καὶ
2973 3417 3071 3472 νῦν
3107 3416 3276 3478 ὅντως
3327 3415 3427 3483 ἔαρ
3457 3413 3601 3484 ἐμοί.
3649 3414 3814 3466 Ἀλλᾶ

2240 3518 2418 3584 γένοιο
2443 3515 2627 3568 λοιπὸν
2647 3517 2780 3584 ἡμῖν
2801 3511 3054 3582 εὐμενὴς,
3079 3509 3175 3564 καὶ
3213 3507 3410 3580 μηκέτ’
3453 3507 3618 3578 ἔλθῃς
3655 3505 3816 3560 πολε-

2244 3609 2402 3680 μιῶν,
2434 3605 2651 3680 ἐρώτων
2681 3607 2759 3668 εἰς
2776 3603 2966 3673 λήθην.

2265 3762 2271 3770 _
2829 3697 2884 3748 r.
2919 3691 3231 3762 ΣΟΣΙΑΝῼ.

2313 3791 2382 3846 Εἴ
2403 3808 2486 3854 τις
2505 3789 2803 3861 χρημάτων
2829 3787 2976 3840 ἐστὶν
3002 3784 3259 3856 ἐραστὴς,
3296 3782 3453 3837 οὐδὲν
3480 3783 3550 3835 ἀν
3575 3781 3754 3853 ἡδέως
3779 3781 3813 3851 ἢ

2241 3885 2422 3948 ταῦτα,
2447 3883 2617 3951 λέγοι,
2649 3883 2745 3936 καὶ
2791 3878 3057 3948 λεγόντων
3107 3875 3284 3930 ἄλλων
3323 3873 3646 3928 ἀκούσειεν·
3687 3875 3740 3928 εί
3765 3873 3820 3926 δὲ

2243 3976 2338 4028 καὶ
2375 3973 2572 4044 χρυσὸν
2619 3971 2767 4039 ἄγων
2809 3967 3136 4039 παράσχοις,
3179 3965 3292 4034 ἔχει
3329 3964 3397 4018 τὰ
3451 3965 3588 4032 παρ’
3625 3963 3820 4032 ἐκείνῳ

2240 4061 2406 4130 τιμῆς
2426 4077 2440 4090 ο
2468 4057 2707 4120 οὖτωςδὲ
2723 4057 2780 4111 ὲν
2804 4057 2990 4118 ὅπλοις
3014 4053 3084 4108 τὰ
3114 4052 3416 4124 πράγματα
3445 4052 3620 4122 καλὴν
3647 4051 3820 4113 οὕτως

2243 4151 2444 4204 ἀσπίδα
2471 4147 2652 4202 λαϐὼν
2690 4146 2961 4218 ὲφρόνησέ
3014 4161 3069 4198 τι
3104 4144 3268 4215 μέγα,
3297 4145 3389 4196 καὶ
3432 4142 3562 4212 τῇδε
3591 4145 3819 4196 κάκεῖσε

2240 4237 2555 4310 περιφέρων
2585 4237 2646 4290 τδ
2675 4237 2859 4308 κτῆμα
2895 4233 3194 4308 πληροῦται
3227 4233 3428 4304 μᾶλλον
3457 4231 3553 4284 τοῦ
3585 4233 3818 4304 Ἄρεως.

2172 4365 2216 4418 D
2255 4331 2437 4402 Ἀνδρὶ
2464 4331 2519 4384 δὲ
2556 4329 2748 4400 ἀγαθῷ
2809 4328 2864 4382 τί
2904 4329 3158 4398 πράττων
3208 4325 3276 4379 ἄν
3319 4343 3404 4390 τις
3465 4323 3821 4394 χαρίσαιτοῆ

2250 4423 2667 4496 παραπλησίους
2698 4421 2898 4492 ἄνδρας
2924 4419 3180 4490 παρέχων
3226 4418 3384 4481 ίδεῖν;
3423 4416 3591 4470 Ὅθεν
3615 4432 3680 4468 σε
3714 4434 3824 4470 τοι-

2249 4516 2406 4572 οῦτον
2438 4514 2598 4578 εἰδὼς
2629 4514 2726 4566 καὶ
2767 4511 3034 4581 γεγονότα
3060 4509 3153 4562 καὶ
3192 4503 3336 4562 εἶναι
3367 4507 3717 4578 βουλόμενον,
3736 4507 3824 4559 τὸν

2252 4604 2604 4676 σχολαστικὸν
2627 4601 2892 4672 Διόδωρον
2942 4599 3158 4668 ἀγνοεῖν
3186 4597 3248 4650 οὔ
3304 4614 3396 4668 μοι
3423 4597 3636 4666 πρέπον
3665 4594 3822 4664 ἐφαί-

2250 4712 2392 4762 νετο,
2419 4694 2536 4748 ἀλλ’
2571 4693 2690 4760 ἄγω
2726 4693 2822 4744 καὶ
2849 4691 3064 4760 δίδωμι,
3097 4689 3162 4742 σὺ
3209 4688 3312 4759 μὲν
3344 4688 3575 4753 ἐκεῖνον,
3615 4689 3826 4748 ἐκεῖνος

2251 4787 2309 4840 δὲ
2344 4785 2404 4838 σὲ
2430 4802 2446 4816 ο
2467 4785 2802 4855 ἀμφότερον·
2837 4783 2965 4852 ὑμῖν
3012 4779 3250 4851 νομίζων
3283 4777 3618 4850 χαριεῖσθαι,
3653 4779 3706 4831 εἰ
3736 4777 3827 4830 ἀλ·

2251 4880 2428 4950 ληλων
2481 4879 2541 4930 ἐν
2597 4877 2766 4947 πείρᾳ
2815 4874 3149 4946 γενήσεσθε·
3197 4873 3478 4926 ἐπαινέσει
3504 4871 3564 4924 δέ
3591 4887 3664 4940 με
3693 4871 3826 4923 πάν-

2251 4986 2360 5031 τως
2403 4967 2686 5038 ἑκάτερος,
2735 4962 2826 5019 οἷα
2871 4967 2982 5028 τοῖς
3030 4964 3203 5032 φίλοις
3261 4962 3542 5034 προξενεῖν
3593 4962 3824 5015 ἐπιστά-

2257 5069 2438 5123 μενος.

2819 5143 2924 5195 ur.
2973 5142 3258 5214 ΙΩΔΝΝῌ.
3291 5132 3298 5140 ‘

2340 5235 2396 5288 Ὁ
2425 5232 2752 5302 λογιώτατος
2768 5233 3029 5304 Διόδωρος
3049 5233 3203 5296 λύσις
3230 5235 3366 5304 ἡμῖν
3394 5233 3535 5286 ἔστω
3563 5233 3666 5304 τῆς
3690 5235 3824 5304 πρὸς

2255 5326 2520 5396 ἀλλήλους
2551 5325 2712 5394 σιγῆς
2735 5341 2750 5356 ο
2787 5326 2882 5379 καὶ
2921 5328 2981 5379 σὲ
3021 5326 3260 5396 γράφειν
3321 5327 3588 5390 ἐπαιτῶν,
3624 5326 3721 5382 καὶ
3757 5329 3821 5379 τά

2254 5420 2382 5487 παρ’
2413 5415 2570 5488 ἡμῶν
2600 5433 2682 5468 σοι
2707 5416 2916 5480 διδούς·
2939 5416 3110 5486 ’φίλος
3155 5416 3256 5486 μὲν
3303 5417 3410 5487 γὰρ
3459 5411 3618 5480 οὗτος
3653 5417 3780 5487 ἐμός
3802 5431 3818 5446 ’

2253 5510 2353 5578 ἤδη
2383 5507 2438 5560 δὲ
2462 5508 2592 5578 πρὶν
2627 5507 2756 5560 ἰδεῖν
2788 5509 2883 5561 καὶ
2913 5509 3002 5571 σὸς
3028 5507 3267 5579 ἐραστὴς
3295 5508 3620 5580 ἐτύγχανενο
3659 5509 3822 5580 οῑγάρ

2255 5599 2314 5664 ἐξ
2345 5599 2504 5669 ἡμῶν
2549 5599 2698 5668 λόγοι
2746 5601 2814 5652 τὰ
2863 5600 2990 5669 περὶ
3031 5600 3124 5652 σοῦ
3177 5598 3529 5673 διηγούμενοι
3565 5603 3702 5672 πρὶς
3729 5603 3822 5669 τὴν
