3966 6318
296 208 438 273 2729

1736 213 2140 276 EPISTOLIE.

3423 218 3565 282 2730

300 320 430 373 θέαν
457 320 672 372 ἐπιοῦσι
696 318 786 371 τὸν
815 318 994 389 ἔρωτα
1015 334 1026 350 ·
1083 320 1110 371 ό
1148 320 1255 388 γὰρ
1291 320 1428 389 ἀνὴρ
1476 322 1735 391 ἐρωτικός
1766 326 1880 374 ἐστι

1993 324 2074 377 ille
2119 324 2458 393 egregiorum
2501 340 2692 379 amans
2727 338 2778 379 et
2827 326 2997 381 honos
3045 326 3234 381 sedulo
3284 329 3561 397 inquirens

302 408 410 462 τῶν
460 407 673 473 καλῶν,
727 409 818 459 καὶ
878 408 1330 478 πολυπραγμονεῖ
1383 412 1508 473 τοὺς
1566 412 1876 481 χρηστούς·

301 500 492 568 ὥσπερ
519 497 708 560 δεδιὼς
740 500 812 567 μή
831 499 963 552 ποτέ
998 516 1079 562 τις
1118 499 1355 562 τοιοῦτος
1383 499 1456 552 ὢν
1479 501 1721 556 διαλάθοι
1745 518 1756 532 ’
1792 505 1884 555 καὶ

1987 432 2053 469 ne
2085 418 2207 485 quis
2259 418 2427 471 bonus
2461 418 2551 470 tibi
2607 418 2679 471 sit
2722 420 2933 485 ignotus
2957 459 2971 473 .
3028 418 3131 471 Sed
3173 436 3341 489 quare
3376 424 3441 477 de
3474 424 3562 476 illo

1988 506 2082 559 tibi
2157 508 2439 561 dicerem?
2478 522 2599 560 nam
2653 510 2985 578 experientia
3047 510 3245 564 doctus
3320 513 3557 580 pejor-em

303 594 353 642 τί
380 606 462 641 σοι
488 589 555 640 τὰ.
586 605 652 639 πε
664 593 715 656 ρί
756 588 943 640 τούτου
968 589 1146 655 λέγειν
1184 608 1249 657 με
1285 590 1396 653 δεῖς
1435 592 1656 656 Πάντως
1683 593 1792 662 γὰρ
1817 595 1882 663 τῇ

1993 598 2255 662 iudicares
2282 601 2491 653 Iaudem
2536 611 2585 654 et
2622 615 2706 653 tne
2735 601 3009 654 iniirmnm
3038 616 3261 657 vocares
3290 614 3561 658 oratorem

306 679 469 749 πείρᾳ
496 678 657 732 τοῦτο
687 676 898 747 μαθὼν,
952 677 1161 731 ἐλάττω
1218 680 1466 748 νομίσεις
1496 680 1587 733 τὸν
1622 682 1842 736 ἔπαινον
1867 699 1879 711 ·

305 772 398 824 καὶ
427 770 629 839 ἀσθενῆ
662 769 761 838 μὲν
788 768 1073 831 καλέσειας
1109 771 1337 840 ῥήτορα,
1368 771 1443 833 ὡς
1479 773 1599 825 οὐδέ
1628 774 1693 825 τὰ
1724 791 1886 843 προσ-

304 861 431 914 όντα
457 860 636 928 λέγειν
658 859 980 928 δυνάμενον.

883 952 979 1003 IB'.
1006 953 1306 1023 siluere.

377 1042 547 1096 Τοῦτο
595 1044 770 1096 ἐκεῖνο
815 1042 842 1095 ὃ
900 1044 994 1096 καὶ
1054 1045 1422 1115 προσδοκῶντί
1484 1065 1572 1116 μοι
1621 1048 1881 1115 γέγονεν’

304 1138 462 1208 ᾤμην
496 1139 604 1207 γὰρ
639 1138 799 1199 εὐθὺς
825 1137 899 1197 ὡς
926 1137 1104 1189 ἐκεῖσε
1136 1139 1427 1205 γενόμενος
1452 1138 1727 1207 ἀρχόντων
1750 1142 1883 1210 όρᾷν

308 1230 479 1300 βῆμα.
514 1231 605 1282 καὶ
631 1230 876 1298 ρητόρων
903 1229 1083 1299 χορὸν,
1115 1231 1209 1281 καί⁸
1246 1229 1581 1297 προσφύγων
1624 1232 1721 1300 οὐχ
1754 1232 1883 1285 ἐπό-

310 1338 491 1390 μενον,
516 1321 775 1393 πληθήσῃ
806 1320 906 1391 μὲν
933 1321 1130 1375 αὐτίκα
1164 1323 1507 1391 φρονήματος
1531 1338 1541 1350 ·
1573 1323 1676 1377 κᾶν
1705 1323 1884 1377 λαλεῖν

305 1428 388 1473 τις
419 1411 602 1484 ἐθέλῃ,
659 1412 818 1482 μόνον
842 1413 941 1465 οὐκ
985 1413 1150 1485 ἀνέξῃ
1185 1413 1278 1465 τοῦ
1309 1414 1556 1482 λέγοντος
1575 1433 1586 1445 ·
1613 1415 1769 1486 ἡμῶν
1827 1416 1883 1469 δὲ

306 1502 460 1571 λόγος
490 1502 641 1556 ἔσται
672 1502 876 1575 βραχύς
897 1522 911 1535 ·
971 1507 1065 1557 καὶ
1115 1506 1169 1557 τί
1200 1523 1293 1574 μοι
1330 1509 1457 1569 τοὺς
1492 1509 1550 1559 ἐν
1583 1509 1758 1579 σκότῳ
1795 1526 1884 1562 κε·-

310 1594 659 1665 κρυμμένους
724 1596 965 1660 ἐκείνους
1026 1597 1200 1664 λέξεις
1255 1599 1428 1669 δήπου
1495 1600 1711 1663 πάντως
1756 1602 1884 1672 περί⁵

1986 690 2075 756 qui
2122 699 2176 743 et
2205 693 2437 758 amplius
2503 703 2712 756 essent,
2745 693 2928 747 dicere
2985 709 3090 748 non
3121 694 3416 762 potuissem
3440 736 3456 750 .

2538 950 2649 1009 XII.
2714 951 3038 1007 DIUDOIlO.

2059 1045 2190 1098 Illud
2214 1043 2345 1097 mihi
2409 1045 2550 1112 quod
2594 1044 2945 1111 prtevideram
3003 1046 3231 1099 accidit:
3286 1045 3564 1101 exiStinta-

1988 1137 2109 1189 batn
2166 1135 2333 1199 enim,
2398 1134 2559 1206 simul
2613 1148 2677 1187 ac
2756 1134 2881 1188 illuc
2933 1134 3217 1190 deveneris
3257 1138 3567 1206 vidi-risque

1988 1228 2294 1294 principum
2339 1226 2590 1291 tribunal,
2648 1227 2924 1280 rhetorum
2967 1229 3189 1281 chorum
3259 1228 3563 1280 clientium-

1986 1333 2091 1390 que
2129 1335 2233 1372 non
2285 1326 2623 1387 sequentem,
2660 1328 2710 1373 te
2734 1319 2918 1373 statim
2980 1318 3232 1388 superbia
3300 1335 3421 1375 esse
3480 1337 3566 1373 re-

1989 1412 2261 1475 pletnlum,
2294 1419 2369 1474 et,
2405 1410 2447 1463 si
2475 1410 2597 1478 quis
2627 1409 2693 1463 ad
2722 1418 2775 1464 te
2804 1408 2948 1479 loqui
2974 1409 3224 1474 voluerit,
3257 1409 3563 1479 loquentem

1987 1513 2093 1551 non
2115 1512 2236 1552 esse
2257 1512 2545 1567 passurum
2576 1532 2591 1548 .
2627 1495 2819 1550 Sermo
2833 1507 3011 1551 autem
3044 1511 3197 1550 meus
3215 1498 3393 1551 brevis
3418 1499 3521 1551 erit
3548 1516 3561 1551 :

1989 1598 2043 1641 et
2083 1588 2210 1654 quid
2266 1587 2394 1641 mihi
2452 1587 2589 1642 dicis
2642 1586 2761 1641 illus
2808 1585 2859 1640 in
2902 1587 3141 1641 tenebris
3170 1587 3566 1642 absconditos?

307 1685 498 1755 ἡμῶν;
526 1687 586 1737 Εἰ
614 1686 669 1739 δὲ
697 1687 873 1756 χαμαὶ¹
898 1688 1212 1757 ἐρχομένοις
1226 1687 1565 1758 προσείποις,
1586 1689 1707 1743 οὐδὲ
1726 1691 1884 1744 τοῦτο

1993 1678 2031 1731 si
2081 1686 2259 1731 autem
2294 1678 2442 1732 humi
2473 1677 2811 1733 ambulantes
2846 1678 3050 1732 salutes
3072 1717 3087 1742 ,
3116 1680 3165 1733 id
3225 1694 3329 1733 non
3366 1680 3559 1734 mirer:

307 1778 689 1847 θαυμάσαιμι·
732 1781 794 1830 τὸ
846 1778 981 1832 αὐτὸ
1030 1779 1124 1832 καί
1176 1779 1641 1849 προσεδόκωνκαί
1690 1782 1882 1850 γέγονε

305 1867 464 1921 τοῦτο
499 1868 608 1920 τῶν
626 1867 746 1922 καθ’
769 1869 911 1939 ὑμᾶς
945 1869 1191 1940 ρητόρων
1240 1869 1302 1923 τὺ
1335 1872 1588 1942 φρόνημα
1611 1889 1625 1904 ·
1656 1872 1725 1938 οἳ,
1759 1874 1883 1944 τοὺς

306 1958 497 2022 ἄλλους
536 1960 862 2031 πρόσφυγας
883 1952 1112 2014 καλοῦσι
1141 1962 1235 2015 καὶ
1257 1962 1326 2015 τὰ
1351 1962 1471 2015 καθ’
1497 1964 1725 2026 ἑαυτοὺς
1748 1964 1883 2018 ἀπο-

310 2052 707 2122 μιμνήσκοντες
765 2052 1102 2122 πράγματα’
1140 2055 1260 2121 ,καὶ
1315 2052 1411 2106 νῦν
1460 2054 1639 2118 δοκεῖς
1696 2055 1883 2123 φίλους

304 2145 452 2213 ἡμᾶς
480 2144 752 2215 εἰρῆσθαι,
782 2146 844 2198 τὸ
873 2146 1140 2216 πρότερον
1171 2147 1270 2200 οὐκ
1294 2147 1421 2213 ἄξια
1444 2147 1657 2218 κρίνας,
1689 2146 1882 2220 ὥσπερ

305 2235 472 2300 εἰκὸς,
504 2234 623 2288 ἀλλ’
659 2237 741 2290 ὃτι
784 2237 1110 2307 κρειττόνων
1172 2238 1399 2309 ἀπορίᾳ,
1452 2241 1564 2303 τοῖς
1616 2240 1885 2312 παροῦσιν

305 2328 525 2397 ἐχρήσω
556 2342 569 2356 ⁸
599 2328 695 2380 καὶ
746 2327 1045 2398 μεταμέλει
1095 2345 1178 2382 σοι
1229 2330 1428 2392 παντὸς
1462 2329 1556 2383 τοῦ
1586 2332 1802 2402 χρόνου,
1826 2331 1885 2385 δν

306 2418 439 2488 παρ’
476 2420 610 2490 ἡμῖν
637 2419 871 2484 ἀναξίως
894 2419 1164 2488 διέτριϐες
1190 2434 1202 2446 ·
1239 2423 1332 2473 καὶ
1374 2419 1469 2473 νῦν
1505 2421 1720 2476 δέδοικα
1750 2424 1886 2493 γρά-

307 2525 422 2576 φων
459 2510 534 2579 μὴ
565 2509 701 2578 πρὸς
723 2510 823 2581 τὴν
848 2513 980 2580 παρ’
1011 2510 1170 2579 ἡμῶν
1203 2510 1540 2584 δυσχεράνῃς
1569 2515 1883 2587 ἐπιστολήν·

306 2599 419 2668 ἐγὼ
463 2600 520 2653 δέ
561 2617 620 2653 σε
650 2600 831 2662 καλῶς
877 2601 1140 2672 πράττειν
1201 2602 1468 2673 εὐξαίμην
1493 2620 1506 2633 ·
1538 2602 1640 2659 κᾶν
1657 2604 1753 2678 δέῃ
1778 2607 1885 2662 πά-

306 2692 391 2745 λιν
420 2692 900 2763 καταφρονεῖσθαι,
921 2693 1166 2764 λυπηρὸν
1190 2693 1312 2765 μὲν,
1329 2695 1547 2765 οἰσομεν
1560 2695 1605 2747 δ’
1623 2692 1717 2749 οὖν
1736 2697 1885 2767 ὅμως

306 2786 375 2856 τῇ
409 2788 475 2857 σῇ
509 2785 648 2856 τύχῃ
682 2784 1200 2858 παραμυθούμενοι.

319 2896 330 2905 “
624 2879 724 2934 ll".
767 2878 1073 2950 ΖΛΧΔΡΙᾼ
1108 2879 1229 2932 ΚΑΙ
1258 2877 1566 2951 ΦΙΛΙΠΠῼ.

379 2970 493 3041 Τῆς
522 2971 622 3043 μὲν
642 2972 1022 3041 προλαϐοὐσης
1056 2974 1268 3043 σιωπῆς
1292 2973 1390 3043 τὴν
1414 2973 1594 3028 αἰτίαν
1619 2976 1647 3027 ό
1678 2974 1884 3045 χειμὼν
1915 3013 1957 3070 C

1989 1769 2049 1841 id,
2075 1768 2216 1836 quod
2262 1769 2619 1838 praevideram
2687 1770 2901 1833 evenit,
2950 1770 3144 1841 loquor
3183 1773 3250 1826 de
3286 1772 3563 1827 rhetorum

1987 1860 2281 1915 secundum
2327 1876 2422 1917 vos
2467 1861 2680 1917 illorum
2732 1863 3023 1933 superbia;
3064 1867 3264 1933 quippe
3312 1866 3401 1933 qui
3430 1867 3565 1921 alios

1987 1953 2211 2009 clientes
2261 1964 2459 2008 vocant
2520 1964 2576 2009 et
2635 1954 2849 2025 negotia
2904 1970 2999 2024 per
3049 1966 3101 2009 te
3139 1957 3384 2011 absoluta
3451 1973 3565 2012 me-

1989 2055 2237 2100 morant.
2272 2045 2341 2100 Et
2402 2060 2544 2100 nunc
2589 2044 2792 2101 videris
2848 2060 2949 2102 nos
2981 2046 3185 2101 dixisse
3222 2048 3374 2117 prius
3430 2051 3567 2104 atni-

1987 2150 2102 2201 cos,
2130 2139 2274 2206 quod
2324 2146 2472 2194 recte
2509 2152 2616 2193 non
2667 2137 3021 2205 iudicaveris,
3077 2141 3232 2207 quasi
3281 2140 3566 2197 meliorum

1989 2229 2169 2299 inopia
2229 2230 2593 2300 praesentibus
2656 2246 2789 2286 usus
2844 2230 3056 2286 fueris:
3117 2234 3377 2301 praeteriti
3427 2249 3567 2304 quo-

1988 2336 2093 2389 que
2121 2323 2379 2392 temporis
2413 2333 2467 2378 te
2497 2324 2791 2392 pmnitent,
2817 2325 2959 2393 quod
3010 2323 3292 2379 nobiscum
3351 2326 3567 2396 indigne

1987 2415 2407 2486 consumpsisti;
2466 2426 2521 2481 et
2575 2430 2721 2470 nunc
2780 2416 3027 2471 scribens
3072 2430 3266 2470 vereor
3307 2432 3375 2472 ne
3438 2432 3566 2472 nos-

1988 2515 2125 2563 tram
2156 2507 2445 2576 epistolam
2490 2508 2715 2563 moleste
2765 2507 2909 2563 I'eras
2935 2525 2949 2562 :
2979 2522 3078 2579 ego
3103 2518 3283 2562 tamen
3308 2524 3564 2578 prospera

1990 2599 2086 2653 tibi
2133 2581 2590 2669 precor-{etiamsi
2640 2610 2917 2671 oporteret
2945 2613 3031 2655 me
3084 2601 3279 2655 iterum
3330 2602 3562 2670 despici,

1987 2693 2130 2762 quod
2185 2708 2430 2749 amarum
2486 2703 2650 2759 esset,
2710 2705 2816 2748 tua;
2871 2701 3050 2748 autem
3100 2694 3328 2750 fortuna:
3386 2696 3561 2765 gratia

1989 2783 2199 2839 ferreus
2223 2825 2237 2838 .

2271 2875 2404 2933 XIII.
2429 2875 2800 2933 ZACIIARIAS
2829 2876 2915 2932 ET
2951 2877 3283 2935 PIIILIPPO.

2061 2968 2329 3026 Prazteriti
2394 2970 2595 3026 silentii
2651 2972 2859 3026 crimen
2919 2972 3057 3026 ierat
3133 2971 3347 3035 hiems,
3418 2987 3567 3028 more

306 3064 668 3134 ἀποφερέσθω
690 3064 760 3117 τὰ,
784 3064 1012 3117 εἰωθότα
1052 3063 1270 3118 λυπῶνο
1330 3066 1429 3135 τῆς
1457 3065 1503 3118 δ’
1530 3065 1805 3132 ἐντεῦθεν,
1835 3065 1885 3119 εί

1993 3061 2134 3117 soliti
2156 3063 2524 3128 contristaris;
2558 3063 2766 3118 silentii
2835 3074 3015 3118 autem
3055 3063 3196 3118 illius
3223 3067 3368 3135 quod
3425 3081 3566 3121 nunc

307 3172 393 3219 τις
414 3156 523 3226 ἄρα
550 3157 646 3209 καὶ
669 3155 904 3224 γένοιτο,
937 3156 1094 3224 ὑμεῖς
1124 3155 1191 3209 ἂν
1227 3156 1455 3220 εἰκότως
1502 3158 1758 3229 ὐπέχοιτε
1785 3157 1884 3223 τὰς

309 3246 577 3309 εὐθύνας·
635 3245 815 3299 καίτοι
867 3262 929 3314 γε
961 3246 1146 3316 ήλίκον
1186 3247 1300 3309 τοῖς
1343 3246 1609 3302 παθοῦσιν
1650 3249 1885 3318 πρᾶγμα

307 3336 419 3390 τῶν
441 3335 648 3389 παίδων
679 3335 877 3405 ήσιγὴ,
908 3335 1024 3397 πῶς
1052 3334 1118 3388 ἄν
1175 3351 1258 3399 τις
1298 3337 1654 3407 παραστήσαι
1674 3341 1787 3402 τοῖς
1806 3339 1883 3411 μὴ

310 3428 446 3497 πρὸς
505 3428 703 3497 πεῖραν
746 3424 992 3479 ἐλθοῦσιν
1044 3426 1138 3479 τοῦ
1191 3427 1546 3497 πράγματος
1593 3429 1783 3499 Ὑμεῖς
1836 3430 1884 3483 δ’

312 3518 377 3572 ἂν
398 3517 626 3587 εἰδείητε
679 3518 899 3581 πάντως
940 3535 1055 3581 πως
1107 3519 1251 3585 φίλοι
1311 3519 1648 3585 διατεθέντες
1691 3525 1884 3593 ἐρωτι-

308 3608 421 3671 κῶς
447 3625 463 3640 ·
494 3612 555 3662 οὐ
580 3609 688 3680 γὰρ
704 3608 769 3663 ἂν
793 3608 1047 3662 τοσοῦτον
1094 3610 1452 3680 φρονήσαιμι,
1495 3612 1571 3674 ὼς
1603 3613 1694 3665 καὶ
1723 3614 1884 3676 αὐτὸς

306 3698 516 3754 οῐεσθαι
546 3700 675 3771 παρ’
708 3699 862 3769 ὐμῶν
896 3699 1258 3767 ἀντερᾶσθαι·
1302 3700 1477 3752 καίτοι
1505 3699 1770 3770 εὐξαίμην
1792 3701 1886 3756 οῦν

312 3807 405 3861 μοι
437 3789 598 3843 τοῦτο
625 3789 883 3859 γενέσθαι
906 3790 1150 3860 μᾶλλονῆ
1180 3790 1358 3859 πολλῷ
1390 3791 1565 3861 κομᾷν
1594 3792 1672 3861 τῷ
1700 3794 1885 3864 χρυσῷ

309 3882 405 3936 καὶ
431 3881 753 3952 ἡστινοσοῦν,
770 3882 939 3953 τύχης
997 3884 1077 3944 εἰς
1125 3882 1294 3951 ἄκρον
1334 3881 1594 3952 ὰφίχθαι·
1619 3882 1742 3936 οὐτε
1776 3884 1885 3957 γὰρ

307 3974 374 4028 ἂν
401 3974 630 4038 ἕκαστος
686 3975 953 4045 ῥᾳθυμεῖν
1004 3974 1104 4026 οὐκ
1134 3974 1274 4044 ἔχων
1323 3973 1412 4027 διὰ
1436 3975 1527 4027 τὸν
1550 3975 1713 4028 πόθον
1749 3977 1885 4046 ἐμοῦ

309 4069 528 4129 πάντως
550 4089 555 4097 ν
581 4066 647 4121 ἂν
702 4067 1101 4139 παραμυθείτω
1155 4066 1246 4119 τὸν
1278 4065 1485 4136 ἔρωτα·
1518 4068 1566 4119 εἰ
1592 4067 1649 4119 δὲ
1676 4068 1886 4123 τοιοῦτο

252 4209 258 4213 .
311 4157 411 4227 μὲν
435 4157 607 4221 οὐδὲν,
626 4156 705 4210 ἐτι
723 4156 779 4210 δὲ
802 4155 1171 4226 σιωπήσεσθε,
1226 4157 1592 4225 κατηγορήσω
1624 4156 1745 4225 μὲν,
1770 4173 1883 4209 τοι·

306 4247 448 4302 αῦτα
503 4248 728 4302 παθών·
774 4252 949 4319 κρινεῖ
979 4248 1037 4300 δέ
1083 4265 1136 4299 τι
1171 4246 1434 4318 ἐρωτικὸς
1461 4246 1743 4317 δικαστὴς,
1792 4249 1885 4302 καὶ

1986 3153 2166 3218 foret,
2199 3169 2298 3209 vos
2329 3155 2594 3210 rationem
2651 3156 2973 3210 redderetis.
3041 3154 3323 3221 Quantum
3381 3165 3564 3211 autem

1988 3248 2187 3302 malum
2242 3248 2310 3301 sit
2357 3247 2648 3303 liberorum
2692 3248 2994 3312 silentium,
3048 3248 3172 3317 quis
3208 3248 3275 3303 iis
3317 3251 3567 3305 ostendet

1985 3345 2076 3414 qui
2140 3344 2387 3399 nondum
2461 3354 2588 3399 sunt
2638 3341 2891 3412 experti?
2929 3339 3043 3396 Vos
3091 3355 3316 3410 prorsus
3375 3341 3565 3396 scietis

1986 3449 2107 3490 cum
2174 3436 2382 3490 ardenti
2459 3450 2644 3491 amore
2737 3432 3016 3497 tfapiemini
3047 3473 3061 3487 .
3110 3431 3225 3488 Non
3298 3447 3403 3503 ego
3444 3434 3568 3501 qui-

1986 3528 2107 3581 dem
2168 3526 2247 3580 sic
2304 3526 2558 3594 superbia
2611 3533 2669 3578 ut
2724 3541 2753 3578 a
2787 3525 2937 3579 vobis
2995 3525 3262 3578 redamari
3340 3532 3563 3591 putem,

1987 3618 2128 3688 quod
2186 3626 2364 3670 tamen
2395 3617 2527 3673 mihi
2556 3617 2725 3687 magis
2763 3628 3077 3685 exoptarem
3134 3631 3298 3684 quam
3338 3616 3568 3685 plurimo

1988 3724 2123 3763 auro
2169 3709 2446 3763 abundare
2472 3718 2526 3762 et
2578 3708 2645 3763 ad
2689 3722 2960 3763 summum
3020 3706 3242 3761 honoris
3294 3707 3564 3778 Iastigium

1989 3797 2281 3863 devenire;
2324 3797 2416 3866 qui
2478 3796 2622 3851 enim
2674 3797 2956 3866 quiescere
3013 3811 3116 3850 non
3185 3796 3409 3852 haberet
3471 3814 3568 3866 per

1989 3889 2314 3944 desiderium
2366 3904 2543 3944 meum
2580 3903 2685 3943 non
2735 3897 2916 3957 posset
2968 3888 3239 3943 consolari
3294 3904 3560 3945 amorem.

1989 3979 2045 4033 Si
2086 3979 2218 4034 nihil
2270 3978 2576 4048 hujusmodi
2615 3980 2675 4032 Iit
2712 3987 2767 4030 et
2818 3979 2994 4033 adhuc
3053 3978 3306 4044 silebitis,
3344 3993 3565 4049 arguam

1989 4069 2113 4123 talia
2147 4071 2386 4140 patiens;
2436 4068 2701 4138 iudicabit
2757 4078 2939 4124 autem
2969 4084 3160 4123 amans
3185 4079 3241 4123 et
3269 4069 3568 4124 declarabit

1987 4163 2115 4229 quid
2147 4163 2219 4215 sit
2252 4162 2405 4216 vobis
2448 4162 2761 4229 patiendum
2811 4172 2867 4216 et
2929 4161 3396 4215 exsolvendum...
3456 4160 3571 4214 feli-

1989 4254 2125 4307 citer
2154 4254 2369 4321 quidem
2407 4254 2600 4323 pati
2637 4268 2704 4306 ne
2750 4266 2833 4306 me
2873 4267 3062 4307 rursus
3104 4267 3324 4307 amor...
3355 4251 3567 4321 judica-

305 4340 589 4409 ψηφιεῖται
607 4340 713 4392 δ’τι
734 4341 839 4409 χρὴ
868 4340 1060 4391 παθεῖν
1092 4339 1236 4407 ὑμᾶς
1250 4336 1670 4391 καὶάποτίσαι...
1699 4337 1757 4390 εὐ
1788 4339 1885 4409 μὲν

1993 4341 2073 4396 bit
2131 4352 2308 4397 autem
2370 4356 2466 4395 vos
2524 4351 2599 4394 tot
2632 4341 2938 4396 redditurus
2980 4341 3239 4409 epistolas
3288 4356 3450 4410 quam
3510 4351 3568 4395 ut

309 4432 502 4485 παθεῖν
530 4433 706 4486 ἀπο...
735 4448 824 4486 ται
858 4433 944 4484 ἵνα
995 4430 1069 4500 μὴ
1093 4430 1180 4482 τὸν
1208 4430 1418 4499 ἐρῶντά
1453 4447 1518 4499 με
1552 4430 1783 4485 πάλιν...
1808 4433 1881 4502 (I)

1995 4432 2251 4500 prasteriti
2313 4433 2570 4498 temporis
2628 4431 2903 4485 silentium
2950 4431 3332 4485 consolamini.

306 4526 590 4595 ψηφιεῖται
637 4526 691 4578 δὲ
754 4526 897 4595 ὑμᾶς
939 4522 1194 4576 ἀποτῖσαι
1252 4523 1504 4586 τοιαύτας
1558 4524 1879 4590 ἐπιστολὰς,
1919 4523 2059 4576 ὥστε
2105 4522 2183 4594 τῷ
2253 4522 2447 4593 πλήθει
2485 4523 2580 4577 τοῦ
2612 4523 2976 4594 προλαϐόντος
3044 4523 3241 4594 χρόνου
3306 4540 3575 4595 παραμυ-

309 4621 517 4674 θεῖσθαι
554 4621 654 4688 τὴν
695 4620 926 4689 σιωπήν.

734 4711 831 4763 ιΑι.
867 4710 1143 4764 murem
1175 4708 1458 4778 ΑΔΕΛΦῼ.

380 4803 726 4873 Δέδεγμαιτὺ
763 4801 970 4871 βιϐλίον
992 4802 1053 4854 τὸ
1106 4802 1214 4871 πρὸ
1267 4802 1363 4871 τῆς
1394 4800 1586 4869 πείρας
1611 4799 1880 4870 ποθούμεο

307 4914 399 4950 νον
420 4912 433 4927 ⁸
465 4896 588 4965 ἥκει
625 4895 733 4966 γὰρ
766 4898 833 4965 τῇ
862 4895 960 4963 μὲν
1011 4891 1269 4963 ἐπιστολῇ
1318 4889 1637 4960 θαυμαστὸν
1675 4890 1881 4960 ἡλίκον,

307 4989 387 5059 τῷ
418 4988 475 5041 δὲ
498 4988 783 5059 πράγματι
818 4986 967 5051 ξένον
1007 4985 1169 5055 φέρον
1198 4985 1370 5045 οὐδὲν,
1402 4983 1515 5036 ἀλλ’
1559 4982 1587 5033 ὃ
1632 4982 1727 5035 καὶ
1751 4982 1883 5035 πολ-

306 5078 419 5131 λοῖς
443 5078 540 5131 καὶ
569 5075 833 5139 ποικίλοις
859 5075 1226 5129 ἐσπούδασται
1249 5090 1261 5103 ’
1296 5074 1389 5126 σοῦ
1433 5073 1491 5126 δὲ
1526 5073 1686 5145 χάριν
1728 5074 1823 5126 καὶ
1858 5070 1886 5123 ὃ

303 5171 365 5221 τὸ
395 5168 601 5239 βέλτιον
622 5169 800 5221 εἰπεῖν
853 5165 1163 5237 σεσιγήσθω
1184 5182 1197 5196 θ
1246 5164 1362 5218 ἀλλ’
1394 5164 1488 5218 οῦν
1531 5165 1773 5218 κείσεταί
1801 5181 1883 5217 σοι

304 5262 465 5331 χάρις
502 5263 582 5324 εἰς
623 5260 761 5332 ἐμὴν
806 5261 1031 5330 μνήμην
1070 5259 1419 5329 ἀνάγραπτος
1443 5272 1456 5285 °
1496 5258 1638 5327 πλὴν
1666 5258 1764 5326 οὐχ
1796 5252 1884 5310 οἷα

304 5353 457 5423 παρὰ
484 5353 560 5424 τῷ
576 5354 860 5424 Παυσανίᾳ
874 5353 950 5423 τῷ
985 5353 1059 5423 μὴ
1085 5350 1246 5422 μέχρι
1272 5350 1472 5414 παντὸς
1500 5352 1886 5418 σωφρονοῦντι.

2369 4702 2505 4757 XIV.
2560 4702 2834 4759 VICTORI
2885 4702 3177 4757 FRATRI.

2064 4796 2323 4854 Volumen
2363 4805 2487 4851 ante
2538 4797 2929 4865 experientiam
2980 4794 3091 4864 jam
3138 4806 3451 4866 exoptatum
3478 4812 3567 4853 re-

1992 4893 2132 4960 cepi.
2180 4890 2426 4945 Mirabile
2476 4888 2619 4943 enim
2666 4899 2928 4957 quantum
2965 4903 3032 4942 es
3064 4898 3152 4943 tua
3190 4890 3418 4959 epistola
3473 4905 3567 4946 ve-

1994 4982 2106 5045 nit,
2161 4979 2292 5034 nihil
2363 4988 2541 5033 lamen
2609 4977 2770 5032 alieni
2839 4978 3014 5046 reipsa
3075 4977 3414 5047 adjunctum,
3474 4981 3567 5034 sed

1993 5072 2134 5140 quod
2182 5070 2362 5125 multis
2400 5078 2455 5124 et
2513 5068 2741 5125 diversis
2773 5076 3080 5137 exoptatur;
3114 5069 3188 5123 tui
3219 5076 3399 5123 autem
3446 5084 3571 5139 gra-

1994 5164 2066 5217 tia
2098 5171 2341 5218 taceatur
2391 5171 2447 5216 et
2498 5164 2654 5231 'quod
2719 5161 2901 5216 dicere
2932 5159 3165 5215 melius.
3238 5158 3352 5213 Tua
3394 5160 3569 5229 gratia

1992 5257 2046 5309 in
2077 5263 2193 5311 mea
2217 5254 2479 5309 memoria
2500 5254 2706 5324 absque
2731 5252 2927 5308 litteris
2952 5251 3296 5323 perdurabit;
3324 5263 3480 5306 secus
3507 5266 3570 5305 ac

1993 5350 2136 5417 quod
2168 5348 2235 5403 de
2266 5345 2532 5403 Pausania
2561 5346 2654 5416 qui
2691 5347 2744 5401 in
2780 5346 2940 5400 tinem
3003 5345 3221 5414 sapiens
3278 5358 3382 5399 non
3444 5342 3567 5397 fuit:

324 5446 375 5500 ’0
405 5447 503 5516 μὲν
531 5447 639 5514 γὰρ
659 5448 775 5499 οὐδὲ
833 5446 1111 5508 Πλαταιὰς
1158 5442 1447 5508 αἰδεσθεὶς,
1489 5443 1609 5496 οὐδὲ
1652 5444 1885 5514 τρόπαια

2002 5456 2176 5511 neque
2207 5440 2347 5495 enim
2379 5437 2608 5494 Plataeas
2639 5438 2909 5494 reveritus
2939 5452 3115 5507 neque
3147 5435 3428 5505 splendido
3461 5446 3570 5487 lm-

1808 5535 2041 5594 NOTAE.

376 5635 529 5711 {l)ln
553 5636 640 5691 his
672 5636 878 5689 lacunis
896 5646 1159 5703 perpauca
1200 5631 1361 5684 verba
1401 5629 1502 5699 legi
1534 5640 1828 5698 nequeunt.

605 5730 873 5788 PATBOL.
906 5727 1018 5786 Gtt.
1073 5721 1442 5783 LXXXVII.

3059 5710 3139 5771 86
