4000 6314
507 217 642 288 ἓῗθι

1832 213 2187 275 PROCOPII
2227 211 2472 274 GAZzEl

3631 208 3770 275 2132

505 341 678 403 puteo,
726 330 967 386 Barbare
1032 329 1308 384 tradidita
1343 343 1400 384 se
1457 329 1719 384 salvatam
1778 329 2078 394 Graeciam,

2191 331 2343 400 φίλαι
2406 329 2690 402 προεδίδου
2743 329 3015 400 Βαρῆἅρῳ
3059 330 3157 397 τὴν
3199 329 3264 384 δι’
3304 326 3466 384 αὑτοῦ
3499 331 3769 387 σωθεῖσαν

505 425 660 496 quasi
698 439 802 478 non
858 429 1136 492 pateretur
1160 423 1214 476 in
1285 419 1445 476 ﬂnem
1533 436 1592 476 se
1637 421 1846 476 lelicem
1911 437 2078 479 esse.

505 516 586 570 Tu
614 514 980 584 veronpropria
1001 528 1330 580 memorans,
1351 528 1456 567 non
1484 514 1730 582 estquod
1755 527 1861 569 non
1890 515 2080 582 facias;

509 607 809 664 remanebit
839 617 928 660 tua
979 607 1176 674 gratia,
1208 621 1312 660 non
1362 604 1579 675 quidem
1622 605 1820 675 prima,
1854 605 1948 660 sed
1989 620 2085 674 per

497 693 860 762 Juvem,pati
907 695 1104 748 multas
1137 695 1382 764 priores,
1432 703 1488 748 et
1517 694 1721 760 altera;
1767 709 1873 750 una
1903 705 2082 749 autem

507 785 681 854 gratia
735 785 803 839 ab
828 785 894 840 iis
938 785 1027 852 qui
1060 784 1324 840 beneﬁcia
1366 786 1708 856 acceperint,
1740 786 1899 841 bonis
1947 786 2082 841 satis

505 878 652 946 crit,
693 878 746 933 id
784 886 963 934 autem
1013 884 1116 942 est,
1179 878 1491 934 meminisse
1515 893 1576 934 se
1601 879 1863 934 beneﬁcia
1923 894 2080 934 acce-

509 971 676 1038 pisse.
731 969 862 1024 Mihi
925 985 1059 1026 vero
1111 971 1392 1041 contingat
1433 985 1539 1026 non
1598 986 1785 1026 eorum
1839 970 2082 1026 oblivisci

506 1063 703 1131 quibus
755 1061 1020 1117 'voluntas
1052 1071 1136 1118 est
1175 1063 1306 1118 mihi
1357 1061 1772 1128 benefaciendi,
1807 1063 1938 1118 licet
1975 1079 2082 1118 non

506 1157 573 1210 ad
605 1169 718 1209 rem
748 1153 1022 1209 deveniat.

1043 1242 1159 1298 XV.
1191 1241 1514 1300 DIODORO.

575 1337 768 1392 Adhuc
789 1334 972 1389 taces?
1001 1334 1176 1388 adhuc
1205 1347 1304 1386 nos
1317 1333 1657 1400 aspernaris?
1673 1331 1751 1387 τε
1778 1332 2086 1388 arbitrabar

507 1430 560 1483 in
593 1428 928 1483 saturitatem
967 1425 1178 1481 venisse
1208 1425 1507 1493 superbia},
1545 1425 1632 1480 cui
1664 1441 1912 1494 magnum
1939 1426 2083 1480 vide-

501 1529 595 1572 sur
621 1517 812 1581 silere;
870 1532 968 1572 nos
1020 1524 1199 1570 autem
1233 1530 1292 1570 re
1326 1515 1667 1570 ambitiosius
1706 1525 1942 1578 utemur,
1976 1528 2084 1584 quo

506 1605 851 1676 supercilium
901 1615 1120 1674 propter
1151 1605 1422 1660 silentium
1472 1606 1674 1659 elatum
1711 1603 2081 1658 demittamns.

2199 423 2449 488 Ἑλλάδα,
2480 423 2671 494 ὥσπερ
2710 421 2812 476 οὐκ
2833 423 3043 492 ἀνέχων
3069 424 3149 485 εἰς
3177 423 3328 486 τέλος
3361 423 3600 495 εὐτυχὴς
3650 427 3766 477 έπι-

2190 519 2371 586 μεῖναι
2393 531 2406 545 ·
2443 514 2508 567 σὺ
2530 514 2588 568 δὲ
2618 514 2687 568 τά
2717 515 2894 568 οἰκεῖα
2925 514 3248 584 πειριέπων,
3270 515 3395 570 οὐδὲ
3419 515 3448 569 ὃ
3471 533 3526 569 τι
3542 515 3622 586 μὴ
3643 516 3760 586 δρά-

2147 651 2155 657 .
2188 625 2323 670 σεις.
2349 605 2610 661 Κείσεταί
2647 623 2728 659 σοι
2756 607 2938 660 τοίνυν
2961 607 2993 676 ἡ
3017 605 3176 677 χάρις
3197 608 3258 660 ού
3296 606 3513 679 πρώτη,
3554 606 3636 679 μά
3651 608 3762 671 Δία,

2187 696 2323 764 πρὸς
2347 694 2568 758 πολλαῖς
2589 695 2646 747 δὲ
2675 695 2920 768 πρώταις
2949 696 3140 766 ἑτέρα·
3194 696 3293 766 μία
3335 695 3394 750 δὲ
3426 697 3590 767 χάρις
3618 699 3767 768 παρά

2184 787 2294 841 τῶν
2324 781 2384 840 εὖ
2415 785 2699 839 παθόντων
2746 786 2978 858 ἀρκέσει
3018 789 3134 850 τοῖς
3169 786 3417 855 ἀγαθοῖς,
3457 787 3766 858 μεμνῆσθαι

2189 877 2348 949 μόνον
2374 877 2458 930 ὅτι
2488 877 2822 932 πεπόνθασιν
2843 895 2857 910 ’
2893 878 3017 948 ἐμοὶ
3063 878 3122 932 δὲ
3154 878 3368 948 γένοιτο
3397 879 3458 932 τὸ
3490 879 3632 950 μηδὲ
3660 879 3766 932 τῶν

2189 971 2352 1041 μέχρι
2377 969 2574 1040 βουλῆς
2596 971 2838 1024 εύποιεῖν
2869 970 3164 1024 ἐθελόντων
3195 971 3563 1042 ἀμνημονεῖν·
3591 972 3643 1024 εί
3673 973 3766 1026 καὶ

2191 1061 2269 1132 μὴ
2294 1059 2468 1132 πέρας
2495 1059 2652 1114 ἔσται
2683 1061 2795 1126 τοῖς
2825 1059 3092 1127 δόξουσιν.

2747 1237 2850 1294 IE'.
2897 1239 3196 1310 AlOAQPQ.

2259 1333 2378 1386 Ἔτι
2403 1333 2592 1402 σιγᾷς;
2617 1331 2698 1386 ιτι
2733 1333 3083 1402 περιφρονεῖς
3116 1333 3186 1385 τά
3210 1330 3490 1402 ήμέτερα;
3519 1330 3635 1383 Καὶ
3662 1331 3765 1400 μὴν

2185 1423 2344 1496 ᾤμην
2369 1441 2428 1478 σε
2454 1424 2590 1495 πρὸς
2628 1423 2792 1494 κόρον
2843 1421 3072 1492 ἀφίχθαι
3125 1422 3512 1493 φρονήματος·
3569 1422 3765 1487 σεμνὸν

2189 1517 2290 1586 μὲν
2309 1515 2612 1585 ἡγούμενον
2638 1515 2700 1568 τὸ
2722 1515 2901 1584 σιγᾷν,
2945 1514 3102 1584 ἡμῶν
3117 1513 3174 1567 δὲ
3195 1511 3611 1583 φιλοτιμότερον
3631 1527 3764 1580 χρη-

2189 1608 2434 1676 σομένων
2481 1607 2562 1674 τῷ
2622 1605 2930 1675 πράγματι,
2984 1604 3073 1658 ἵνα
3100 1603 3197 1657 καὶ
3236 1605 3551 1674 νικήσωμεν
3597 1601 3766 1672 ὀφρὺν

503 1701 561 1753 ιιι
583 1700 727 1754 enim
753 1697 1214 1753 solitum.6tatim
1239 1707 1294 1750 ιιι
1317 1695 1584 1752 Caesarem
1613 1695 1940 1766 videris.alte
1962 1710 2078 1765 pro«

2186 1699 2273 1762 διὰ
2301 1700 2462 1770 σιγὴν
2499 1698 2821 1769 ἐπηρμένην
2839 1713 2854 1730 ο
2879 1698 3030 1750 τουτὶ
3052 1696 3161 1768 γὰρ
3187 1698 3366 1750 έκεῖνο
3404 1696 3469 1748 τὸ
3511 1694 3762 1763 σύνηθες.

501 1791 749 1857 grcderis
773 1801 825 1845 et
849 1790 992 1860 quod
1027 1790 1081 1842 in
1110 1787 1348 1844 sublime
1371 1787 1566 1843 1’ersei
1592 1787 1700 1842 alis
1724 1801 1828 1842 non
1849 1786 2076 1852 levaris,

510 1881 782 1945 irasceris;
807 1889 992 1934 nostra
1024 1888 1204 1933 autem
1231 1877 1597 1933 consideranti
1621 1892 1850 1948 parvum
1881 1877 2008 1946 quid
2027 1889 2083 1932 et

504 1973 661 2040 quasi
701 1971 832 2026 nihil
873 1971 1147 2026 videntur.
1177 1969 1367 2039 Itaque
1389 1968 1558 2039 legem
1583 1968 1860 2038 antiquam
1879 1976 1931 2024 et
1957 1969 2081 2022 ubi-

501 2075 611 2128 que
635 2067 906 2127 potentem
933 2073 992 2112 es
1017 2067 1404 2127 transgressus:
1431 2065 1646 2126 Oportet
1672 2059 1839 2120 enim,
1864 2057 2080 2126 quando

501 2152 643 2218 quis,
669 2151 858 2203 solitos
894 2150 1226 2217 relinquens,
1263 2149 1330 2202 ad
1361 2148 1498 2202 alios
1526 2149 1883 2215 transcurrit,
1928 2147 2078 2201 illum

505 2240 911 2309 pritnolilteris
939 2238 1251 2293 describere
1295 2239 1568 2308 quomodo
1608 2252 1763 2294 mare
1787 2247 1943 2294 actus
1988 2239 2077 2304 sit,

499 2345 622 2399 qua:
644 2340 787 2384 terra
809 2343 930 2384 eum
953 2327 1333 2392 transmiserit,
1359 2337 1536 2382 utrum
1567 2327 1704 2384 bene
1731 2330 2077 2394 successerit,

504 2436 688 2474 unum
713 2419 1086 2475 benevolentia
1110 2417 1272 2473 fuerit
1300 2428 1589 2490 acceptus:
1616 2433 1846 2489 quorum
1870 2420 2004 2474 nihil
2023 2429 2079 2474 tu

506 2513 688 2567 dixisti
745 2525 844 2566 nec
874 2511 1211 2566 narrandum
1256 2511 1606 2575 habebamus,
1641 2511 1737 2565 sed
1769 2525 1854 2565 me
1873 2509 2078 2579 judice,

504 2605 739 2668 j'iscibtts
771 2602 940 2670 magis
975 2600 1121 2656 luisti
1144 2610 1346 2666 mutus,
1375 2614 1443 2655 ne
1472 2610 1654 2654 autem
1681 2599 1904 2655 silentio
1935 2600 2079 2654 ami-

503 2695 626 2747 citia
652 2691 908 2760 paulatim
935 2690 988 2744 in
1017 2689 1352 2746 oblivionem.
1366 2689 1601 2755 decidat,
1625 2704 1740 2744 rem
1773 2703 1974 2744 renovo
2024 2697 2079 2743 et

507 2785 602 2839 tibi
649 2785 716 2839 tio
758 2783 1010 2850 amicior;
1049 2792 1102 2837 tu
1155 2797 1306 2848 vero,
1345 2790 1405 2836 ut
1432 2781 1668 2848 solebas,
1700 2781 1751 2834 in
1780 2780 2076 2834 amicitiam

503 2878 642 2944 apud
674 2884 931 2940 nos,.tua
962 2874 1136 2944 gratia
1193 2873 1336 2943 digni
1366 2913 1382 2940 ,
1416 2870 1636 2941 joeare.
1687 2871 1841 2938 Quod
1871 2870 1916 2925 si
1950 2869 2078 2940 quid

503 2964 700 3018 accidit
741 2963 988 3029 molesti,
1046 2962 1222 3017 ventis
1261 2962 1606 3030 permittatur
1631 2969 1686 3016 et
1710 2961 2075 3016 humanarum

506 3070 684 3109 rerum
725 3055 954 3109 fortunae
978 3067 1102 3124 qua
1145 3063 1330 3108 nostra
1361 3052 1526 3122 inque
1551 3051 1728 3120 deque
1758 3053 2080 3121 pertut’bare

502 3147 800 3202 delectatur
843 3155 896 3201 et
941 3145 1128 3215 rapida
1160 3144 1491 3200 volutatione
1517 3146 1671 3213 agit,
1699 3143 1838 3198 nihil
1897 3144 2082 3199 volens

504 3239 699 3293 stabile
739 3250 837 3294 aut
869 3239 1144 3294 immobile
1173 3238 1386 3293 videre.
1430 3236 1628 3291 Malum
1659 3237 1908 3306 equidem
1957 3251 2054 3291 een

502 3343 596 3384 seo
621 3343 740 3383 esse
767 3327 1029 3394 dolorem,
1074 3328 1244 3381 multo
1269 3338 1449 3381 autem
1489 3326 1640 3396 pejus
1677 3327 1746 3380 iis
1773 3326 1867 3394 qui
1913 3339 2074 3395 spec-

501 3421 683 3476 taculo
755 3421 1076 3474 adfuerunt.
1151 3417 1358 3484 Puella,
1452 3417 1692 3473 nondum
1762 3417 2082 3488 propinqnis

500 3512 930 3574 omnibusnota,
963 3524 1062 3580 pro
1106 3508 1346 3565 thalamo
1368 3509 1436 3566 ad
1466 3509 1775 3581 sepulcrum
1837 3509 2076 3575 ducitur;

502 3605 684 3670 sponsi
716 3603 906 3656 inanes
932 3615 1078 3670 spes;
1107 3601 1288 3672 pactio
1316 3601 1732 3658 matrimonialis
1772 3601 2072 3670 discerpta.

2185 1791 2336 1860 Ἀμα
2367 1791 2463 1844 καὶ
2492 1791 2592 1859 τὴν
2617 1787 2897 1859 Καίσαρος
2931 1783 3091 1853 εἶδες,
3145 1787 3242 1842 καὶ
3269 1787 3480 1856 βαίνεις
3513 1785 3652 1854 ὑψοῦ
3675 1786 3767 1839 καὶ

2181 1881 2532 1948 ἀγανακτεῖς,
2559 1881 2644 1933 ὅτι
2675 1879 2750 1950 μὴ
2776 1880 3034 1950 Περσέως
3049 1881 3267 1949 πτεροῖς
3296 1878 3427 1950 αερη
3457 1879 3731 1947 μετέωρος
3749 1893 3763 1905 ’

2185 1975 2252 2026 τὰ
2273 1973 2332 2026 δὲ
2365 1970 2614 2042 ἡμέτερά
2637 1987 2728 2024 σοι
2760 1969 3117 2040 λογιζομένῳ,
3171 1970 3346 2040 μικρά
3380 1986 3440 2022 τε
3481 1968 3565 2022 ἔτι
3593 1969 3766 2021 δοκεῖν

2181 2064 2276 2117 καὶ
2309 2062 2496 2114 οὐδέν·
2544 2061 2667 2115 ὅθεν
2710 2077 2791 2114 σοι
2837 2060 3013 2129 ,νόμος
3067 2059 3297 2122 παλαιὸς
3349 2059 3447 2112 καὶ
3489 2056 3764 2127 πανταχοῦ

2182 2153 2404 2225 κρατῶν
2437 2152 2821 2224 παρεδαίνετο.
2848 2151 2968 2222 Χρὴ
2995 2150 3104 2220 γὰρ
3121 2150 3342 2204 ἐπειδάν
3359 2167 3446 2214 τις
3475 2149 3604 2213 τοὺς
3635 2166 3762 2202 συν-

2182 2243 2334 2316 seu;
2359 2241 2678 2296 καταλιπὼν
2713 2243 2802 2296 ἐπ’
2833 2240 3154 2303 ἀλλοδαποῖς
3191 2239 3363 2292 ἰθύνοι
3413 2239 3510 2293 τδν
3541 2239 3760 2310 δρόμον,

2181 2337 2346 2391 αὐτὸν
2371 2331 2510 2389 εἶναι
2532 2335 2750 2406 πρῶτον
2786 2333 2876 2387 τὸν
2917 2333 3323 2398 ἐπιστέλλοντα,
3370 2333 3557 2385 ὁποῖον
3603 2332 3764 2384 αὐτὸν

2179 2423 2314 2499 ἦγεν
2331 2429 2365 2498 ἡ
2389 2426 2648 2492 θάλαττα,
2686 2427 2833 2488 ὃπως
2856 2425 2889 2494 ἠ
2915 2425 2986 2493 γῆ
3015 2423 3178 2478 τοῦτο
3207 2421 3598 2494 ὁδοιποροῦντα
3626 2438 3763 2493 παρ·

2182 2519 2448 2588 έπεμπεν,
2479 2519 2527 2570 εί
2553 2517 2800 2588 χρηστῆς
2849 2515 3102 2586 ἀπηλαυε
3161 2514 3353 2587 τύχης,
3387 2517 3437 2568 εί
3481 2515 3576 2567 τὸν
3602 2516 3759 2567 αὑτὸν

2181 2609 2427 2680 εὐμενῶς
2484 2607 2810 2679 ὑπεδέχετο·
2844 2607 3048 2660 τούτων
3097 2607 3196 2677 μὲν
3229 2607 3390 2670 αὐτὸς
3419 2607 3561 2676 έφης
3588 2607 3758 2669 οὐδὲν,

2181 2701 2296 2755 οὐθ’
2319 2702 2482 2772 ἡμεῖς
2507 2699 2712 2770 ἔχομεν
2746 2697 3142 2770 διηγήσασθαι·
3163 2697 3300 2751 ἀλλά
3340 2699 3545 2768 τούμὸν
3576 2699 3756 2768 μέρος,

2182 2790 2366 2844 αὐτῶν
2398 2787 2598 2860 ἰχθύων
2625 2787 2856 2856 γέγονας
2906 2787 3248 2857 ἀφωνότερος
3270 2803 3284 2817 ·
3335 2786 3452 2840 ἀλλ’
3483 2787 3572 2840 ῖνα
3596 2787 3671 2858 μὴ
3697 2786 3758 2837 τά

2183 2879 2286 2950 τῆς
2319 2877 2500 2946 φιλίας
2525 2873 2599 2947 τῇ
2632 2879 2757 2946 σιγῇ
2785 2875 2922 2946 πρὸς
2950 2873 3120 2946 λήθην
3155 2873 3377 2930 έλθόντα
3400 2876 3542 2930 κατά
3572 2877 3759 2946 μικρὸν

2185 2970 2453 3042 ὐποῤῥέῃ,
2490 2967 2822 3038 ἀνανεοῦμαι
2855 2967 3018 3022 πάλιν
3055 2967 3116 3020 τὸ
3150 2970 3381 3039 πρᾶγμα
3410 2967 3506 3021 καὶ
3542 2967 3760 3036 γίνομαὶ

2185 3079 2268 3115 σοι
2321 3059 2867 3132 φιλανθρωπότερος·
2914 3058 3010 3112 καὶ
3070 3059 3136 3112 σὺ
3181 3057 3318 3122 πρὸς
3365 3057 3552 3127 φιλίαν
3602 3055 3759 3120 παῖζε

2183 3153 2320 3224 πρὸς
2347 3153 2494 3224 ἡμᾶς
2523 3151 2592 3206 τὰ
2615 3152 2821 3224 συνήθη
2868 3151 2963 3208 καὶ
3014 3149 3116 3220 τῆς
3152 3149 3251 3219 σῆς
3280 3150 3503 3220 χάριτος
3533 3149 3678 3214 ἄξια.
3702 3149 3760 3202 Εἰ

2182 3245 2241 3301 δέ
2268 3262 2322 3298 τι
2343 3244 2534 3312 γέγονε
2578 3241 2692 3296 τῶν
2745 3241 3043 3308 ἀνιῶντων,
3093 3239 3291 3310 αὖραις
3328 3240 3490 3294 τοῦτο
3513 3240 3757 3302 διδόσθω,

2183 3338 2280 3392 καὶ
2301 3339 2369 3406 τῇ
2402 3335 2546 3406 τύχῃ
2575 3333 2685 3388 τῶν
2721 3333 3076 3403 ἀνθρωπίνων
3114 3333 3480 3402 πραγμάτων,
3526 3333 3652 3402 ἥτις
3679 3333 3759 3386 έν-

2180 3427 2445 3498 τρυφῶσα
2472 3428 2586 3489 τοῖς
2609 3425 2900 3496 ἡμετέροις
2945 3424 3057 3478 ἄνω
3090 3423 3187 3477 καὶ
3208 3423 3360 3476 κάτω
3412 3422 3638 3491 μεταθεῖ
3669 3425 3756 3474 καὶ

2183 3518 2413 3589 βραχείᾳ.
2471 3518 2614 3587 ῥοπῇ
2671 3515 3086 3586 μεταϐάλλεται,
3138 3515 3304 3586 μηδὲν
3343 3514 3602 3567 ἐθέλουσα
3637 3513 3730 3582 βλέ

2181 3627 2303 3663 πειν
2337 3608 2572 3679 ἑστηκὸς
2601 3607 2698 3662 καὶ
2743 3608 3029 3678 ἀκίνητον·
3069 3606 3366 3660 καὶ-δεινὸν
3391 3606 3491 3677 μὲν
3512 3602 3668 3676 οῐμαι
3697 3605 3756 3656 τὸ

503 3695 778 3761 Miserum,
823 3703 882 3748 ut
927 3694 1186 3760 arbitror,
1219 3702 1276 3750 et
1313 3696 1455 3763 quod
1483 3691 1600 3749 ﬂeri
1645 3709 1751 3748 non
1785 3693 2029 3748 debuerit
2059 3706 2074 3745 :

2185 3701 2372 3762 πάθος,
2393 3699 2696 3766 δεινότερον
2727 3698 2786 3751 δὲ
2814 3699 2930 3761 τοῖς
2954 3698 3122 3751 εἰδόσι
3147 3697 3211 3750 τὸ
3247 3697 3455 3766 θέαμα·
3491 3697 3627 3768 κόρη
3655 3711 3768 3767 μη-

505 3803 612 3841 mm
643 3797 824 3843 autem
854 3787 908 3842 in
937 3788 1292 3858 nos-primum
1321 3789 1499 3844 saviit
1527 3787 1767 3855 fortuna,
1786 3788 1880 3843 sed
1908 3786 2078 3856 pluri-

2185 3789 2233 3841 δὲ
2264 3790 2376 3852 τοῖς
2397 3786 2620 3851 οίκείοις
2641 3786 2849 3842 ἀπασιν
2881 3787 3226 3856 ἐγνωσμένη,
3249 3787 3312 3839 ὲν
3330 3785 3552 3844 ⁴πάντων
3574 3785 3754 3854 ὕψεσιν

481 3892 620 3930 -ιιιειε
647 3877 754 3944 jam
816 3879 952 3934 alias
1007 3879 1200 3949 patriae
1243 3881 1462 3950 eripuit,
1493 3879 1788 3934 thalamum
1831 3878 1884 3932 in
1916 3877 2076 3932 funus

2185 3881 2305 3934 ἀντὶ
2329 3879 2604 3941 παστάδος
2651 3878 2894 3948 ἀγομένη
2925 3877 3064 3948 προς
3091 3876 3281 3946 τάφον.
3333 3876 3446 3930 Καὶ
3475 3879 3632 3931 κεναὶ
3659 3877 3754 3945 μὲν

499 3981 846 4025 convertens.
882 3971 1024 4038 Quot
1091 3972 1357 4038 homines,
1413 3985 1512 4041 spe
1546 3971 1672 4026 elati
1698 3985 1796 4042 per
1833 3984 1953 4025 eam
1995 3969 2077 4023 fa-

2185 3971 2423 4025 ἐντεῦθεν
2448 3970 2763 4040 μνηστῆρος
2799 3969 3037 4032 ἐλπίδες,
3067 3969 3360 4041 συγγραφὴ
3395 3968 3455 4022 δὲ
3485 3969 3754 4041 γαμήλιος

499 4060 620 4114 bula
667 4059 804 4117 {acti
844 4063 1010 4117 sunt!
1058 4060 1170 4118 Sed
1208 4077 1310 4118 nec
1351 4063 1620 4118 sententia
1671 4062 1872 4128 vincit;
1915 4059 2076 4114 simul

2185 4063 2264 4116 ἐπ’
2287 4062 2425 4133 αὐτῇ
2467 4062 2829 4134 διερρήγνυτο
2853 4076 2866 4090 °
2903 4061 3053 4116 δεινά
3103 4061 3202 4132 μιν
3253 4055 3408 4131 οἶμαι
3436 4059 3631 4124 ταῦτα,
3663 4062 3752 4114 καὶ

499 4169 564 4208 ac
620 4154 760 4218 vult,
811 4153 900 4218 ﬁt;
949 4153 1106 4208 cedat
1155 4153 1496 4224 philosophia
1541 4163 1599 4209 et
1647 4153 1952 4217 voluntas;
1983 4149 2075 4204 ali-

2185 4154 2274 4207 οὒκ
2303 4151 2481 4222 ὢφελε
2502 4151 2753 4222 γενέσθαι
2780 4169 2794 4184 ο
2861 4153 2999 4224 πλὴν
3046 4153 3148 4207 ούκ
3175 4153 3262 4222 ἐφ’
3299 4151 3458 4222 ἡμῶν
3490 4151 3754 4223 πρῶτονή

497 4241 631 4312 quid
677 4243 746 4296 sit
789 4242 1020 4311 amplius
1066 4243 1131 4297 iis
1167 4243 1259 4312 qui
1309 4243 1715 4298 incumbunt...
1754 4240 1898 4296 scire
1932 4239 2074 4294 ferre

2185 4243 2312 4314 τύχη
2347 4244 2729 4316 στρατεύεται,
2754 4243 2954 4308 πολλὰς
2968 4245 3068 4316 ἤδη
3094 4262 3198 4298 που
3226 4245 3320 4298 καὶ
3343 4244 3510 4308 ἄλλας
3535 4246 3750 4316 ἥρπασε

495 4327 719 4382 vulnera
749 4329 1018 4383 fortuna:
1065 4329 1235 4386 miror
1261 4329 1406 4385 enim
1454 4343 1554 4398 ego
1607 4327 1756 4383 illum
1799 4326 1890 4398 qui
1935 4325 2071 4382 dixit

2185 4335 2279 4406 τῆς
2343 4334 2622 4407 πατρίδος,
2679 4337 2777 4391 καὶ
2831 4337 3104 4407 νυμφικόν
3155 4337 3396 4407 θάλαμον
3444 4338 3528 4401 εις
3560 4339 3754 4410 θρῆνον

495 4419 810 4486 sapienter:
841 4421 973 4474 Cum
1018 4435 1122 4474 non
1161 4421 1417 4474 eveniant
1459 4436 1580 4490 quae
1625 4420 1894 4482 volumus,
1949 4434 2070 4489 qua:

2185 4426 2488 4499 μετέϐαλεν.
2527 4429 2593 4480 Ὦ
2619 4429 2775 4482 πόσοι
2832 4433 2954 4494 ταῖς
2983 4429 3165 4483 έλπίσι
3203 4429 3543 4502 τρυφῶντες,
3587 4430 3751 4500 μῦθος

494 4511 1194 4567 eveninntvclimus.Abit
1245 4520 1445 4564 terram
1494 4511 1805 4581 relinquens
1848 4519 1910 4566 ut
1933 4527 2068 4567 con-

2185 4519 2261 4572 5ιά
2309 4517 2513 4589 ταύτην
2573 4520 2854 4588 έγένοντοο
2886 4521 3002 4574 ἀλλ’
3031 4521 3154 4575 οὐδὲ
3183 4525 3248 4593 τῇ
3286 4523 3454 4595 ψήφῳ
3473 4524 3628 4593 νικᾷ·
3662 4524 3750 4575 καὶ

489 4602 626 4672 jugii
687 4601 825 4654 mala
856 4611 910 4656 et
945 4601 1241 4657 liberorum
1291 4609 1498 4671 partus,
1526 4661 1532 4668 _
1559 4603 1605 4656 si
1641 4601 1806 4656 futuri
1846 4612 2073 4669 essent;

2185 4608 2291 4677 ἵιμα
2313 4625 2365 4661 τι
2388 4607 2529 4662 θέλει
2574 4611 2669 4663 καὶ
2699 4609 2945 4680 γίνεταιο
3009 4612 3254 4665 νικάσθω
3311 4611 3602 4682 φιλοσοφία
3659 4615 3751 4664 καὶ

495 4693 850 4763 praetermitto
902 4702 1078 4747 autem
1116 4693 1422 4748 nutricialia
1458 4693 1697 4763 pericula
1727 4703 1782 4747 et
1814 4693 1954 4746 inter
1998 4694 2076 4747 fe-

2185 4698 2373 4770 γνώμη
2403 4716 2416 4728 ·
2468 4702 2562 4754 καὶ
2590 4702 2734 4754 έστω
2783 4719 2836 4754 τι
2885 4702 3047 4756 πλέον
3077 4704 3190 4766 τοῖς
3224 4703 3604 4773 ἀνακειμένοις
3632 4719 3684 4756 τ.
3703 4706 3748 4763 i;

491 4783 753 4837 licitatetn
817 4785 1060 4848 timores,
1121 4800 1190 4840 ne
1245 4785 1456 4840 scilicet
1513 4786 1870 4855 praesentibus
1915 4787 2070 4840 bonis

2185 4791 2416 4860 μούσαις
2454 4791 2515 4843 τὸ
2550 4791 2737 4862 φέρειν
2767 4793 2965 4846 εἰδέναι
2992 4795 3088 4858 τὰς
3116 4793 3307 4864 τύχας.
3341 4793 3615 4863 Θαυμάζω
3646 4796 3748 4860 γὰρ

489 4875 808 4941 excidatur;
848 4878 1003 4931 sitatis
1033 4878 1157 4932 vitm
1197 4879 1528 4943 liberaabit,
1564 4880 1706 4932 viam
1737 4893 1863 4933 vere
1903 4877 2068 4932 latam

2185 4880 2353 4949 ἔγωγε
2401 4883 2492 4935 καὶ
2520 4881 2608 4934 τὸν
2645 4883 2906 4954 είρηκότα
2937 4885 3115 4953 σοφῶς
3148 4900 3162 4914 ⁸
3210 4884 3349 4938 Ἀλλ’
3370 4884 3559 4954 ἐπειδὴ
3574 4886 3648 4956 μὴ
3672 4888 3749 4953 γί-

489 4967 802 5038 lngre‘dicns
835 4980 890 5024 et
923 4984 1084 5039 quam
1138 4984 1332 5025 omnes
1393 4985 1489 5024 nos
1521 4970 1730 5041 ingredi
1757 4977 1976 5039 oportet
2006 4983 2071 5023 eo

2185 4990 2328 5026 νεται
2373 4973 2409 5026 ἀ
2455 4973 2700 5044 θέλομεν,
2735 4973 3056 5047 θελήσωμεν
3100 4977 3171 5029 τὰ
3217 4977 3511 5046 γινόμενα·
3545 4981 3747 5046 σχετσι

490 5061 633 5126 quod
669 5061 778 5115 nati
813 5077 1002 5116 stttnus
1027 5097 1043 5114 .
1477 5099 1480 5102 η

2185 5065 2278 5133 τὴν
2321 5065 2426 5134 γῆν
2484 5065 2846 5132 ἀπολιποῦσα,
2891 5069 2986 5122 καὶ
3027 5067 3209 5138 γάμου
3248 5067 3392 5122 κακὰ
3429 5069 3523 5122 καὶ
3548 5068 3749 5121 παξδων

487 5155 707 5222 ὠδῖνας,
742 5156 926 5210 εἴποτε
959 5159 1052 5211 καὶ
1105 5157 1391 5225 έγένοντοο
1428 5160 1522 5213 καὶ
1570 5159 1763 5214 σιωπῶ
1811 5161 1938 5223 τοὺς
1968 5161 2068 5230 τῆς
2107 5163 2498 5233 πιιδοτροφίας
2528 5163 2829 5228 κινδύνους,
2867 5165 2965 5218 καὶ
3015 5165 3106 5218 τὸν
3136 5167 3196 5218 ὲν
3261 5166 3486 5236 εὐτυχίᾳ
3567 5167 3743 5233 φόϐον.

490 5260 567 5327 μή
597 5271 729 5308 ποτε
763 5255 974 5322 γένοιτο
1001 5254 1111 5307 τῶν
1141 5256 1428 5326 παρόντων
1459 5257 1784 5328 διαμαρτεῖν
1808 5272 1823 5288 ο
1857 5256 1972 5309 τῶν
2047 5258 2102 5310 δὲ
2147 5260 2462 5327 συντρόφων
2493 5259 2573 5330 τῷ
2605 5259 2704 5330 βίῳ
2725 5260 2912 5313 κακῶν
2949 5261 3217 5330 γενομένη
3260 5259 3476 5314 πάντων
3537 5257 3751 5315 ἐλεύθε-

491 5365 585 5421 ρος
611 5348 819 5420 οίχεται
847 5345 1139 5417 λεωφόρον,
1155 5347 1326 5411 ὅντως
1353 5341 1494 5416 ὁδὸν,
1520 5349 1616 5402 καὶ
1637 5344 1703 5413 ἣν
1741 5347 1960 5404 ὁδεῦσαι
1980 5350 2062 5402 δεῖ
2101 5351 2330 5414 πάντας,
2356 5351 2543 5421 ἐπειδὴ
2570 5351 2662 5404 καὶ
2685 5352 3012 5422 γεγόναμεν.

1045 5441 1162 5498 XVI
1189 5483 1204 5498 .
1250 5442 1457 5498 EIDEM
1485 5483 1500 5498 .

2732 5447 2848 5516 ις’.
2893 5449 2981 5520 τι)
3007 5448 3205 5520 arm.

560 5532 717 5588 Nune
760 5531 986 5601 cognovi
1049 5541 1250 5602 quanta
1306 5549 1392 5588 me
1447 5533 1597 5602 prius
1641 5533 1839 5605 injuria
1873 5543 1964 5590 tuo
1997 5535 2072 5589 si-

2250 5537 2364 5590 Νῦν
2386 5537 2558 5607 ἔγνων
2588 5538 2712 5592 ὅσον
2738 5539 2945 5608 ἠδίκεις
2977 5539 3246 5612 πρότερον
3303 5540 3560 5596 σιωπιῖιν·
3599 5544 3659 5610 ἐξ
3679 5538 3748 5598 ὧν

489 5624 656 5682 sentio
689 5621 968 5678 all‘eceris:
1025 5630 1285 5693 quantum
1334 5626 1478 5681 enim
1515 5625 1873 5682 me-scribens
1923 5627 2076 5680 exhi-

2185 5628 2288 5698 γὰρ
2321 5627 2607 5700 ηὔφρανας
2659 5631 2908 5700 γράφων,
2952 5631 3018 5686 ἐκ
3067 5629 3274 5686 τούτων
3322 5631 3463 5698 ὅλους
3523 5634 3746 5705 σιγήσας
