4000 6314
460 216 602 284 ΞἿ33

1898 207 2305 271 EPISTOLZE.

3582 192 3722 263 2734

458 324 673 386 λυπεῖς·
705 320 808 391 τήν
858 319 969 393 γάρ
1014 318 1307 391 ἐπιστολὴν
1351 318 1433 381 είς
1484 318 1672 388 χεῖρας
1703 314 1905 378 λαϐὼν,
1936 332 2038 369 πα-

2155 311 2353 379 iarasti,
2386 320 2591 366 tantum
2627 319 2810 366 Iacens
2840 309 3053 378 amigis.
3104 308 3274 365 Tuam
3326 323 3561 380 namque
3608 316 3725 381 epi-

460 413 617 476 λαιᾶς
646 404 951 484 ἐμνήσθην’
974 409 1322 480 εὐδαιμονίας
1340 424 1355 438 ·
1398 409 1459 461 σέ
1480 408 1737 477 παρεῖναι
1765 406 1940 460 δοκῶν
1978 407 2036 458 ἐν

459 508 571 569 τοῖς
596 504 911 577 γράμμασι,
941 501 1034 558 καί
1063 520 1116 555 τι
1140 501 1320 570 λέγειν
1341 501 1417 563 ὡς
1461 500 1693 571 παρόντι
1715 497 1997 576 προήχθην
2020 512 2035 527 ⁸

461 594 558 649 καὶ
585 594 653 646 τὰ
683 594 784 664 μὲν
808 588 984 655 εἶπον,
1017 592 1085 645 τά
1105 590 1163 643 δὲ
1227 590 1481 658 λέγοντος
1521 588 1743 643 ἀκούειν
1773 587 1992 640 ἐδόκουν
2022 603 2034 615 ·

461 684 554 739 καὶ
584 683 738 754 μόλις
758 681 1090 751 ἀνενεγκὼν,
1127 680 1300 749 ἐγνων
1330 682 1406 743 ὼς
1435 680 1569 751 ὄναρ
1612 675 1682 750 ἦν
1710 681 1915 743 ἐκεῖνα,
1944 678 2041 731 καὶ

461 776 814 846 ἠπατήμεθα.
857 773 1069 828 Οὐκοῦν
1111 772 1291 843 γράφε
1338 773 1621 835 πολλάκις,
1662 771 1752 825 ἴνα
1782 772 1880 842 τῆς
1910 770 2041 835 θέας

461 866 815 937 ἀποροῦντες,
842 866 1115 936 ὀνείρασιν
1136 863 1559 934 εὐφραινώμεθα
1579 880 1594 895 ·
1622 864 1926 935 ἐπειδήπερ
1945 863 2041 917 καὶ

460 958 632 1022 δεινὸς
663 957 897 1029 ἐραστὴς
918 956 1029 1010 τῶν
1059 955 1331 1009 παιδικῶν
1361 956 1600 1025 ἀτυχῶν,
1640 956 1880 1027 χρηστὸν
1906 955 2041 1026 ὄναρ

461 1047 572 1104 εἶδε
599 1050 696 1104 καὶ
756 1047 1177 1119 μεταϐάλλεται·
1210 1048 1347 1102 ἀλλὰ
1381 1048 1596 1101 δέδοικα
1639 1048 1802 1099 ταυτὶ
1832 1046 2038 1114 λέγειν,

467 1142 542 1213 μὴ
578 1143 674 1195 καὶ
702 1140 933 1211 νομίσας
953 1138 1152 1209 ἀληθῆ,
1182 1140 1532 1210 φρονήματος
1559 1137 1917 1208 ἐμπλησθεὶς,
1947 1141 2042 1192 καὶ

462 1237 673 1306 γένοιτο
711 1235 872 1288 πάλιν
896 1236 1086 1306 σιγᾷν·
1142 1233 1333 1304 νόμιζε
1384 1233 1565 1286 τοίνυν
1620 1226 1761 1285 εἶναι
1828 1231 2083 1301 ψευδῆ·-

462 1326 559 1379 καὶ
593 1325 752 1396 μόνον
781 1322 1071 1386 λαλοῦντος
1095 1322 1424 1394 ἀκούσομαι.
1473 1322 1578 1376 Τὸν
1606 1322 1662 1375 δέ
1692 1322 1929 1393 φέροντα
1944 1324 2042 1391 τὴν

463 1416 755 1488 ἐπιστολὴν
779 1415 999 1486 ἀνεψιὸν
1022 1415 1152 1469 δντα
1188 1415 1286 1469 καὶ
1328 1415 1615 1486 κηδεστὴν,
1667 1416 1721 1468 εί
1736 1431 1801 1483 γε
1855 1413 1936 1467 δεῖ
1982 1414 2043 1466 τὸ

469 1510 668 1579 μᾶλλον
695 1510 892 1574 είπεῖν,
916 1507 1204 1578 εὐμενέσιν
1252 1506 1375 1561 ίδὼν
1417 1506 1719 1577 ὀφθαλμοῖς
1745 1546 1761 1571 ,
1795 1509 1900 1560 κᾶν
1927 1507 2042 1580 δὲῃ,

464 1598 762 1671 παρασχὼν
781 1597 933 1669 αὐτῷ
964 1596 1359 1669 συμμαχοῦσαν
1390 1597 1490 1668 τὴν
1529 1597 1797 1666 γλῶτταν,
1823 1597 1947 1668 ἐμοί
1984 1613 2044 1649 τε

465 1693 573 1744 πᾶν
601 1689 805 1744 διδόναι
834 1689 982 1743 δόκει
1016 1691 1116 1759 τῆς
1132 1688 1374 1760 χάριτος.

1029 1868 1478 1940 ιΖκτῼιεΥτῼ.

537 1965 708 2035 Ὅσης
732 1961 1016 2032 ἀπήλαυσε
1055 1961 1186 2032 παρ’
1222 1960 1375 2030 ὑμῶν
1396 1961 1495 2031 τῆς
1523 1959 1774 2023 εὐποιίας
1818 1961 1846 2014 ό
1884 1959 2047 2023 καλὸς

468 2056 765 2126 Ζαχαρίας,
807 2054 971 2116 αὑτός
1011 2070 1073 2106 τε
1101 2053 1393 2125 διηγεῖται,
1446 2051 1710 2114 πολλάκις
1747 2051 1844 2105 καὶ
1887 2052 2047 2123 ἡμεῖς

467 2147 822 2216 ἀκηκόαμεν·
869 2144 1055 2216 ἐδήλου
1095 2143 1153 2197 δὲ
1184 2144 1275 2197 καὶΙ
1316 2142 1385 2197 τὰ
1432 2142 1674 2212 ὑμέτερα
1718 2141 2045 2213 γράμματα,

470 2238 609 2308 πλὴν
649 2235 788 2290 ἀλλὰ
818 2234 919 2304 τῆς
947 2233 1203 2304 ἀληθείας
1237 2232 1497 2288 ἐλάττονα
1524 2248 1538 2263 ·
1571 2235 1722 2297 ὅπως
1753 2234 1841 2298 ἂν,
1867 2229 2043 2302 οἶμαι,

466 2326 623 2398 δόξῃς
680 2325 748 2378 τά
791 2324 1006 2395 χρηστά
1052 2324 1225 2376 ποιεῖν
1253 2322 1453 2376 εἰδέναι
1492 2322 1692 2393 μᾶλλον
1739 2323 1774 2394 ἦ
1815 2322 1996 2390 λέγειν
2032 2340 2047 2356 ·

472 2419 605 2486 ὅπερ
643 2418 746 2470 οὐκ
797 2414 1001 2487 ἀπορία
1026 2413 1118 2468 τοῦ
1155 2414 1426 2483 λέγοντος,
1465 2412 1600 2467 ἀλλά
1627 2414 1861 2484 σώφρων
1885 2412 2051 2478 αίδὼς

467 2504 565 2575 τὴν
607 2502 810 2572 ἐαυτῆς
847 2502 1048 2574 ἀρετὴν
1093 2502 1526 2574 ἐπικρύπτουσα.
1580 2502 1693 2574 Τὴν
1732 2503 1790 2557 δὲ
1839 2502 1939 2576 σὴν
1970 2504 2051 2567 είς

470 2599 617 2667 ἡμᾶς
674 2594 910 2667 σπουδὴν
957 2596 1053 2649 καὶ
1091 2596 1224 2666 πρὶν
1280 2595 1535 2664 γενέσθαι
1574 2597 1709 2649 πᾶσι
1758 2595 1902 2667 βοῶ·
1954 2596 2052 2650 καὶ

472 2686 621 2752 ξένον
644 2686 796 2740 οὐδὲν
829 2687 962 2756 ἡμῖν
996 2686 1211 2739 ἅπαντα
1250 2685 1287 2740 ἃ
1315 2686 1413 2757 μὲν
1454 2685 1520 2742 ἂν
1548 2685 1859 2756 ἐλπίσωμεν
1891 2684 2050 2755 γενέ-

475 2780 632 2833 σθαι·
688 2780 784 2832 καὶ
850 2778 1091 2850 μεγάλης
1150 2778 1317 2850 οὔσης
1369 2779 1460 2833 ἀεὶ
1502 2777 1605 2848 τῆς
1661 2778 1894 2846 ἐλπίδος,
1949 2779 2053 2833 οὐκ

471 2872 686 2942 ἐλέγχει
712 2871 917 2941 ταύτην
950 2874 987 2938 ἡ
1024 2873 1186 2943 πεῖρα
1210 2887 1226 2903 ·
1258 2868 1369 2940 ἐγὼ
1403 2870 1504 2942 μὲν
1524 2870 1619 2925 οὖν
1647 2872 1743 2925 καὶ
1779 2871 1950 2925 πλείω
1975 2871 2053 2925 λέ-

475 2980 597 3033 γειν
620 2963 789 3017 ἐθέλω
810 2980 823 2994 ·
847 2964 912 3017 σὺ
944 2965 1001 3019 δέ
1019 2982 1086 3031 με
1109 2962 1344 3031 παίζειν,
1362 2964 1463 3019 οὐκ
1493 2959 1587 3018 οἷδ’
1612 2964 1782 3029 ὅπως,
1802 2965 1932 3036 ἡγῇ,
1956 2963 2053 3018 καὶ

477 3056 803 3124 σιγήσομαι·
834 3054 1089 3108 τοσοῦτον
1117 3056 1225 3127 γάρ
1253 3071 1337 3108 σοι
1363 3055 1424 3107 τὸ
1459 3055 1703 3125 μέτριον,
1732 3053 1808 3117 ὡς
1838 3055 1932 3107 καὶ
1961 3053 2052 3110 τὸν

476 3145 693 3217 ἀληθῶς
725 3148 1048 3201 ἐπαινοῦντα
1066 3147 1279 3212 παίζειν
1301 3150 1412 3218 ήγῇ
1437 3165 1451 3180 ·
1487 3146 1605 3216 ἐγὼ
1622 3147 1680 3200 δὲ
1697 3144 1821 3199 οὔτε
1843 3146 2055 3211 παίζων

386 3264 393 3275 ο
483 3238 576 3305 τῆς
606 3238 865 3309 ἀληθείας
885 3239 1191 3310 ἐξίσταμαι,
1225 3240 1351 3293 οὔτε
1383 3238 1663 3310 ἀληθεύων
1692 3236 1786 3291 τοῦ
1814 3235 2053 3303 παίζειν,

480 3328 642 3401 ἡνίκα
671 3329 735 3399 δή
777 3346 867 3400 μοι
915 3330 1052 3398 πρὸς
1096 3331 1220 3393 τοὺς
1271 3329 1558 3398 φιλοῦντας
1599 3332 1629 3382 ό
1691 3329 1874 3396 λόγος·
1914 3327 2057 3381 ὥστε

475 3419 684 3492 ὶδέχου]
725 3422 851 3484 τοὺς
909 3422 1076 3492 ἐμοὺς
1125 3421 1379 3484 ἐπαίνους
1410 3436 1423 3450 ·
1460 3419 1585 3473 οὔτε
1630 3419 1739 3490 γὰρ
1777 3418 2057 3481 παντελῶς

478 3512 584 3567 πῶν
612 3513 1045 3584 ἀπερριμμένων
1072 3509 1124 3566 εἴ
1149 3513 1281 3584 παρ’
1311 3511 1454 3584 ἐμοί.

872 3628 875 3631 -
1035 3605 1496 3676 ΙΗἎΔΩΡΟΘΕῼ.

549 3697 735 3760 Δεινός
755 3697 865 3768 ἄρα
894 3714 975 3760 τις
1018 3692 1164 3766 ἦσθα
1210 3696 1278 3750 τὰ
1326 3696 1538 3768 σμικρὰ
1585 3694 1800 3765 μεγάλα
1857 3695 2055 3756 ποιεῖν,

494 3789 574 3842 ια).
601 3782 683 3848 οἷς
713 3788 779 3842 ἂν
805 3787 997 3858 ἐθέλῃς
1027 3789 1123 3841 καὶ
1148 3786 1354 3858 μοῦσαν
1390 3786 1620 3839 διδόναι·
1671 3786 1849 3839 καίτοι
1897 3785 2059 3838 ἐπαί-

483 3896 588 3940 νοις
628 3881 727 3950 οὐχ
771 3873 881 3944 οἶος
911 3877 1022 3947 ἐγὼ
1047 3879 1248 3947 λέγειν,
1290 3878 1404 3932 ἀλλ’
1452 3872 1563 3931 οἷον
1596 3878 1864 3948 προσήκει
1904 3876 2058 3946 γενέ-

478 3970 604 4024 σθαι
623 3986 636 4001 ·
672 3970 809 4039 ἀλλά
840 3969 1016 4040 καὶ,δι’
1035 3964 1110 4023 ὧν
1138 3986 1226 4040 μοι
1249 3971 1372 4031 τοὺς
1389 3969 1580 4036 λόγους
1608 3967 1796 4028 αἰτῶν,
1814 3967 2058 4020 ’Λττικόν

476 4077 529 4114 τι
571 4060 785 4133 φθέγγῃ
823 4061 919 4115 καὶ
948 4063 1068 4124 ταῖς
1114 4061 1334 4132 χάρισιν
1367 4058 1653 4128 ἀνειμένον
1700 4057 1933 4121 πείθεις,
1980 4057 2058 4122 ὡς

480 4153 619 4222 μήτε
652 4150 794 4206 ἑκὼν
819 4149 959 4206 εἶναι
994 4151 1221 4215 τούτους
1259 4149 1638 4221 ἐκπέμψομεν,
1671 4148 1824 4220 φόϐῳ
1844 4147 1937 4201 τοῦ
1970 4148 2048 4218 μὴ

476 4242 632 4315 παρά
666 4243 751 4297 σοὶ
780 4247 942 4315 κριτῇ
995 4245 1122 4307 τοὺς
1156 4244 1325 4315 ἐμοὺς
1366 4241 1687 4312 ἐλέγχεσθαι
1718 4239 1935 4304 παῖδας.
1983 4237 2059 4292 Τὸ

2141 405 2335 460 stoiam
2371 404 2425 457 in
2473 403 2723 457 manibus
2773 402 3070 472 accipiens,
3128 402 3373 471 pristina
3407 404 3725 459 recordatus

2142 510 2262 551 smn
2306 493 2615 556 felicitatis;
2652 501 2705 547 te
2749 493 2801 547 in
2844 493 2951 547 tuis
2995 492 3192 546 litteris
3222 494 3413 549 adesse
3459 494 3727 562 opinabar

2142 598 2197 641 et
2242 589 2308 642 ad
2351 586 2732 656 alloquendnm
2782 594 2834 639 te
2869 585 3016 640 velut
3044 595 3364 655 praesentem
3411 587 3723 652 excitabar;

2146 682 2303 736 modo
2368 679 2537 749 loqui,
2587 680 2745 732 modo
2784 677 2974 732 audire
3034 676 3162 729 mihi
3225 677 3486 741 videbar;
3549 685 3603 730 et
3638 679 3725 729 vix

2144 773 2290 827 ferre
2314 773 2483 841 potui,
2557 785 2678 825 cum
2734 769 2928 838 agnovi
2972 768 3022 821 id
3053 781 3175 822 esse
3228 767 3498 822 somnium
3554 775 3726 821 etme

2144 861 2292 916 falli.
2328 863 2535 929 Saepius
2565 876 2695 931 ergo
2717 859 2916 924 scribe,
2968 869 3046 923 ut,
3093 866 3186 912 tuo
3214 869 3506 928 conspectu
3556 859 3729 912 desu-

2147 960 2317 1017 tutus,
2352 950 2579 1004 somniis
2634 949 2825 1003 saltem
2881 948 3178 1017 gaudeam.
3214 947 3492 1015 Siquidem
3530 948 3728 1001 ardens

2144 1054 2378 1105 amator,
2460 1041 2575 1097 suis
2638 1040 2880 1109 privatus
2942 1037 3154 1100 amicis,
3229 1038 3386 1092 dulce
3437 1029 3723 1092 somnium

2146 1137 2293 1191 videt
2322 1147 2376 1191 et
2426 1139 2661 1206 seipsnm
2709 1134 2864 1189 fallit.
2924 1135 3029 1189 Sed
3080 1135 3196 1187 haec
3218 1133 3426 1200 dicens,
3462 1134 3625 1188 timeo
3660 1150 3730 1187 ne

2147 1241 2272 1281 vera
2304 1241 2426 1281 esse
2461 1236 2617 1296 putes
2663 1235 2718 1281 et
2767 1224 3020 1293 superbia
3058 1223 3251 1293 plenus
3290 1223 3469 1279 denuo
3512 1236 3724 1280 taceas:

2146 1319 2320 1389 cogita
2377 1332 2506 1388 ergo
2558 1318 2692 1371 falsa
2747 1330 2887 1382 esse,
2941 1330 3051 1385 quo
3103 1324 3156 1369 te
3192 1329 3410 1385 semper
3482 1318 3724 1374 audiam.

2146 1409 2247 1475 Qui
2286 1418 2463 1463 autem
2522 1424 2697 1463 meam
2737 1406 3021 1477 epistolam
3080 1408 3144 1461 ad
3194 1417 3247 1461 te
3299 1406 3529 1470 deferet,
3593 1424 3731 1479 quo-

2132 1501 2292 1554 ‘niam
2322 1500 2680 1555 consobrinus
2696 1499 2811 1555 etsi
2842 1498 2970 1570 quid
2995 1499 3225 1568 amplius
3250 1501 3537 1554 dicendum
3565 1517 3733 1571 gener

2151 1607 2303 1648 mens
2368 1601 2479 1655 est,
2539 1607 2660 1648 eum
2712 1590 2884 1660 gratis
2934 1591 3170 1658 accipias
3218 1592 3410 1658 oculis,
3451 1602 3525 1660 et,
3555 1594 3601 1648 si
3633 1610 3730 1649 ne-

2081 1657 2326 1747 licesse,
2380 1693 2645 1753 praestans
2703 1657 2759 1739 et
2789 1693 2894 1738 tum
2949 1657 3147 1751 lingua:
3193 1657 3543 1753 adiutorium,
3574 1701 3726 1742 smu-

2150 1790 2291 1828 mam
2324 1775 2453 1828 mihi
2478 1776 2708 1845 gratiam
2742 1784 2970 1844 praestes
2999 1818 3013 1835 .

2728 1866 2890 1923 XVII.
2935 1869 3164 1925 EIUEM.

2219 1960 2430 2028 Quanta
2462 1962 2603 2031 apud
2633 1970 2684 2015 te
2713 1961 2976 2019 felicitate
3001 1965 3220 2034 gavisus
3259 1962 3421 2017 fuerit
3462 1961 3732 2019 formosus

2150 2047 2464 2114 Zacharias,
2500 2051 2615 2119 ipse
2647 2050 2802 2106 nobis
2833 2055 3076 2106 narravit
3113 2061 3168 2107 et
3196 2053 3523 2123 compluries
3561 2054 3730 2108 audi-

2149 2142 2361 2209 vimus;
2426 2151 2548 2196 tuas
2594 2155 2812 2211 quoque
2855 2143 3067 2200 litteras
3110 2145 3465 2212 monstrabat,
3501 2144 3734 2200 veritate

2153 2240 2332 2286 tamen
2373 2233 2635 2298 minores,
2669 2234 2946 2302 quoniam,
2985 2244 3042 2288 ut
3089 2235 3308 2306 opinor,
3344 2236 3536 2290 melius
3575 2249 3734 2306 egre-

2151 2323 2224 2392 gii
2255 2322 2437 2379 facere
2465 2326 2574 2379 scis
2605 2339 2766 2394 quam
2807 2326 3017 2394 dicere,
3051 2342 3155 2380 non
3184 2341 3252 2381 ex
3283 2328 3549 2383 sermonis
3593 2327 3734 2383 indi-

2151 2416 2358 2486 gentia,
2386 2417 2483 2471 sed
2525 2432 2591 2470 ex
2643 2418 2908 2473 modestia
2951 2433 3071 2488 qua:
3111 2434 3265 2475 suam
3304 2420 3559 2476 virtutem
3600 2437 3732 2492 pru-

2152 2510 2344 2564 denter
2387 2508 2642 2564 occultat.
2694 2508 2865 2564 Tuam
2921 2519 3101 2564 antem
3152 2510 3207 2565 in
3254 2526 3352 2566 nos
3395 2513 3725 2583 diligentiam

2143 2600 2467 2670 jampridem
2499 2601 2845 2656 exsistentem
2872 2603 3122 2659 omnibus
3160 2603 3354 2669 clamo,
3384 2612 3438 2659 et
3469 2605 3582 2660 ltmc
3610 2622 3732 2661 0m-

2155 2693 2241 2747 nia
2277 2707 2399 2763 qua:
2426 2707 2710 2763 speramus
2756 2693 2891 2748 nihil
2940 2692 3054 2749 fore
3103 2710 3338 2762 novum;
3392 2708 3727 2761 quantacun-

2152 2798 2259 2853 que
2288 2783 2435 2839 enim
2469 2795 2655 2841 nostra
2700 2799 2846 2853 spes,
2877 2801 2994 2840 eam
3022 2801 3128 2841 non
3156 2785 3305 2841 fallet
3334 2796 3581 2843 eventus.
3621 2789 3737 2860 Ego

2154 2873 2372 2943 quidem
2423 2873 2581 2945 plura
2639 2876 2820 2931 dicere
2871 2877 3052 2942 velim,
3102 2879 3197 2932 sed
3231 2893 3342 2941 me,
3373 2880 3558 2934 nescio
3613 2895 3733 2944 cur,

2079 2994 2122 3052 ε
2156 2966 2332 3037 jocari
2375 2966 2589 3036 putabis
2633 2974 2688 3021 et
2732 2969 2966 3023 tacebo:
2999 2977 3145 3023 tanta
3194 2970 3337 3025 enim
3373 2979 3456 3025 est
3489 2982 3576 3026 tua
3616 2987 3736 3028 mo-

2157 3058 2330 3113 destia
2363 3068 2421 3112 ut
2450 3061 2718 3113 veraciter
2751 3059 3059 3114 laudantem
3089 3060 3260 3130 iocari
3293 3061 3604 3128 existimes;
3639 3064 3736 3117 sed

2159 3166 2333 3222 neque
2366 3151 2491 3222 joco
2525 3167 2555 3207 a
2584 3154 2810 3209 veritate
2843 3154 3140 3218 discedam,
3169 3170 3346 3225 neque
3388 3168 3511 3209 vera
3552 3156 3768 3212 dicens

2157 3243 2355 3313 ajoco,
2390 3244 2609 3313 quando
2638 3246 2704 3300 ad
2735 3247 2941 3301 amicos
2985 3246 3113 3302 tnilti
3158 3248 3261 3303 erit
3311 3262 3526 3311 sermo;
3574 3262 3604 3301 a
3654 3265 3740 3302 me

2158 3338 2321 3404 igitur
2353 3335 2541 3390 laudes
2573 3336 2789 3407 suscipe
2828 3356 2843 3392 :
2880 3353 3153 3407 nunquam
3199 3339 3343 3393 enim
3402 3353 3432 3393 e
3478 3338 3738 3393 memoria

2160 3433 2345 3478 nostra
2384 3425 2619 3478 decides.

2641 3600 2824 3658 XVIII.
2862 3599 3256 3657 DOROTHEO.

2229 3692 2430 3749 Potens
2452 3707 2588 3748 sane
2618 3709 2677 3749 es
2705 3695 2774 3749 de
2806 3695 2986 3763 parvis
3022 3708 3213 3762 magna
3241 3693 3420 3749 facere
3450 3705 3504 3749 et
3542 3695 3740 3765 quibus

2160 3786 2241 3840 vis
2277 3800 2458 3841 musas
2488 3786 2695 3855 largiri.
2728 3785 2834 3840 Sed
2869 3800 2973 3838 nun
3003 3786 3178 3852 ipsum
3210 3785 3302 3854 qui
3350 3785 3575 3841 laudare
3616 3804 3743 3858 pos-

2159 3879 2285 3944 sim,
2341 3878 2436 3933 sed
2475 3879 2728 3946 quoniam
2773 3877 2886 3931 fieri
2955 3885 3133 3945 potest
3166 3875 3368 3932 dicam.
3439 3878 3494 3932 In
3540 3882 3741 3948 quibus

2160 3970 2355 4026 litteris
2374 3984 2652 4024 sermones
2683 3984 2713 4023 a
2736 3985 2822 4023 me
2848 3968 3081 4038 expetis,
3106 3969 3288 4023 Attice
3305 3970 3439 4025 dicis
3468 3980 3521 4025 et
3551 3974 3743 4042 gratiis

2158 4063 2471 4133 persuades,
2495 4061 2568 4115 ita
2588 4069 2646 4115 ut
2661 4067 2793 4116 adte
2810 4075 2915 4115 non
2943 4044 3114 4115 libens
3140 4074 3234 4115 eos
3263 4061 3742 4125 tniserim,vcritus

2160 4168 2355 4223 nempe
2381 4166 2470 4220 ne,
2509 4162 2563 4207 te
2585 4151 2791 4222 judice,
2810 4154 2920 4207 nati
2947 4153 3050 4206 mei
3076 4152 3425 4206 damnentur.
3455 4153 3612 4222 Apud
3646 4154 3740 4224 ju-

2160 4248 2308 4301 dices
2336 4245 2479 4300 enim
2528 4244 2795 4311 faventes,
2823 4244 3026 4314 aliquid
3079 4243 3219 4299 forte
3263 4254 3480 4308 essent;
3515 4247 3610 4301 sed
3643 4261 3742 4302 vu-

475 4333 587 4405 γάρ
636 4335 905 4405 ἡμέτερον
951 4336 1086 4405 παρ’
1118 4333 1365 4388 εὐνοοῦσι
1414 4332 1513 4404 μὲν
1566 4331 1847 4395 δικασταῖς
1896 4330 2049 4403 τυχὸν

2162 4336 2396 4393 Ientibus
2430 4337 2662 4393 strictim
2693 4335 3162 4402 examinor,nihil.
3190 4334 3297 4391 Sed
3320 4337 3451 4391 mihi
3482 4336 3528 4391 is
3552 4338 3628 4392 sis
3649 4339 3741 4408 qni

478 4425 609 4489 ῐσως
655 4426 798 4495 μέγα
828 4440 842 4453 ·
892 4423 1285 4497 παρεξετάζειν
1322 4423 1380 4477 δέ
1415 4421 1767 4495 βουλομένοις
1815 4420 2057 4475 ἐναντίον

472 4517 616 4583 δόξει
647 4533 662 4551 ο
707 4517 845 4572 ἀλλά
878 4534 969 4588 μοι
1021 4517 1201 4586 γένοιο
1241 4515 1304 4569 τὸ
1335 4516 1599 4587 πρότερον
1623 4529 1638 4544 ·
1688 4515 1764 4577 ὡς
1812 4510 1909 4584 τὴν
1955 4512 2055 4583 σὴν

476 4607 764 4678 ἐπιστολὴν
776 4606 1008 4671 δεδιότες
1035 4608 1085 4662 οί
1115 4606 1286 4676 λόγοι,
1323 4607 1427 4659 Ἔα
1453 4604 1757 4671 λανθάνειν,
1784 4596 1831 4657 ὦ
1856 4603 2052 4674 πάτερ,

475 4700 739 4764 πολλάκις
778 4699 951 4753 ἐϐόων
975 4710 990 4728 ·
1043 4696 1156 4767 ἐγὼ
1198 4697 1258 4752 δέ
1299 4696 1562 4760 πολλάκις
1613 4694 2054 4768 παρεμυθούμην

470 4790 683 4844 οἷκοθεν
709 4789 895 4843 οἴκαδε
923 4789 1202 4861 φοιτήσειν
1230 4787 1706 4858 ἐπαγγελλόμενος
1731 4803 1746 4818 ·
1782 4787 2053 4854 ἐπάγεται

470 4881 530 4935 δὲ
564 4879 741 4950 τούτῳ
782 4880 1011 4951 πολίτης
1041 4880 1306 4951 ὑμέτερος
1327 4916 1343 4944 ,
1394 4872 1440 4948 ᾧ
1466 4878 1539 4933 τά
1589 4878 1808 4948 μουσῶν
1864 4877 2051 4941 μέλει·

473 4971 749 5043 Δωρόθεος
777 4971 947 5043 ὄνομα
982 4969 1159 5042 αὐτῷ,
1199 4972 1295 5025 καὶ
1334 4969 1602 5037 Πελαγίου
1640 4967 1828 5023 τοῦτον
1863 4969 2023 5021 ἐπονο

475 5063 760 5132 μάζουσιν.

623 5156 726 5210 Ιθθ.
754 5154 1054 5226 ΖΑΧΑΡΙᾼ
1086 5154 1207 5208 ΚΑΙ
1236 5154 1518 5223 ΦΙΛΙΗΠῼ
1542 5151 1894 5208 ΑΔΕΛΦΟΙΣ.

547 5242 619 5301 Εὖ
658 5263 724 5315 γε
755 5246 865 5299 τῶν
890 5246 1174 5317 ὑμετέρων
1200 5246 1588 5315 γραμμάτων·
1617 5245 1694 5304 ὡς
1729 5243 1866 5315 πρὸς
1896 5242 2055 5296 εὐθυ-

478 5336 609 5410 μίαν
646 5338 781 5408 ὅσην
809 5337 966 5407 ήμῶν
993 5331 1134 5389 οἶδεν
1169 5334 1418 5412 ἐπαίρειν
1449 5336 1547 5406 τὴν
1573 5336 1822 5406 γνώμην.
1856 5336 1921 5389 Τί
1947 5336 2054 5407 γὰρ

471 5429 622 5502 ηδιον
656 5428 691 5501 ἢ
732 5427 1124 5499 φθεγγομένων
1157 5425 1382 5481 ἀκούειν
1422 5428 1512 5480 ὅτε
1543 5428 1800 5498 παρεῖναί
1853 5444 1935 5491 τις
1989 5427 2056 5481 ἂν

472 5521 624 5593 αὐτῴ
658 5521 920 5593 φθόγγοις
953 5520 1301 5593 προσηύξατο
1325 5536 1340 5586 ;
1367 5518 1442 5584 ὡς
1472 5519 1581 5572 ἔδει
1627 5519 1725 5590 μὲν
1755 5521 1850 5572 καὶ
1886 5520 2054 5573 πάλαι

471 5612 651 5685 τούτῳ
676 5614 777 5685 τὴν
810 5612 983 5685 τύχην
1023 5613 1340 5667 ἐπινεῦσαι·
1391 5614 1600 5681 γένοιτο
1627 5611 1672 5662 δ’
1700 5612 1764 5665 ἄν
1794 5629 1922 5664 ποτε
1958 5613 2053 5666 καὶ

2166 4438 2347 4484 antea.
2396 4426 2567 4483 Tuam
2621 4430 2875 4483 timentes
2919 4426 3228 4499 epistolam,
3297 4427 3404 4483 mei
3461 4444 3745 4486 sermones

2165 4520 2363 4590 saepius
2407 4519 2714 4574 clamabant
2754 4536 2768 4573 :
2800 4520 2953 4585 Sine,
2984 4535 3018 4575 o
3063 4529 3239 4590 pater,
3269 4534 3371 4575 nos
3392 4518 3597 4587 latere;
3643 4536 3746 4593 ego

2165 4621 2345 4665 autem
2377 4626 2474 4666 eos
2517 4611 2842 4667 consolabar
2883 4610 3206 4680 promittens
3251 4610 3319 4665 de
3358 4612 3521 4667 domo
3557 4627 3654 4667 sua
3686 4614 3741 4667 in

2163 4702 2384 4757 domum
2418 4714 2571 4756 suam
2597 4714 2693 4755 eos
2725 4714 2850 4756 esse
2895 4700 3090 4755 ituros.
3124 4701 3319 4756 Incitat
3373 4717 3591 4772 quoque
3642 4720 3742 4759 nos

2165 4808 2304 4848 unus
2335 4807 2397 4847 ex
2426 4791 2639 4847 civibus
2665 4807 2944 4847 musarum
2979 4793 3270 4862 plurimunt
3304 4809 3519 4863 amans,
3545 4796 3630 4850 cui
3654 4812 3746 4852 no-

2165 4900 2286 4939 men
2320 4884 2627 4940 Dorotlteus
2654 4893 2709 4938 et
2740 4882 2990 4952 Pelagius
3025 4900 3347 4954 cognomen.

2161 5155 2306 5212 XIX.
2369 5154 2743 5211 ZACIIARIA‘J
2802 5154 2890 5210 ET
2959 5150 3740 5218 PHILIPPO,FI{ATRIBUS.

2236 5248 2487 5304 Feliciter
2530 5259 2721 5302 vesu'ae
2756 5247 2996 5301 litterae:
3047 5253 3248 5314 quanta
3307 5246 3496 5301 ltetitla
3567 5262 3743 5301 meam

2165 5348 2397 5395 mentem
2454 5337 2838 5407 perfuderunt!
2913 5338 3051 5404 Quid
3113 5335 3257 5389 enim
3318 5336 3530 5406 gratius
3579 5351 3743 5406 quam

2163 5431 2370 5492 audire,
2422 5445 2545 5483 cum
2593 5428 2715 5497 quis
2772 5434 3026 5495 precatur
3052 5424 3155 5479 sibi
3199 5426 3430 5480 adesse?
3477 5424 3596 5481 Jam
3632 5427 3746 5495 pri-

2163 5524 2283 5574 dem
2323 5520 2610 5591 oportebat
2668 5516 2942 5572 fortunam
2974 5518 3025 5572 id
3056 5517 3383 5580 concedere,
3445 5519 3543 5573 sed
3602 5533 3745 5572 nunc

2168 5611 2258 5667 ﬁat
2291 5622 2342 5667 et
2374 5612 2512 5670 bene
2540 5610 2760 5669 eveniat
2788 5620 2967 5668 vestra
2992 5609 3294 5678 Voluntate,
3330 5610 3434 5677 Dii,
3494 5611 3546 5665 in
3570 5623 3744 5679 quan~
