4000 6314
469 370 570 432 ἷῖἴιῖ

959 483 1088 536 KA'.
1130 483 1217 554 τι)
1253 483 1458 553 ure.

503 576 670 643 Δέχου
707 573 805 646 τὴν
829 573 1110 644 παροῦσαν
1140 575 1450 644 ἐπιστολὴν,
1485 575 1707 646 χρονίαν
1735 575 1858 648 μὲν,
1893 576 2006 629 ἀλλ’

429 667 578 736 ὅμως
623 665 952 736 θαρροῦσαν,
989 665 1072 719 ὅτι
1102 665 1252 736 παρὰ
1292 667 1462 736 φίλων
1509 668 1776 736 ἀφῖκται’
1814 667 2011 721 οὐκοῦν

433 761 508 826 μὴ
552 757 759 830 ψεύσῃς
790 759 959 828 αὐτὴν
993 758 1092 828 τῆς
1123 758 1357 823 ἐλπίδος,
1416 761 1891 831 ἀποστρεφόμενός
1951 777 2009 812 τε

429 849 522 900 κιὶ
547 850 642 911 τὰς
669 847 839 920 ὀφρῦς
878 848 1128 916 συνάγων
1149 849 1283 919 αὐτῇ
1315 864 1330 880 ο
1364 849 1486 903 ἐπεὶ¹
1511 849 1747 914 καὶτοὺς
1771 850 2012 921 ἐρῶντάς

431 959 564 1008 φασι
592 941 768 1011 χρόνῳ
794 942 888 996 καὶ
915 940 1067 1012 μόλις
1085 940 1458 1011 ἐπιτυχόντας,
1479 940 1582 995 ὑπὸ
1603 942 1702 1012 τῆς
1727 941 2010 1013 παρούσης

434 1033 616 1102 ἡδονῆς
657 1033 764 1085 τῶν
798 1032 1178 1103 προλαϐόντων
1222 1033 1399 1086 πόνων
1428 1032 1880 1088 ἐπιλανθάνεσθαι
1905 1050 1917 1064 ·
1961 1035 2011 1086 εἰ

429 1126 484 1178 δέ
520 1123 844 1195 σκυθρωπὸς
894 1125 1032 1194 πρὸς
1069 1123 1271 1193 ταύτην
1321 1125 1565 1195 φανείης,
1615 1125 1858 1196 λυπηρόν
1913 1125 2011 1194 μέν

429 1217 568 1276 ὅλον.
603 1216 740 1282 λέξω
772 1215 816 1268 δ’
838 1217 986 1285 ὅμως
1020 1230 1034 1245 '
1064 1215 1274 1270 δέδοικα
1299 1217 1406 1288 γὰρ
1451 1217 1526 1288 μὴ
1555 1217 1676 1271 οὐδὲ
1708 1219 1842 1288 ἄλλη
1876 1219 2010 1288 πρὸς

433 1307 491 1358 σε
521 1307 720 1377 ῥᾳδίως
749 1305 1022 1375 ἀφίξεται,
1047 1307 1310 1379 ὑϐριστήν
1338 1325 1396 1360 τε
1437 1308 1756 1379 νομίζουσα,
1791 1310 1883 1362 καὶ
1913 1309 2011 1379 τὴν

433 1400 812 1463 προλρϐοῢσαν
843 1395 928 1454 οἶα
959 1401 1197 1455 πέπονθε
1231 1401 1576 1471 λογιζομένη.

877 1491 1004 1544 KB'.
1037 1491 1227 1562 ΘΩΜᾼ
1267 1491 1548 1562 meare.

502 1579 698 1632 Ἔοικα
727 1577 836 1632 τῶν
874 1579 1154 1650 ὑμετέρων
1175 1579 1524 1650 γραμμάτων
1556 1580 1918 1650 μετειληφὼς,
1951 1581 2009 1632 οὒ

431 1673 610 1740 μένειν
665 1671 750 1738 ἐφ’
776 1667 858 1733 οἷς
893 1688 995 1724 που
1044 1673 1137 1724 καὶ
1167 1674 1452 1742 πρότερον,
1497 1671 1631 1725 ἀλλὰ
1667 1673 1880 1743 τρυφᾷν
1933 1663 2011 1741 τῖρ

425 1763 639 1832 καιρῷ·
687 1763 780 1816 καὶ
825 1764 1052 1834 ἕρμαιον
1109 1762 1360 1832 ἡγεῖσθαι
1403 1762 1502 1834 τὴν
1547 1767 1822 1833 ἀφορμήν.
1877 1763 2008 1816 Ἰδοὺ

426 1853 534 1922 γάρ
557 1870 638 1906 σοι
663 1854 772 1907 τῶν
793 1852 1087 1908 αἰτούντων
1113 1854 1373 1924 ἐξαίφνης
1405 1855 1532 1922 ἐγώ·
1565 1857 1628 1908 σὺ
1659 1854 1715 1908 δὲ
1738 1854 1798 1908 τὺ
1820 1856 2004 1924 τάχος,
2045 1837 2082 1891 Β

424 1941 600 2017 οἶμαι,
633 1945 948 2015 θαυμάζων,
987 1943 1122 2016 ταχὺ
1151 1946 1210 1999 τὸ
1239 1947 1336 2016 τῆς
1361 1945 1648 2028 κωμῳδίας
1681 1947 1828 2016 ἐρεῖς
1847 1963 1860 1977 ο
1890 1947 2004 2000 ἀλλ’

425 2035 536 2103 ἐγὼ
566 2035 735 2089 δεινὸν
765 2033 1014 2106 ἡγούμην
1055 2037 1105 2088 εἰ
1149 2037 1238 2088 τὸν
1266 2035 1456 2106 χρόνον
1493 2035 1864 2115 περισκοπῶν,
1907 2037 2008 2088 οὐκ

423 2127 636 2196 αἰτήσω
691 2126 886 2180 θᾶττον
914 2121 943 2180 δ
974 2125 1070 2180 καὶ
1111 2127 1194 2180 σοὶ
1243 2127 1440 2180 διδόναι
1481 2127 1652 2198 κάμοὶ
1698 2127 1884 2180 λαϐεῖν
1917 2129 2007 2178 εὑ·
2053 2136 2060 2143 ’

424 2218 656 2287 πρεπές.
709 2217 926 2283 Αἰνείας
953 2217 1113 2289 γάρὸ
1141 2217 1240 2290 τὴν
1287 2217 1576 2289 ἐπιστολὴν
1619 2219 1776 2290 ἡμῶν
1828 2221 2005 2274 ἐπιδι-

425 2309 568 2374 δοὺς,
607 2307 830 2378 πολίτης
855 2307 1004 2363 ἐστὶν
1037 2309 1325 2380 ἡμέτερος,
1365 2309 1424 2361 ὃν
1464 2310 1706 2378 εὐτυχεῖν
1741 2309 2006 2380 βούλομαι

423 2402 494 2455 δι’
519 2402 691 2472 ὑμῶν.
741 2401 938 2465 Γένους
964 2417 1024 2453 τε
1041 2399 1148 2470 γὰρ
1176 2399 1288 2470 ἔχει
1312 2399 1515 2463 καλῶς,
1545 2403 1640 2454 καὶ
1677 2401 1769 2453 τὸν
1803 2401 2006 2472 τρόπον

425 2493 574 2547 ἐστὶν
607 2491 912 2561 ἐλεύθερος,
960 2491 1056 2544 καὶ⁹
1099 2491 1294 2560 τέχνην
1319 2488 1424 2542 οἶδε
1455 2493 1582 2554 τοὺς
1614 2491 1841 2562 νόμους*
1878 2491 2006 2562 βού-

423 2586 576 2640 λεται
603 2585 660 2638 δέ
687 2583 939 2638 τοσοῦτον
972 2581 1266 2637 ἀπολαύειν
1290 2582 1389 2651 τῆς
1409 2581 1628 2653 τέχνης,
1656 2581 1732 2646 ὡς
1756 2583 1887 2652 θεῷ,
1912 2583 2006 2635 καὶ

425 2677 526 2748 τὴν
572 2676 798 2746 γνώμην
845 2673 1030 2745 μένειν
1060 2674 1342 2744 ἐλεύθερον
1365 2690 1380 2705 ο
1420 2675 1480 2726 οὐ
1510 2675 1620 2744 γὰρ
1665 2670 1772 2726 οἶδε
1805 2673 2001 2744 κέρδος

426 2767 684 2822 τοσοῦτον
738 2767 1071 2837 εὐφραίνειν,
1129 2765 1204 2836 μὴ
1250 2767 1387 2834 μετὰ
1429 2765 1638 2818 δικαίου
1689 2765 2004 2835 γενόμενον.

434 2861 674 2931 Πάρεστι
706 2860 762 2913 δὲ
791 2858 950 2913 τοῦτο
982 2859 1074 2911 καὶ
1104 2861 1168 2928 τῇ
1201 2857 1368 2928 πείρᾳ
1396 2857 1588 2928 μαθεῖν
1613 2873 1626 2890 ·
1662 2857 1870 2910 πόλεων
1898 2857 2008 2929 γάρ

430 2969 593 3005 τινων
619 2953 714 3006 ἐπὶ
737 2954 848 3014 τοῖς
879 2950 1109 3012 δικαίοις
1144 2949 1612 3020 προϐεϐλημένος,
1655 2949 1750 3002 καὶ
1791 2949 1891 3020 τὴν
1914 2951 2008 3002 ἐκο

429 3043 580 3096 δίκον
611 3043 988 3113 προσηγορίαν
1026 3040 1225 3105 λαϐὼν,
1250 3033 1406 3105 οὗτος
1431 3042 1742 3112 ἐμιμήσατο
1765 3042 1890 3104 τοὺς
1917 3040 2006 3094 νό-

433 3152 590 3205 μους,
630 3135 774 3188 ὥστε
806 3134 902 3188 καὶ
932 3133 1269 3203 συκοφάντου
1301 3131 1462 3200 φύσιν
1504 3131 1756 3203 ἐνίκησεν
1777 3147 1791 3162 ·
1829 3131 2009 3195 οὐδεὶς

431 3225 540 3296 γάρ
571 3225 787 3278 οὐδόλου
809 3225 930 3278 οὐδὲ
958 3224 1160 3287 ἀδίκως
1181 3223 1488 3294 ἐμέμψατο,
1521 3221 1658 3276 ἀλλὰ
1685 3221 1848 3276 τοῦτο
1869 3222 2010 3294 τάχα

434 3319 530 3368 καὶ
557 3316 734 3384 γέλως
759 3315 934 3369 ἐδόκει
964 3317 1077 3378 τοῖς
1096 3315 1328 3386 ἄρχουσι
1359 3314 1466 3385 πρὸ
1497 3313 1650 3385 ὑμῶν
1672 3330 1687 3346 °
1717 3314 1879 3386 μόνου
1902 3314 2012 3384 γὰρ

429 3402 570 3478 ἦσαν
613 3405 709 3460 τοῦ
741 3405 956 3459 λαϐεῖν’
983 3408 1036 3458 ⁸ό
1064 3405 1120 3458 δὲ
1159 3405 1267 3459 τῶν
1312 3405 1564 3460 διδόντων
1607 3405 1708 3458 οὐκ
1745 3401 1844 3476 ἦν’
1890 3405 2014 3459 ὅθεν

431 3500 461 3550 ὁ
492 3495 592 3566 μέν
611 3495 865 3560 ἐπαύετο,
885 3493 1061 3566 ἐτεροι
1089 3495 1147 3548 δὲ
1168 3489 1330 3566 ἦσαν,
1359 3493 1434 3557 ὡς
1452 3493 1620 3560 είκδς,
1638 3493 1765 3560 ἄξια
1779 3492 2014 3565 δρῶντες

432 3579 509 3638 ὧν
583 3585 975 3640 ἐδεδώκεισαν’
1026 3585 1365 3655 βούλεταιδέ
1409 3585 1503 3638 νῦν
1554 3585 1649 3638 ἐπὶ
1691 3587 1790 3656 τῆς
1841 3585 2015 3655 αὐτῆς

433 3676 608 3745 τύχης
647 3673 924 3742 γενέσθαι,
955 3672 1162 3744 δωρεάν
1206 3673 1337 3742 ὑμῖν
1375 3671 1671 3742 προσάγων
1699 3670 1760 3724 τὸ
1797 3671 2015 3724 δικαίαν

432 3770 580 3840 ἐχειν
615 3768 715 3840 τὴν
765 3767 994 3838 γνώμην
1019 3783 1032 3798 ⁸
1089 3762 1199 3836 ἆρά
1245 3783 1328 3819 σοι
1361 3764 1456 3818 τοῦ
1507 3766 1684 3818 αἰτεῖν
1709 3767 1775 3818 ἐκ
1809 3763 2013 3834 μητρὸς

432 3863 674 3930 ἡκόντων
718 3861 1065 3932 κατάρχομαι
1091 3877 1105 3924 ς
1154 3859 1350 3912 οὐκοῦν
1379 3859 1428 3915 εἰ
1459 3857 1763 3929 θαυμάζεις
1788 3855 1888 3928 τὴν
1929 3857 2015 3910 αἰ-

438 3971 613 4023 τησιν,
637 3951 773 4023 τίμα
798 3950 1005 4022 ταύτην
1030 3952 1142 4013 τοῖς
1173 3949 1378 4020 λόγοις.
1614 3939 1626 3947 ’

979 4129 1104 4184 Kl".
1145 4130 1232 4202 To
1267 4127 1469 4200 ΔΥΤῼ.

518 4224 665 4295 Ἐγώ,
701 4239 800 4278 σου
847 4222 944 4294 τὴν
991 4221 1284 4291 ἐπιστολὴν
1327 4221 1578 4292 ἀσμένως
1631 4220 1776 4285 ἰδὼν,
1825 4220 2016 4292 ὥσπερ

424 4317 604 4384 ίείκδς,
634 4315 880 4370 ἐπαινεῖν
911 4312 968 4366 δὲ
992 4313 1128 4384 πρὸς
1161 4311 1322 4378 ἀξίαν
1351 4312 1451 4364 οὐκ
1478 4310 1639 4382 ἔχων,
1671 4311 1872 4383 μικροῦ
1905 4311 2015 4366 δεῖν

445 4427 522 4462 σοι
559 4409 662 4480 τὴν
705 4407 874 4478 αὐτὴν
916 4403 1285 4474 ἀντεπὲθηκα,
1316 4402 1798 4474 τούπιγραμμένον
1845 4421 2015 4474 μετα-

399 4491 652 4559 ίϐαλὼνο
693 4491 776 4561 οἷς
827 4498 938 4567 γὰρ
999 4493 1152 4564 τὰ.μᾶ
1193 4491 1489 4562 θαυμάζων
1524 4492 1864 4556 ἐπέστειλας,
1905 4495 2014 4546 τῶν

441 4589 550 4644 σῶν
579 4588 818 4642 ἐπαίνων
845 4586 1064 4641 ἀκούειν
1094 4585 1336 4638 ἐδόκουν.
1363 4582 1472 4636 Καί
1505 4581 1594 4653 μοί
1630 4599 1682 4637 τι
1727 4583 2018 4656 παραπλή-

443 4699 557 4736 σιον
584 4681 792 4745 ἐδόκεις
824 4681 1018 4742 ποιεῖν,
1043 4677 1120 4740 ὡς
1141 4677 1206 4729 ἂν
1231 4677 1280 4728 εἰ
1314 4675 1522 4729 καὶτὸν
1557 4675 1826 4746 Θερσίτην
1855 4677 2018 4730 ἐθαύ-

445 4773 614 4844 μαζεν
645 4775 674 4827 ὁ
703 4773 940 4844 Νηρεὺς,
965 4771 1022 4834 il;
1047 4770 1334 4832 κάλλιστος
1361 4769 1500 4840 ἀνὴρ
1537 4769 1644 4824 ὑπὸ
1670 4770 1832 4824 Ἴλιον
1863 4767 2014 4843 ἦλθε.

446 4868 608 4922 Ὅθεν
628 4867 792 4930 αἰδώς
819 4883 912 4936 μοι
939 4865 1278 4936 προσέπιπτε
1313 4863 1421 4916 τῶν
1449 4863 1686 4916 ἐπαίνων
1705 4879 1718 4894 ’
1751 4863 1893 4934 πλὴν
1922 4867 2018 4936 οὐχ

443 4960 586 5014 ὥστε
622 4959 700 5032 μὴ
737 4959 950 5030 χαίρειν
987 4955 1066 5026 τῷ
1095 4956 1380 5026 πράγματι
1405 4971 1420 4986 ο
1453 4957 1486 5025 ὴ
1519 4956 1625 5026 γὰρ
1657 4955 1914 5027 ἐπιστολὴ
1951 4957 2017 5010 δι’

447 5049 520 5108 ὧν
567 5052 728 5123 δῆθεν
759 5051 948 5121 ἐπῄνει
989 5051 1058 5103 τὰ
1095 5049 1224 5118 ἐμὰ,
1272 5047 1540 5116 ὡραῖζετό
1622 5065 1682 5100 τε
1733 5049 1828 5102 καὶ⁹
1883 5050 2020 5120 πρὸς

451 5145 620 5215 μείζω
665 5143 829 5198 πόθον
876 5141 1049 5195 ἐκίνει
1104 5139 1197 5194 τὸν
1250 5141 1510 5209 ἐραστήν.
1555 5139 1720 5194 Ἀλλὰ
1775 5140 1872 5194 καὶ
1922 5141 2020 5212 τὴν

447 5236 742 5308 πρεσϐείαν
774 5235 835 5288 οὐ
864 5233 1102 5305 μετρίως
1132 5233 1314 5302 ἐπῆρα
1346 5235 1458 5295 τοῖς
1477 5232 1804 5303 γράμμασιν
1832 5249 1846 5264 ·
1885 5234 1935 5286 εί
1961 5233 2020 5287 δὲ

448 5326 770 5398 πρεσϐεύων
807 5325 1161 5393 ἐπαινοῦμαι,
1205 5325 1288 5387 τίς
1336 5323 1402 5376 ἂν
1449 5323 1568 5393 εἵην
1602 5324 1762 5388 αὐτὸς
1805 5325 2018 5380 ἐπινεύ-

451 5435 582 5482 σα;;
616 5417 738 5472 ὅθεν
763 5417 874 5487 γὰρ
909 5414 1093 5486 μεῖζον
1118 5415 1213 5469 τοῦ
1241 5417 1415 5469 αἰτεῖν
1440 5417 1500 5466 τὸ
1527 5415 1746 5482 διδόναι,
1770 5419 2020 5476 τοσοῦτον

447 5512 652 5580 ἀρετῆς
692 5510 847 5578 λόγον
897 5511 925 5562 ὁ
973 5508 1169 5561 διδόναι
1227 5507 1436 5577 μέλλων
1475 5509 1564 5558 τὸν
1595 5509 1832 5577 ᾑτηκότα
1871 5513 2014 5582 νικᾷ.

463 5603 522 5657 ’ὓ
568 5603 628 5656 δέ
673 5601 997 5672 λογιώτατος
1057 5601 1272 5664 Αἰνείας
1323 5600 1397 5660 ὡς
1456 5600 1556 5670 ἤδη
1612 5600 1791 5655 λαϐὼν
1849 5604 2021 5672 ἀνυμ-

447 5698 566 5752 νεῖ’
628 5696 732 5766 ἤδη
799 5696 906 5765 γὰρ
957 5695 1116 5765 ἡμῶν
1177 5695 1255 5756 εἰς
1317 5695 1508 5760 πεῖραν
1556 5691 1759 5758 ἐλθὼν,
1812 5694 1869 5746 ἐν
1926 5695 2024 5765 ἴσῳ

447 5789 511 5844 1b
568 5788 759 5859 μέλλον
819 5790 895 5859 τῷ
945 5785 1240 5860 πραχθέντι
1298 5785 1608 5853 λογίζεται’
1667 5785 1713 5834 εί
1775 5784 1830 5838 δέ
1891 5787 2021 5857 πρὶν

1871 367 2274 428 EPISTOLEE.

3557 359 3700 423 2738

2704 483 2846 540 XXI.
2888 484 3116 540 EIUEM.

2179 576 2330 632 llanc
2378 576 2564 646 accipe
2607 577 2890 644 epistolam
2943 579 3094 632 tarde
3125 575 3340 646 quidem
3390 573 3714 640 venientem,

2113 672 2210 726 sed
2272 679 2450 726 tamen
2479 670 2844 725 conﬁdentem
2897 685 3046 724 seex
3089 669 3265 722 amico
3321 667 3525 722 venire.
3569 665 3697 719 Eam

2116 761 2284 832 igitur
2337 777 2404 817 ne
2435 777 2530 830 spe
2569 761 2861 816 defraudes
2883 799 2900 825 ,
2944 775 3043 814 nec
3074 759 3344 828 despicias
3379 773 3478 813 nec
3509 759 3694 812 adver-

2113 869 2209 910 sus
2235 869 2355 910 eam
2379 853 2669 924 supercilia
2698 867 2936 907 moveas.
2965 851 3245 922 Siquidem
3274 851 3532 906 dicuntur
3548 865 3701 902 amu-

2117 956 2285 1010 tores,
2342 955 2586 1016 tempore
2654 947 2741 999 vix
2807 956 3064 1013 arrepto,
3119 943 3517 1014 praeteritorum
3591 957 3698 1014 pr:v

2115 1037 2368 1105 praesenti
2407 1037 2681 1107 voluptate
2705 1037 2952 1092 oblivisci
2989 1036 3276 1092 malorum.
3311 1037 3366 1092 Si
3387 1046 3570 1092 autem
3596 1037 3698 1090 du-

2115 1145 2206 1182 rus
2238 1129 2290 1183 in
2315 1143 2435 1184 eam
2463 1143 2633 1192 esses,
2685 1127 2904 1184 Christo
2932 1127 3178 1192 omnino,
3241 1143 3348 1182 nou
3388 1139 3569 1182 tamen
3619 1136 3700 1182 ta-

2113 1219 2249 1274 cebo
2284 1239 2298 1274 :
2324 1235 2518 1276 vereor
2545 1220 2746 1275 etenim
2785 1230 2843 1272 ιιι
2869 1220 2978 1288 jatu
3015 1221 3186 1273 altera
3217 1221 3284 1274 ad
3314 1229 3364 1274 te
3401 1219 3558 1274 facile
3585 1231 3696 1275 eat.

2113 1313 2192 1368 Te
2243 1321 2440 1382 putans
2494 1311 2816 1384 injuriosum
2861 1321 2918 1366 et
2972 1328 3092 1380 quae
3131 1327 3290 1381 passa
3333 1313 3497 1368 fuerit
3551 1314 3699 1382 prior

2115 1417 2299 1457 secum
2334 1411 2612 1473 reputans.

2532 1493 2574 1546 Χ
2587 1491 2695 1547 XII.
2729 1491 2994 1548 ΤΙΙΟΜᾸΞ
3021 1491 3299 1548 FRATRI.

2187 1583 2313 1640 Μηιί
2351 1585 2526 1640 visum
2559 1595 2666 1650 est,
2695 1595 2998 1640 vestrarum
3041 1587 3348 1640 litterarum
3387 1587 3699 1657 cognitione

2114 1675 2322 1742 habita,
2355 1691 2458 1729 non
2489 1687 2639 1731 stare
2673 1677 2740 1730 iis
2770 1677 2971 1745 quibus
3020 1675 3204 1731 forsan
3236 1688 3291 1732 et
3315 1679 3571 1746 primum,
3603 1684 3698 1736 sed

2115 1763 2217 1818 frui
2243 1764 2532 1828 occasione
2553 1803 2568 1828 ,
2603 1774 2657 1818 et
2689 1776 2943 1834 tauquam
2973 1767 3183 1818 lucrum
3217 1766 3536 1822 existimare
3567 1777 3702 1822 tetu-

2115 1869 2216 1924 pus
2241 1865 2602 1932 opportunum
2645 1871 2658 1910 :
2696 1869 2828 1909 ecce
2864 1855 3007 1909 enim
3045 1857 3139 1908 tibi
3171 1865 3224 1910 et
3260 1871 3484 1911 numero
3515 1867 3703 1926 postu~

2118 1945 2340 2000 lantiunt
2376 1946 2567 1999 adsum
2596 1947 2776 2002 subito
2805 1964 2818 1998 :
2851 1957 2903 1999 tu
2931 1960 3060 2001 vero
3089 1945 3426 2001 celeritatem
3465 1951 3700 2014 mirans,

2115 2039 2331 2105 opinor,
2379 2037 2508 2092 illud
2549 2037 2818 2092 comicum
2853 2039 3003 2092 dices
3035 2054 3048 2090 :
3087 2039 3182 2092 sed
3212 2054 3314 2108 ego
3345 2040 3541 2115 mirum
3575 2042 3698 2094 exi-

2115 2129 2425 2184 stimassem
2462 2129 2604 2197 quod
2637 2139 2852 2197 tempus
2887 2129 3358 2197 circumspiciens,
3393 2145 3500 2185 non
3525 2132 3698 2198 petis-

2115 2234 2228 2273 sein
2259 2219 2419 2274 citius
2450 2220 2592 2290 quod
2615 2229 2671 2274 et
2699 2219 2791 2273 tibi
2831 2221 2960 2275 dare
2979 2228 3036 2274 et
3066 2219 3197 2274 mihi
3230 2223 3475 2290 accipere
3500 2237 3699 2276 couve~

2117 2310 2213 2363 nit.
2252 2309 2454 2364 AEneas
2493 2311 2634 2364 enim
2691 2309 2780 2378 qui
2827 2321 3067 2363 nostrain
3117 2309 3400 2377 epistolam
3449 2309 3695 2380 porrigit,

2115 2401 2356 2455 concivis
2401 2411 2484 2456 est
2521 2411 2727 2465 uoster,
2783 2416 2942 2470 quem
2989 2417 3084 2470 per
3115 2417 3210 2456 vos
3258 2401 3454 2456 bonam
3509 2402 3695 2457 sortiri

2115 2491 2386 2546 fortunam
2429 2491 2550 2545 volo
2587 2509 2602 2546 :
2644 2491 2787 2544 bono
2825 2507 3026 2560 genere
3079 2500 3262 2556 natus,
3289 2491 3604 2546 conditione
3631 2490 3697 2546 li~

2116 2586 2241 2639 bera
2273 2597 2376 2650 est,
2401 2593 2456 2640 et
2492 2583 2669 2653 quoad
2699 2594 2871 2637 artem
2920 2585 3070 2638 novit
3102 2581 3249 2653 leges
3280 2601 3297 2640 :
3327 2583 3442 2638 vult
3464 2599 3698 2653 praeser-

2115 2677 2209 2732 tim
2239 2675 2344 2731 frui
2393 2686 2531 2739 arte,
2559 2682 2620 2730 ut
2653 2675 2780 2729 mibi
2819 2675 3056 2740 videtur,
3108 2683 3165 2730 et
3195 2675 3248 2730 in
3291 2676 3576 2730 sententiis
3609 2692 3700 2731 rc-

2115 2784 2338 2824 manere
2393 2769 2569 2824 liber:
2618 2785 2725 2824 non
2782 2769 2924 2822 enim
2974 2767 3178 2836 cogitat
3223 2766 3436 2823 lucrum
3487 2777 3696 2823 tantum

2115 2861 2411 2926 delectare,
2455 2873 2560 2914 non
2595 2873 2720 2914 cum
2751 2856 2967 2926 iustitia
2998 2863 3313 2928 perceptum
3341 2874 3354 2912 :
3399 2865 3615 2912 constat
3641 2867 3698 2912 et

2115 2950 2244 3007 illud
2276 2950 2614 3020 experientia
2661 2949 2956 3007 didicisse:
2997 2949 3214 3005 urbium
3259 2950 3404 3004 enim
3429 2963 3697 3020 quarum-

2116 3045 2239 3098 dam
2268 3057 2368 3114 pro
2405 3041 2620 3114 jurlbus
2666 3042 3014 3112 praepositus,
3049 3047 3103 3095 et
3130 3039 3438 3096 defensoris
3473 3053 3698 3094 numere

2115 3145 2371 3208 suscepto
2415 3137 2522 3191 iste
2552 3135 2700 3206 leges
2743 3133 3023 3190 simulavit
3061 3133 3138 3188 ita
3171 3142 3231 3188 ut
3261 3141 3318 3188 et
3345 3134 3700 3206 sycophantas

2113 3235 2364 3283 naturam
2397 3226 2737 3297 superaverit
2769 3243 2783 3279 :
2809 3225 2988 3281 nullus
3007 3225 3153 3282 enim
3183 3225 3298 3280 ullo
3324 3225 3486 3280 modo
3521 3240 3697 3292 neque
3772 3275 3779 3282 .

2117 3318 2314 3389 injuste
2339 3317 2634 3384 incusavit,
2661 3317 2754 3374 sed
2783 3317 2918 3372 illud
2962 3316 3147 3372 forsan
3179 3326 3234 3376 et
3264 3315 3447 3372 irrisio
3473 3317 3696 3370 videba-

2117 3419 2203 3466 tur
2232 3411 2336 3466 illis
2359 3409 2451 3480 qui
2483 3417 2609 3467 ante
2645 3423 2743 3466 vos
2789 3409 3171 3480 imperabant:
3210 3408 3388 3464 solum
3433 3409 3579 3462 enim
3613 3423 3698 3461 ac-

2115 3501 2298 3569 cipere
2321 3509 2586 3556 noverant
2613 3517 2628 3556 :
2661 3501 2750 3556 ille
2783 3509 2962 3555 autem
2993 3499 3135 3555 inter
3167 3499 3358 3555 dantes
3391 3514 3494 3553 non
3535 3507 3692 3554 erat:

2117 3589 2240 3644 ideo
2266 3589 2368 3660 iste
2398 3589 2736 3659 quiescebat,
2762 3589 2852 3642 alii
2876 3603 3005 3642 vero
3033 3585 3307 3642 faciebant
3335 3595 3394 3642 ut
3421 3590 3697 3653 convenit,

2117 3681 2281 3751 digna
2319 3681 2386 3734 iis
2413 3696 2534 3748 quae
2575 3680 2838 3736 dederant
2869 3698 2882 3734 :
2927 3679 3040 3732 vult
3069 3688 3250 3734 autem
3281 3695 3425 3734 nunc
3449 3682 3693 3734 eamdem

2117 3781 2291 3826 artem
2317 3785 2576 3826 exercere
2609 3772 2808 3826 donum
2839 3771 2991 3825 vobis
3019 3767 3254 3825 offerens
3271 3769 3471 3839 justam
3499 3771 3699 3824 habere

2117 3863 2447 3916 eutentiam
2489 3880 2503 3916 :
2558 3878 2684 3918 num
2739 3877 2768 3916 a
2820 3871 2872 3916 te
2905 3870 3088 3930 petere
3121 3875 3240 3932 qum
3271 3876 3337 3916 ex
3384 3871 3559 3918 matre
3605 3877 3700 3915 vc-

2115 3953 2294 4018 niunt,
2331 3953 2574 4022 incipio?
2603 3954 2775 4026 Igitur
2811 3955 2856 4010 si
2896 3953 3113 4008 miraris
3137 3953 3480 4024 petitionem,
3507 3967 3702 4008 verere

2118 4044 2264 4099 illam
2307 4045 2674 4100 sermonibus.

2660 4135 2852 4192 XXIII.
2896 4135 3126 4192 EIDEM.

2187 4231 2302 4302 Ego
2334 4241 2480 4286 tuam
2526 4231 2812 4300 epistolam
2857 4230 3089 4284 libenter
3137 4229 3246 4284 vidi
3303 4240 3360 4284 ut
3403 4231 3698 4296 convenit,

2117 4343 2239 4382 cum
2265 4337 2447 4380 autem
2496 4324 2720 4379 laudare
2758 4324 3060 4380 secundum
3099 4323 3351 4378 meritmn
3387 4339 3488 4378 non
3530 4323 3700 4378 babe-

2119 4431 2256 4482 rem,
2300 4430 2490 4486 parum
2533 4414 2864 4484 abfuitquin
2916 4415 3013 4468 tibi
3045 4413 3289 4468 eamdem
3339 4417 3696 4481 remitterem,

2050 4525 2094 4581 ι)
2123 4511 2393 4579 scriptura
2445 4517 2650 4563 mutata
2686 4527 2699 4562 :
2757 4522 2854 4577 per
2883 4521 2977 4562 eos
3020 4509 3164 4560 enim
3204 4507 3402 4578 quibus
3440 4523 3555 4564 mea
3600 4508 3702 4562 mi-

2124 4617 2252 4657 rans
2285 4615 2383 4672 per
2431 4601 2643 4655 litteras
2676 4599 2900 4663 misisti,
2937 4609 3059 4654 tuas
3096 4599 3282 4653 laudes
3319 4601 3508 4654 audire
3547 4601 3700 4653 vide-

2123 4695 2250 4756 bar;
2282 4701 2335 4747 et
2363 4693 2496 4747 mihi
2531 4691 2734 4762 aliquid
2779 4691 2956 4748 simile
2983 4691 3254 4746 videbaris
3283 4690 3467 4746 facere
3505 4691 3580 4745 illi
3607 4693 3698 4762 qui

2123 4769 2430 4838 mirabatur
2477 4781 2784 4836 Tbersitem
2835 4778 3036 4844 Nereo,
3095 4781 3462 4850 pulcherrimo
3520 4781 3698 4835 virum

2122 4874 2216 4945 qui
2257 4874 2358 4928 sub
2401 4871 2553 4926 Ilium
2597 4881 2900 4926 venerunt:
2939 4872 3062 4926 ideo
3093 4876 3268 4940 pttdor
3299 4888 3385 4927 me
3411 4872 3700 4942 superfun-

2123 4965 2286 5019 debat
2307 4963 2518 5017 illarum
2553 4961 2770 5014 laudum
2801 4980 2815 5016 :
2858 4976 2962 5014 non
3013 4969 3269 5030 cxcerpto
3297 4963 3443 5032 quod
3477 4977 3564 5015 res
3593 4977 3704 5016 non

2124 5054 2254 5109 mihi
2285 5053 2504 5108 alferret
2547 5052 2800 5120 gaudium
2829 5071 2842 5106 :
2878 5052 3103 5121 epistola
3137 5053 3281 5106 enim
3314 5053 3382 5107 ab
3409 5052 3472 5107 iis
3501 5054 3700 5122 quibus

2121 5145 2331 5202 scilicet
2370 5143 2625 5200 laudabat
2661 5159 2804 5212 mea,
2839 5145 3140 5200 ornabatur
3173 5154 3232 5198 et
3254 5145 3320 5198 ad
3353 5144 3528 5213 majus
3551 5147 3696 5201 desi-

2124 5241 2332 5295 derimn
2361 5236 2637 5292 excitabat
2668 5237 2900 5292 amicum
2935 5253 2950 5288 :
2980 5235 3027 5292 si
3066 5235 3210 5288 enim
3238 5234 3445 5301 legatos
3475 5236 3697 5290 mittens

2127 5331 2335 5398 laudor,
2368 5331 2492 5394 quis
2530 5344 2704 5384 essent
2737 5329 2855 5397 ipse
2897 5325 3212 5398 appelletis?
3243 5327 3408 5396 Igitur
3435 5342 3502 5382 eo
3530 5333 3702 5400 inagis

2125 5424 2265 5492 quod
2327 5421 2560 5476 nobilius
2607 5428 2690 5474 est
2731 5419 2862 5472 dare
2910 5433 3072 5486 quam
3121 5427 3326 5486 petere,
3372 5419 3590 5472 virtutis
3624 5437 3704 5473 νει-

2129 5519 2326 5570 tionem
2359 5516 2448 5582 qui
2502 5514 2630 5568 dare
2664 5513 2825 5568 debet
2857 5521 3074 5579 pru'stat
3129 5510 3222 5564 illo
3251 5513 3342 5581 qui
3381 5513 3532 5581 petiit
3562 5531 3575 5566 :
3619 5510 3701 5566 fa-

2127 5609 2496 5663 ('lllltIISSIltlllS
2521 5618 2702 5661 autem
2747 5603 2952 5660 Aineas
2993 5605 3218 5672 perinde
3244 5621 3306 5658 ac
3338 5607 3380 5658 si
3403 5604 3515 5675 jam
3545 5621 3700 5658 acre-

2130 5703 2299 5770 pisset
2325 5707 2508 5754 cantat
2538 5718 2550 5753 :
2592 5715 2712 5752 cum
2747 5698 2888 5752 enim
2911 5697 3020 5766 jam
3057 5706 3300 5751 nostrum
3328 5697 3378 5750 iu
3411 5697 3698 5764 experien-

2131 5796 2256 5849 tiam
2291 5792 2516 5858 \‘t‘llClIi,
2558 5808 2707 5861 a-que
2743 5791 2980 5846 fututum
3014 5806 3073 5844 ar
3107 5804 3385 5861 peraratum
3418 5789 3647 5843 testitttat
3679 5804 3693 5844 :
