4000 6314
287 275 290 280 ·
361 259 506 324 2739

1664 265 1983 328 PROCOPI
1993 266 2016 324 Ι
2058 266 2300 330 ϐΑΖκΕΙ

3481 273 3632 339 2740

362 374 408 426 si
445 386 574 429 vero
599 381 889 445 antequam
933 375 1182 446 accipiat,
1215 378 1532 444 succlamet,
1568 379 1694 449 quid
1727 390 1873 434 esset
1903 395 1928 434 ε

2053 379 2238 433 λαϐεῖν
2264 381 2547 452 κηρύττει,
2581 384 2662 444 τίς
2707 384 2777 437 ἂν
2810 384 3018 452 γένοιτο
3055 387 3150 441 τοῦ
3176 385 3513 459 ποθουμένου
3537 406 3626 443 τυ-

360 464 503 551 ηιιοό
554 465 828 522 desiderat
883 468 1220 524 obtinuerit?
1271 468 1338 523 Ει
1365 469 1492 524 olim
1561 481 1648 523 tua
1700 470 1928 525 referent

2049 472 2160 542 χών
2185 489 2200 538 ;
2229 474 2320 526 καί
2349 491 2479 527 ποτε
2501 475 2568 528 τὰ
2591 475 2660 529 σὰ
2686 475 3042 548 διηγούμενος
3063 479 3366 551 προσθήσει
3391 479 3625 544 πάντως,

359 538 688 622 συῖιοι-ιιιιάοι
735 557 982 622 omnino,
1033 559 1106 612 ita
1150 567 1207 614 ιιι
1239 559 1492 614 celeriter
1538 559 1815 628 duplicare
1847 574 1941 615 ne-

359 661 515 701 cesse
538 658 686 702 esset
714 653 959 718 gratias:
1005 651 1269 719 optimum
1310 667 1438 705 vero
1471 650 1705 722 Megam.
1731 653 1775 707 si
1811 666 1938 720 pos-

359 740 516 796 sibile
563 752 708 797 esset
752 745 940 799 eadem
1001 743 1091 798 die
1153 743 1438 798 instituere
1491 745 1634 798 inter
1668 730 1937 810 rhetores,

355 848 466 887 non
495 835 650 890 nobis
681 837 988 891 necessaria
1022 835 1165 890 foret
1195 839 1432 890 secunda
1469 837 1602 890 dies.

394 925 585 983 XXIV.
609 927 984 983 ZACIIARIE
1015 927 1106 984 ET
1137 927 1453 984 PHILIPPO
1486 925 1900 983 FRATRIBUS.

425 1019 816 1076 Admirabilem
868 1018 1142 1074 lulianum
1197 1030 1253 1077 et
1302 1020 1464 1076 aliter
1497 1021 1715 1088 quidem
1747 1021 1937 1090 dilige-

354 1115 478 1168 bam
505 1132 519 1168 :
557 1114 783 1168 idoneus
807 1114 952 1168 enim
983 1111 1291 1167 attrahendi
1335 1113 1402 1167 ad
1433 1113 1647 1168 labores
1681 1125 1939 1181 prospere

353 1205 634 1260 cedentem
664 1213 867 1272 pra'ter
905 1203 1238 1260 desiderium
1264 1219 1280 1258 :
1307 1212 1366 1257 at
1391 1202 1563 1257 multo
1587 1203 1762 1274 magis
1788 1201 1938 1256 dele-

352 1305 532 1350 ctatus
588 1309 709 1349 sum
758 1297 902 1364 quod
949 1310 1012 1350 ex
1062 1296 1263 1350 vestris
1297 1294 1495 1350 litteris
1529 1294 1658 1350 mihi
1700 1303 1823 1349 nata
1853 1301 1939 1348 est

351 1390 569 1444 occasio
601 1407 616 1444 :
645 1389 808 1444 istnnt
837 1389 982 1444 enim
1016 1389 1059 1444 si
1100 1387 1598 1458 reprehendissem,
1632 1387 1699 1442 ad
1729 1387 1936 1460 Cinny’»

353 1493 470 1534 ram
501 1492 626 1534 esse
649 1479 797 1534 visus
822 1492 1036 1535 essem:
1067 1478 1301 1550 postulat
1322 1488 1504 1532 autem
1535 1475 1752 1534 diﬁlcile
1778 1478 1932 1534 nihil:

352 1571 446 1624 sed
478 1569 605 1623 huic
649 1583 736 1624 me
770 1569 962 1624 adesse
1003 1579 1060 1623 et
1092 1569 1203 1624 illic
1239 1567 1448 1632 volens,
1481 1581 1579 1637 per
1616 1583 1714 1622 vos
1753 1577 1936 1638 sperat

353 1660 484 1715 illud
511 1660 650 1724 tieri,
685 1661 828 1730 quod
861 1670 916 1716 et
940 1675 1042 1731 ego
1070 1662 1296 1716 omnino
1327 1679 1341 1716 :
1373 1670 1430 1716 at
1458 1675 1560 1731 ego
1588 1659 1724 1714 nihil
1750 1668 1934 1730 utpote

2043 561 2120 626 ὼς
2155 564 2251 616 καὶ
2280 563 2360 634 τῷ
2381 565 2538 635 τάχει
2566 565 2942 631 διπλασιάζειν
2980 569 3089 622 ἔδει
3111 569 3208 632 τὰς
3245 570 3478 642 χάριτας
3496 588 3513 604 ·
3535 569 3629 626 τὸν

2041 654 2099 708 δὲ
2142 655 2419 727 βέλτιστον
2471 659 2694 726 Μέγαν,
2745 661 2905 731 εῑπερ
2944 655 3056 714 οἷόν
3093 678 3154 716 τε
3192 657 3260 734 ἦν
3306 663 3624 735 αὐθημερόν

2045 745 2480 814 μετασκευάζειν
2530 748 2611 812 είς
2661 748 2920 821 ῥήτορας,
2963 751 3064 805 οὐκ
3095 749 3163 806 ἂν
3204 752 3338 822 ἡμῖν
3363 753 3473 806 ἔδει
3504 753 3622 806 δευ-

2040 833 2208 907 τέρας
2239 835 2476 906 ἡμέρας.

2181 923 2310 983 KA'.
2345 926 2647 1000 ΖΔΧΔΡΙᾼ
2668 928 2788 982 ΚΑΙ
2819 929 3106 1002 ΦῙΔῘΠΙΙῼ
3132 931 3485 988 ΑΔΕΛΦΟΙΣ.

2109 1017 2214 1072 Τὸν
2247 1017 2564 1089 θαυμαστὸν
2591 1019 2885 1076 Ἰουλιανδν
2907 1021 3003 1076 καὶ
3030 1021 3208 1087 ἄλλως
3237 1023 3340 1091 μέν
3360 1025 3618 1093 ἠγάπων·

2044 1109 2232 1174 ίκανδς
2277 1109 2390 1182 γὰρ
2446 1109 2772 1179 ἐφέλκεσθαι
2829 1112 3030 1176 πόνους
3095 1113 3428 1185 εὐτυχοῦντα
3483 1117 3618 1188 πρὸς

2041 1196 2237 1253 πόθον·
2284 1197 2422 1254 πολὺ
2452 1197 2509 1252 δέ
2541 1199 2744 1270 μᾶλλον
2766 1199 2945 1272 ἥσθην
2970 1203 3050 1256 ὅτι
3077 1219 3168 1273 μοι
3193 1203 3289 1259 καὶ
3317 1203 3452 1276 πρὸς
3483 1205 3616 1276 ὑμε-

2036 1288 2215 1359 τέρων
2245 1289 2594 1360 γραμμάτων
2633 1291 2824 1360 γέγονε
2863 1291 3160 1363 πρόφασις.
3197 1293 3405 1350 Τούτου
3434 1295 3542 1367 γὰρ
3570 1297 3622 1350 εί

2038 1395 2168 1432 ποτε
2200 1379 2495 1452 λαϐοίμην,
2544 1381 2638 1434 ἐπὶ
2661 1382 2756 1437 τὸν
2794 1383 3068 1454 Κιννύραν
3093 1379 3238 1439 εἶναι
3266 1385 3408 1440 δοκῶ
3433 1403 3446 1418 ·
3479 1389 3618 1441 αἰτεῖ

2035 1470 2093 1524 δὲ
2143 1471 2407 1544 δυσχερὲς
2451 1471 2636 1526 οὐδέν·
2683 1473 2820 1527 ἀλλὰ
2863 1474 2943 1546 τῷ
2984 1493 3053 1547 με
3099 1476 3355 1549 παρεῖναι
3397 1483 3616 1534 κακεῖσε

2039 1561 2387 1633 βουλόμενος,
2435 1562 2503 1617 δι’
2543 1565 2700 1634 ὑμῶν
2734 1565 2946 1630 ἐλπίζει
2976 1567 3134 1621 τοῦτο
3167 1567 3444 1638 γενέσθαι,
3483 1572 3616 1643 ὅπερ

2039 1659 2260 1720 πάντως
2296 1655 2457 1726 κάγώ
2479 1673 2494 1687 ·
2524 1657 2638 1726 ἐγὼ
2661 1657 2718 1710 δέ
2754 1658 2908 1713 οὐδὲν
2936 1659 3004 1714 ἂν
3029 1661 3058 1712 δ
3085 1677 3140 1714 τι
3172 1661 3246 1732 μὴ
3289 1663 3482 1736 παρὼν
3505 1665 3616 1731 ἐγι-

352 1767 458 1806 non
481 1766 722 1820 praesens
751 1762 992 1822 poteram
1022 1772 1042 1809 :
1084 1756 1262 1822 quoad
1294 1753 1760 1809 consistorianum
1796 1753 1928 1823 quid

2035 1751 2240 1819 νόμην·
2280 1747 2342 1801 es
2383 1747 2440 1802 δὲ
2487 1749 2882 1821 κονσιστόριον.
2909 1751 2938 1804 ὅ
2981 1769 3035 1805 τι
3078 1753 3179 1823 μέν
3223 1757 3373 1808 ἐστιν
3404 1755 3609 1824 ἀγνοῶ·

349 1845 420 1898 sit
474 1846 710 1915 ignoro:
751 1845 1053 1899 Romanum
1112 1848 1259 1902 enim
1311 1861 1408 1916 per
1465 1847 1650 1900 orbem
1705 1843 1934 1900 eﬁ‘undit

353 1952 527 1992 meam
581 1938 776 1992 fatuam
811 1958 825 1993 :
859 1955 956 2008 per
995 1955 1090 1996 vos
1131 1949 1312 1993 autem
1345 1948 1400 1994 et
1433 1954 1626 1993 nomen
1659 1939 1790 1992 mihi
1820 1938 1932 2007 pla-

351 2037 458 2089 t-et,
488 2037 542 2080 et
573 2028 812 2081 d.vinum
854 2042 982 2082 vere
1028 2029 1202 2096 ipsum
1242 2027 1432 2082 vellent
1465 2043 1625 2084 esse:
1660 2037 1715 2081 et
1739 2043 1934 2083 vereor

350 2117 788 2187 appellationem,
817 2119 970 2186 cujus
1000 2117 1232 2172 ollicinm
1257 2130 1340 2173 est
1382 2120 1515 2173 mihi
1548 2119 1881 2189 incognitum
1915 2139 1928 2174 :

351 2213 395 2263 si
431 2225 559 2264 vero
607 2221 660 2264 et
695 2219 890 2275 evecta
931 2210 1032 2262 l'nit
1079 2211 1172 2263 tibi
1220 2211 1284 2263 ad
1319 2211 1495 2278 majus
1542 2211 1780 2273 fortuna.
1810 2226 1932 2278 per-

353 2316 509 2355 mane
560 2313 738 2354 tann-n
788 2313 842 2355 ιιι
877 2301 1072 2355 novisti
1123 2301 1175 2355 in
1233 2301 1481 2370 pristinis
1537 2303 1816 2372 operibus,
1865 2319 1932 2358 ne

353 2396 658 2448 thrasonem
692 2393 1145 2448 condswrianum
1173 2404 1227 2448 te
1262 2394 1545 2464 appellem.

843 2509 1006 2563 XXV.
1040 2507 1433 2564 ZACIIARIE.

420 2625 629 2690 Patria,
673 2642 796 2682 cum
859 2627 968 2681 Deo
1005 2627 1172 2681 etiam
1220 2626 1294 2683 sit
1337 2627 1603 2691 additum,
1653 2626 1930 2682 benevolis

347 2719 481 2773 vidit
527 2734 625 2773 nos
655 2719 830 2774 oeulis
859 2737 872 2773 :
907 2720 1113 2773 amicos
1151 2719 1294 2774 enim
1334 2719 1532 2774 obtulit
1555 2718 1746 2789 quales
1768 2731 1928 2790 opta-

349 2815 470 2866 bam
501 2813 684 2866 videre
719 2831 734 2866 :
770 2812 919 2866 brevi
943 2821 1122 2866 autem
1150 2812 1452 2880 interrupta
1487 2812 1699 2867 theatra
1737 2813 1803 2866 ad
1841 2828 1930 2867 me

346 2903 609 2971 compulit
671 2912 726 2955 et
776 2901 997 2970 plausus
1048 2901 1403 2956 concitabat:
1452 2911 1507 2957 et
1563 2917 1648 2956 me
1683 2903 1928 2972 quaedam

349 2993 487 3047 fatua
536 2994 872 3061 prwveniens
908 3007 1004 3062 per
1045 2992 1226 3046 omnia
1279 2992 1590 3048 celebrabat
1618 3008 1732 3056 ora,
1772 2993 1843 3046 ita
1873 3003 1931 3047 ιιι

2051 1837 2344 1908 Ῥωμαῖκῷ
2369 1837 2480 1909 γὰρ
2513 1839 2705 1909 κόσμῳ
2755 1839 3086 1912 προσϐάλλει
3122 1841 3221 1911 τὴν
3249 1843 3390 1912 ἐμὴν
3407 1844 3576 1914 ἀκοήν
3594 1858 3608 1873 ·

2033 1929 2102 1982 δι’
2136 1929 2280 1998 ὑμᾶς
2305 1928 2362 1981 δὲ
2393 1931 2488 1982 καὶ
2517 1928 2758 2000 τοῦνομα
2786 1929 2947 1998 φιλῶ,
2980 1931 3076 1985 καὶ
3105 1931 3249 1985 θεῖον
3287 1932 3458 1996 ὅντως
3482 1933 3612 1988 αὐτὸ

2037 2019 2332 2090 βουλοίμην
2367 2020 2636 2092 ὑπάρχειν
2663 2037 2678 2052 ·
2728 2021 2822 2075 καὶ
2851 2023 2994 2092 τιμῶ
3024 2025 3416 2096 προσηγορίαν,
3443 2019 3511 2097 ἧς
3553 2025 3610 2076 τὸ

2033 2110 2196 2180 ἔργον
2237 2111 2507 2182 ἠγνόησα.
2539 2113 2602 2165 El
2627 2111 2684 2164 δὲ
2713 2113 2806 2166 καὶ
2835 2112 3235 2184 μεταδέὸληται
3268 2132 3350 2168 σοι
3389 2117 3524 2187 πρὸς
3551 2116 3611 2168 τδ

2037 2201 2222 2270 μεῖζον
2266 2203 2299 2273 ἡ
2357 2202 2516 2273 τύχη,
2561 2202 2698 2257 ἀλλὰ
2744 2203 2874 2272 μένε
2911 2205 3048 2278 ὅπερ
3105 2202 3263 2260 οἶσθα
3293 2207 3459 2260 πάλαι
3501 2208 3610 2270 τοῖς

2040 2293 2249 2362 ἔργοις,
2297 2292 2384 2347 ἵνα
2443 2295 2516 2366 μή
2592 2313 2650 2348 σε
2717 2294 2952 2360 ἀλαζόνα
3005 2298 3444 2364 κονσιστοριανδν
3493 2298 3606 2350 ὀνο-

2037 2384 2213 2454 μάσω.

2160 2477 2176 2488 “
2588 2497 2717 2554 κεν.
2744 2499 3068 2572 ΖΛΧΛΡΙᾼ.

2114 2614 2179 2670 Ἠ
2209 2616 2428 2687 πατρὶς,
2477 2617 2576 2671 σὺν
2605 2617 2806 2688 Θεῷδέ
2839 2617 3100 2688 εἰρήσθω,
3161 2617 3452 2688 εὐμενέσιν
3469 2611 3607 2674 εἶδεν

2031 2712 2179 2782 ἡμᾶς
2207 2710 2537 2782 ὀφθαλμοῖς·
2565 2713 2694 2774 τοὺς
2743 2712 2852 2783 γὰρ
2881 2713 3225 2784 ἐπιτηδείους
3268 2713 3608 2785 παρέστησεν

2031 2804 2253 2869 ὁποίους
2279 2804 2533 2876 ηὐχόμην
2570 2805 2718 2858 ἰδεῖν·
2747 2804 2922 2876 βραχὺ
2951 2805 3010 2859 δὲ
3038 2805 3364 2860 διαλιποῦσα
3407 2806 3608 2879 θέατρα

2033 2915 2123 2970 μοι
2155 2897 2356 2968 συνῆγε
2380 2898 2476 2952 καὶ
2499 2897 2725 2968 κρότους
2755 2899 2924 2952 ἐκίνει
2949 2915 2964 2930 ·
2998 2899 3091 2952 καί
3127 2899 3198 2970 μέ
3221 2917 3306 2964 τις
3340 2901 3497 2972 φήμη
3516 2899 3606 2954 λα-

2031 2990 2202 3044 ϐοῦσα
2247 2989 2335 3043 διὰ
2391 2990 2608 3044 πάντων
2668 2986 2764 3064 ¹ᾖδε
2817 2991 3130 3061 στομάτων.
3187 2991 3242 3044 ετ
3289 2991 3342 3045 τί
3368 3009 3472 3046 που
3518 2993 3611 3046 καὶ

345 3086 776 3156 ctjurenescere
815 3087 1001 3141 videar
1031 3105 1044 3140 :
1070 3096 1134 3141 et
1159 3101 1312 3140 mens
1347 3085 1582 3141 exaltata
1621 3099 1701 3141 est
1729 3087 1924 3155 plausi—

2035 3081 2403 3138 νεανιεύεσθαι
2461 3082 2604 3136 δοκῶ
2629 3099 2642 3114 ·
2692 3083 2787 3138 καὶ
2821 3083 2914 3138 τὸν
2946 3084 3071 3138 νοῦν
3101 3084 3318 3157 ἐπήρθη
3347 3088 3460 3150 τοῖς
3495 3090 3608 3156 κρό-

348 3178 471 3244 bus,
509 3188 562 3234 et
589 3179 948 3249 sophisticam
1003 3180 1205 3250 aliquid
1250 3178 1370 3234 sine
1396 3189 1516 3233 arte
1551 3179 1839 3242 habebam,
1871 3189 1928 3232 ut

348 3273 462 3336 ipse
497 3271 748 3325 diceres:
796 3281 849 3323 tu
885 3271 1106 3339 quidem
1159 3271 1324 3340 igitur
1364 3271 1622 3326 cavillare
1677 3271 1876 3326 similia
1912 3290 1925 3326 :

346 3379 447 3429 ego
477 3372 656 3415 autem
689 3377 794 3415 non
835 3360 1076 3414 tolerabo
1103 3376 1208 3414 non
1255 3360 1433 3414 clarus
1464 3375 1606 3425 esse,
1643 3371 1692 3416 et
1729 3359 1926 3414 fastum

347 3449 796 3518 stupet-extollere,
841 3460 895 3503 et
947 3450 1118 3519 legem
1174 3449 1310 3504 artis
1357 3465 1488 3504 mea:
1545 3453 1745 3520 sequi:
1809 3465 1929 3519 qua:

346 3545 566 3612 quidem
591 3544 756 3612 igitur
786 3541 916 3604 mihi
954 3541 1254 3611 perjocum
1284 3542 1426 3595 dicta
1470 3541 1604 3605 sint,
1650 3551 1707 3595 ut
1736 3541 1831 3594 tibi
1870 3551 1928 3595 et

344 3635 635 3690 cavillandi
692 3645 751 3690 ιιι
795 3650 912 3691 mos
974 3643 1078 3697 est,
1151 3635 1433 3690 materiam
1504 3636 1825 3704 prtebcam:
1875 3641 1928 3688 te

345 3733 490 3782 enim
537 3729 694 3800 juvat
733 3742 818 3783 tne
863 3728 1125 3793 cavill-tri,
1172 3727 1297 3781 illud
1344 3728 1480 3782 habe
1525 3739 1734 3792 nolunt,
1767 3727 1925 3794 alios,

347 3820 534 3876 multis
563 3819 813 3875 laudibus
835 3819 1134 3875 cumulare.

719 3931 909 3988 XXVI.
938 3932 1254 3988 PllllthPO
1287 3933 1566 3991 FRATRI.

416 4049 559 4107 Ecce
613 4050 707 4104 tibi
755 4057 811 4104 et
869 4049 1064 4104 iterum
1108 4048 1243 4102 alias
1287 4051 1440 4104 mitto
1495 4049 1737 4118 litteras;
1797 4051 1929 4122 qttid

349 4157 542 4215 passus
582 4142 789 4205 nescio,
826 4141 1022 4195 itermn
1055 4139 1187 4196 siles
1214 4158 1230 4196 :
1257 4141 1304 4197 si
1324 4142 1469 4196 enim
1495 4143 1664 4212 quieti
1698 4159 1802 4200 non
1832 4159 1930 4200 va-

349 4248 476 4289 care
514 4233 674 4296 dicis,
728 4233 822 4288 sed
869 4233 965 4288 tibi
1017 4232 1329 4288 omnimode
1377 4249 1468 4288 ars
1499 4233 1706 4290 lucrum
1745 4233 1926 4300 all‘ert,

349 4326 544 4380 mirum
587 4327 803 4396 quidem
833 4325 1032 4395 opinor
1061 4325 1205 4395 quod
1238 4341 1307 4382 ne
1346 4326 1493 4382 brevi
1530 4328 1749 4396 quidem
1785 4337 1924 4384 tem-

2033 3192 2168 3237 τοις.
2219 3177 2312 3227 καὶ
2339 3173 2401 3228 τδ
2432 3175 2747 3244 σοφιστικὸν
2773 3175 3017 3247 ἀτεχνῶς
3056 3177 3220 3248 ἐχειν,
3255 3177 3330 3242 ὡς
3360 3178 3427 3233 ἂν
3452 3181 3609 3242 αὐτὸς

2031 3265 2209 3329 εἴποις
2235 3281 2251 3300 ο
2283 3265 2348 3319 σὺ
2391 3265 2490 3336 μὲν
2553 3261 2649 3320 οὖν
2695 3266 2916 3320 σκῶπτε
2967 3268 3231 3324 τοιαῦτα·
3279 3269 3393 3338 ἐγὼ
3433 3269 3490 3324 δέ
3515 3270 3610 3322 οὐκ

2031 3357 2292 3429 ἀνέξομαι
2327 3358 2403 3430 μὴ
2428 3359 2488 3413 οὐ
2519 3358 2771 3430 λαμπρὸς
2829 3355 2993 3426 εἶναι,
3026 3361 3122 3416 καὶ
3169 3363 3268 3433 τὴν
3295 3362 3468 3432 ὀφρῦν
3503 3361 3610 3416 ἄνω

2033 3447 2248 3518 φέρειν,
2309 3449 2406 3502 καὶ
2437 3447 2516 3519 τῷ
2571 3449 2674 3518 τῆς
2720 3451 2860 3520 ἐμῆς
2908 3451 3107 3522 τέχνης
3162 3452 3394 3507 ἕπεσθαι
3444 3454 3607 3523 νόμῳ.

2033 3541 2221 3597 Ταῦτα
2265 3542 2365 3613 μὲν
2419 3539 2513 3598 οὖν
2562 3560 2652 3614 μοι
2712 3544 3020 3616 πεπαίχθω,
3043 3546 3120 3608 ὼς
3145 3547 3210 3601 ἄν
3246 3564 3329 3600 σοι
3377 3548 3474 3600 καὶ
3520 3545 3609 3600 τοῦ

2033 3632 2309 3687 σκώπτειν
2353 3633 2600 3704 συνήθως
2646 3633 2780 3704 ὓλην
2808 3636 3117 3707 παράσχω·
3153 3637 3470 3708 εὐφραίνεις
3506 3639 3610 3707 γάρ
3660 3653 3666 3656 '

2034 3743 2104 3795 με
2129 3722 2420 3794 σκώπτων,
2452 3723 2514 3781 εὖ
2556 3725 2686 3793 ῐσθι,
2712 3727 2746 3799 ἢ
2772 3727 2990 3792 πολλοῖς
3044 3731 3289 3794 ἐπαίνοις
3326 3729 3608 3801 βάλλοντες

2032 3817 2230 3888 ἕτεροι.

2437 3935 2584 4002 KG".
2615 3936 2902 4009 ΦΙΛΙΠΠῼ
2942 3938 3222 4010 ΑΔΕΛΦῼ.

2116 4052 2250 4107 Ἰδού
2305 4069 2390 4106 σοι
2435 4055 2531 4107 καὶ
2581 4052 2745 4108 πάλιν
2773 4053 2938 4126 ἔτερα
2962 4055 3271 4126 γράμματα
3301 4070 3311 4082 ·
3343 4054 3396 4106 τί
3425 4051 3607 4107 παθὼν

2031 4145 2132 4199 οῦκ
2163 4141 2303 4209 οἴδα,
2338 4144 2502 4197 πάλιν
2535 4145 2694 4214 σιγᾷς
2714 4159 2728 4174 ·
2757 4143 2807 4197 εί
2838 4143 2938 4212 μὲν
2966 4142 3072 4213 γὰρ
3107 4141 3302 4214 σχολὴν
3334 4143 3435 4196 οὐκ
3461 4143 3608 4210 ἄγειν

2031 4238 2202 4304 ἐρεῖς,
2229 4234 2370 4288 ἀλλά
2414 4249 2496 4288 σοι
2523 4233 2610 4288 διὰ
2647 4236 2904 4306 παντὸςή
2935 4235 3100 4306 τέχνη
3143 4235 3299 4306 φέρει
3325 4253 3378 4288 τι
3407 4235 3606 4306 κέρδος,

2030 4327 2204 4382 δεινὸν
2229 4327 2351 4399 μὲν,
2384 4323 2562 4398 οἶμαι,
2617 4327 2812 4392 δεινὸν,
2845 4330 2893 4380 εί
2931 4327 3067 4397 μηδὲ
3099 4326 3274 4398 βραχὺ
3296 4329 3393 4382 τοῦ
3417 4329 3609 4392 παντῗς

346 4433 480 4485 pore
509 4433 606 4488 per
635 4429 805 4474 totum
847 4433 1048 4472 annum
1099 4419 1256 4473 nobis
1295 4421 1637 4489 temetipsum
1684 4423 1926 4490 pra-buc-

2035 4421 2190 4484 ἔτους
2244 4422 2374 4490 ἡμῖν
2437 4421 2701 4492 παρέχεις
2731 4419 2957 4474 σεαυτόν
2983 4435 2996 4448 ·
3035 4416 3151 4474 ἀλλ’
3189 4416 3283 4473 οὖν
3317 4417 3608 4490 συνήδοςωὶ

349 4513 464 4567 ris:
497 4511 590 4566 sed
627 4510 942 4580 congaudeo
987 4519 1162 4564 tecum
1195 4512 1336 4578 quod
1383 4511 1435 4564 in
1477 4513 1710 4581 negotiis
1747 4529 1928 4569 verse-

346 4605 466 4659 ris:
505 4606 550 4656 si
597 4618 725 4656 vero
789 4613 1011 4668 propter
1061 4601 1298 4666 divitias,
1339 4603 1440 4656 nisi
1489 4613 1708 4672 propter
1753 4615 1926 4660 artem

345 4695 495 4755 siles,
551 4689 901 4762 congratulor
935 4691 1028 4746 tibi
1061 4709 1123 4746 ea
1156 4691 1226 4748 de
1256 4709 1311 4747 re
1344 4712 1357 4746 :
1414 4709 1521 4748 non
1575 4705 1754 4750 tamen
1811 4697 1926 4752 vel-

343 4786 445 4839 lem
507 4794 556 4838 te
615 4792 824 4840 tantum
872 4782 1143 4838 ditescere
1171 4795 1227 4838 ιιι
1275 4801 1437 4855 supra
1481 4803 1580 4841 nos
1622 4789 1925 4855 extollaris,

343 4892 443 4930 nec
479 4874 707 4943 amplius
735 4874 919 4930 videas
959 4890 1056 4930 eos
1087 4876 1176 4944 qui
1208 4886 1366 4931 erant
1405 4877 1532 4932 olim
1564 4879 1876 4934 amicissimi
1910 4897 1924 4934 :

343 4976 398 5022 et
433 4977 583 5022 certe
613 4967 942 5022 inhiavimus
974 4976 1077 5022 ate
1113 4967 1322 5023 litteras
1354 4987 1366 5023 :
1409 4979 1462 5024 et
1496 4973 1562 5025 ad
1591 4985 1738 5026 mare
1768 4988 1924 5042 pros-

342 5060 594 5131 picimus,
651 5076 756 5115 non
813 5060 994 5114 minus
1029 5074 1094 5114 ac
1137 5059 1330 5116 Philis.
1378 5063 1802 5134 Demophontem
1840 5081 1928 5120 vo-

343 5167 475 5206 cans
505 5150 763 5218 iniustum
795 5159 852 5204 et
889 5149 1062 5204 amori
1094 5153 1520 5220 correspondere
1554 5155 1922 5208 nescientem:

343 5259 462 5298 cum
501 5243 590 5298 ille
623 5257 856 5313 sponsus
889 5252 1032 5296 esset
1069 5253 1315 5299 recenter
1355 5253 1408 5300 et
1439 5245 1650 5300 Philltdi
1685 5263 1922 5302 amorem

343 5347 587 5405 augeret,
623 5335 757 5391 abiit
787 5336 1086 5392 thalamum
1111 5337 1400 5405 nuptialem
1434 5338 1785 5406 relinquens:
1824 5340 1922 5393 ista

347 5441 525 5483 tamen
571 5431 756 5485 itidem
807 5431 1041 5501 angebat
1083 5447 1178 5484 sua
1223 5431 1336 5484 vice
1365 5446 1488 5498 spes
1531 5433 1817 5500 przebcns:
1867 5443 1924 5488 ut

345 5529 524 5573 autem
578 5521 742 5590 igitur
782 5522 932 5576 vices
989 5523 1232 5591 rependit
1286 5533 1337 5577 et
1381 5523 1536 5589 abiit,
1585 5524 1672 5579 ille
1705 5527 1920 5593 quidem

344 5611 527 5662 statim
577 5609 848 5673 clamavit,
904 5622 956 5666 et
1004 5612 1226 5665 Phillida
1279 5629 1374 5667 Sua
1432 5615 1548 5672 vice
1597 5632 1701 5671 non
1739 5617 1917 5672 vidit:

343 5696 512 5754 l‘ailis
551 5710 728 5756 autent
759 5703 824 5756 ad
863 5718 1009 5757 male
1048 5720 1196 5758 versa
1242 5706 1418 5773 lit-bat,
1449 5719 1501 5764 et
1534 5726 1700 5767 nates
1737 5727 1920 5766 nume~

2033 4513 2096 4579 γέ
2124 4529 2205 4564 σοι
2236 4512 2336 4582 τῆς
2389 4512 2665 4582 ἀσχολίας.
2704 4512 2766 4564 Ei
2798 4512 2853 4566 δὲ
2881 4511 3150 4574 πλουτῶν,
3175 4513 3353 4576 ἄλλως
3382 4512 3488 4566 ἀπὸ
3517 4513 3607 4578 τῆς

2031 4605 2226 4676 τέχνης
2268 4607 2446 4675 σιγᾷς,
2480 4606 2761 4676 συγχαίρω
2791 4607 2890 4674 μέν
2925 4624 3006 4660 σοι
3031 4607 3126 4660 καὶ
3149 4607 3340 4660 τούτου
3367 4628 3378 4636 -
3408 4608 3469 4660 οὐ
3509 4605 3607 4674 μὴν

2031 4699 2332 4768 ἐϐουλόμην
2354 4714 2412 4750 σε
2447 4698 2701 4750 τοσοῦτον
2726 4698 2978 4751 πλουτεῖν
2997 4697 3074 4762 ὡς
3095 4699 3219 4752 καθ’
3253 4698 3412 4770 ἡμῶν
3441 4697 3607 4767 ὲπῆρ,

2031 4789 2146 4854 θαι,
2186 4791 2281 4844 καὶ
2317 4789 2510 4860 μηκέτ’
2546 4788 2745 4842 εἰδέναι
2781 4791 2905 4853 τοὺς
2927 4791 3096 4845 πάλαι
3131 4789 3458 4860 φιλτάτους·
3494 4787 3605 4842 καί·

2029 4897 2110 4933 τοι
2163 4881 2474 4950 κεχήναμέν
2505 4880 2566 4948 γέ
2595 4895 2688 4932 σου
2715 4881 2826 4942 τοῖς
2875 4879 3168 4952 γράμμασι
3189 4895 3203 4910 ·
3229 4881 3324 4933 καὶ
3355 4880 3487 4950 πρὸς
3516 4881 3607 4948 τὴν

2031 4971 2303 5026 θάλατταν
2328 4972 2564 5042 ὁρῶμεν,
2597 4972 2694 5042 οὐχ
2728 4967 2892 5045 ἧττον
2915 4973 2946 5042 ἢ
2969 4971 3160 5036 Φυλλὶς
3193 4973 3286 5027 τὸν
3315 4973 3608 5044 Δημοφῶν-

2025 5080 2094 5117 τα
2121 5062 2364 5118 καλοῦσα
2383 5063 2475 5116 τὸν
2507 5063 2690 5117 ἄδικον
2727 5066 2932 5118 ἐκεῖνον
2973 5065 3070 5118 καὶ
3124 5067 3360 5136 ἀντερᾷν
3415 5067 3513 5119 οῦκ
3541 5067 3609 5117 εἰ·

2027 5156 2155 5209 δότα
2183 5176 2194 5187 ·
2230 5155 2289 5220 ὃς
2317 5155 2506 5226 ἐπειδὴ
2549 5159 2783 5226 νυμφίος
2819 5152 2888 5227 ἦν
2936 5157 3140 5227 ἀρτίως
3189 5157 3284 5210 καὶ
3346 5157 3501 5228 ηὗξει
3547 5158 3606 5224 τῇ

2027 5249 2243 5302 Φυλλίδι
2274 5249 2364 5302 τὸν
2412 5248 2610 5320 ἔρωτα,
2634 5248 2816 5321 ᾣχητο
2837 5251 2936 5320 τὴν
2968 5249 3216 5304 παστάδα
3247 5249 3564 5304 καταλιπών
3591 5265 3602 5277 ·

2025 5337 2060 5412 ἦ
2083 5341 2188 5412 μὴν
2221 5343 2296 5405 ὡς
2318 5343 2439 5412 ἥξει
2475 5343 2636 5396 πάλιν
2660 5343 2880 5406 ἐλπίδας
2902 5341 3078 5406 διδούς
3100 5360 3113 5372 ·
3141 5343 3217 5408 ὡς
3246 5342 3292 5396 δ’
3323 5337 3418 5396 οὖν
3452 5342 3604 5412 ἀμεί-

2031 5436 2136 5506 φθη
2183 5437 2276 5488 καὶ
2307 5433 2512 5505 ᾧκςητο,
2547 5436 2575 5487 ό
2620 5436 2720 5504 μὲν
2747 5436 2908 5497 εὐθὺς
2968 5435 3298 5506 μετεεοήθη,
3365 5435 3460 5488 καὶ
3509 5433 3601 5504 τὴν

2025 5524 2256 5578 «amas;
2291 5526 2452 5578 πάλιν
2476 5527 2578 5578 οὐκ
2606 5521 2776 5578 εἶδεν·
2807 5529 2837 5597 ἡ
2875 5526 2934 5578 δὲ
2965 5528 3100 5596 πρὶς
3159 5527 3436 5580 θάλατταν
3484 5525 3599 5578 itid-

2025 5635 2181 5685 κρυε,
2219 5619 2313 5670 καὶ
2357 5617 2454 5682 τὰς
2501 5618 2730 5680 ὁλκάδας
2773 5618 2996 5688 ἠρίθμει
3025 5619 3100 5690 μή
3135 5621 3264 5673 ποτέ
3317 5637 3400 5682 τις
3429 5617 3597 5672 atavi-3v

2027 5710 2114 5763 τὸν
2156 5711 2494 5782 Δημτοιξῶκιτα
2530 5712 2824 5783 κομίζοιτο.
2857 5712 3021 5766 Ἀλλὰ
3059 5713 3162 5786 γὰρ
3191 5713 3248 5766 τὸ
3284 5711 3405 5766 καθ’
3436 5710 3596 5782 ἡμας,
