3966 6318
244 261 377 328 2741

1680 262 2085 329 ΕΡΙΞΤΟΙΛΕ.

3370 263 3433 324 2Ῑ
3453 261 3511 324 ί2

240 369 423 444 οἴμαι,
457 370 760 444 δεινότερόν
823 374 973 428 ἐστιν
998 390 1010 403 ·
1054 376 1084 429 ό
1105 373 1206 445 μὲν
1256 373 1365 449 γὰρ
1414 377 1516 431 οὐκ
1541 377 1730 449 ἢθελεν
1752 378 1831 457 ἔτι

1957 381 2093 434 ’ςιιιιιι
2122 393 2188 434 ne
2222 392 2326 449 qua
2362 392 2426 432 ex
2460 377 2588 447 ipsis
2627 374 3059 446 Demophontem
3084 376 3464 431 transveheret
3496 408 3507 420 ο

246 465 526 534 παρεῖναι,
562 463 628 516 σὺ
651 462 709 516 δὲ
737 464 797 516 οὐ
830 465 1046 536 μακρὰν
1070 466 1227 521 ἀπὼν
1260 468 1616 523 ἐπιστέλλειν.

726 729 857 787 KZ'.
892 708 1357 806 Keera‘NTm.

324 826 445 879 Ἐτι
478 827 629 896 παρὰ
674 827 767 881 τὸν
801 827 994 881 Νεῖλον
1015 829 1183 881 οἰκῶν
1231 831 1330 899 τὴν
1390 830 1562 901 καλὴν
1607 828 1827 899 ἐκείνην

248 917 538 984 ἐπιστολὴν
568 918 838 989 ἐδεξάμην
858 937 871 950 ·
932 916 1045 974 οἷον
1076 920 1134 973 δὲ
1166 922 1296 991 περὶ
1340 920 1549 991 ταύτης
1602 919 1828 989 συνέϐη,

249 1011 312 1062 ού
343 1010 525 1073 καλῶς
551 1009 619 1065 ἂν
658 1010 773 1080 ἔχοι
804 1014 932 1083 σιγῇ
968 1013 1283 1083 παρελθεῖν.
1322 1013 1408 1077 Ὠς
1439 1015 1550 1084 γὰρ
1594 1013 1837 1067 ὲπέδωκέ

255 1121 349 1171 μοι
402 1103 608 1174 ταύτην
637 1105 668 1157 ὁ
697 1104 902 1176 φέρων,
947 1107 1042 1160 καὶ
1076 1105 1389 1177 προσετίθει
1422 1106 1479 1160 δὲ
1502 1105 1597 1160 καὶ
1649 1107 1835 1169 πόθεν,

252 1196 447 1265 πάσχω
472 1213 524 1249 τι
552 1196 721 1261 πάθος
749 1197 1019 1269 ἐρώντων.
1067 1199 1250 1268 Βραχὺ
1278 1199 1387 1270 γὰρ
1413 1198 1829 1269 ἀποπλανηθεὶς

251 1287 347 1340 τοῦ
379 1288 608 1351 εἰκότος,
626 1289 727 1358 ήδη
747 1306 806 1341 σε
833 1289 928 1342 καὶ
944 1289 1201 1361 παρεῖναί
1228 1307 1319 1361 μοι
1347 1291 1561 1353 πάντως
1588 1290 1833 1344 ἐδόκουν·

253 1379 348 1431 καὶ
371 1378 575 1446 τοίνυν,
600 1372 648 1437 ὦ
675 1379 900 1448 φίλτατε
922 1381 1162 1451 βροτῶν,
1214 1380 1353 1453 ἔφην
1382 1380 1457 1445 ὡς
1494 1380 1651 1433 ἀπὼν
1697 1381 1840 1448 ἄγαν

255 1470 476 1536 ἐλύπεις
495 1488 515 1507 ·
549 1474 644 1549 καὶ
672 1472 768 1526 νῦν
791 1473 1049 1529 ποθοῦσιν
1083 1475 1294 1543 ἀφῖξαι.
1344 1475 1430 1536 Ὠς
1445 1475 1515 1528 τὰ
1532 1474 1588 1527 δὲ
1614 1472 1840 1527 τοιαῦτα

259 1564 519 1628 πολλάκις
575 1560 761 1632 εἷπον,
817 1569 931 1630 τοῖς
984 1567 1254 1637 παροῦσιν
1302 1567 1539 1635 ὑποψίαν
1583 1567 1840 1638 παρέχων

252 1655 348 1708 τοῦ
374 1656 700 1728 πράγματος
724 1674 740 1690 ⁶
777 1661 887 1713 Καὶ
906 1659 970 1730 δή
998 1661 1050 1713 τί
1070 1661 1320 1730 πάσχεις,
1351 1659 1598 1728 ἔφησαν;
1634 1658 1694 1710 οὗ
1729 1657 1839 1728 γὰρ

253 1747 317 1817 δή
338 1763 423 1801 σοι
444 1749 556 1802 ,καὶ
597 1749 790 1820 παρὼν
816 1751 1022 1815 ἐκεῖνος
1084 1751 1379 1820 τυγχάνει·
1410 1752 1490 1813 είς
1529 1750 1586 1802 δὲ
1618 1749 1839 1820 μνήμην

254 1837 426 1891 ὲλθὼν
476 1840 717 1909 ἐμαυτοῦ
753 1842 1003 1912 ἠνιάθην,
1064 1837 1151 1895 οἷα
1188 1843 1252 1913 δή
1289 1859 1375 1904 τις
1417 1841 1674 1895 ἐκπεσὼν
1732 1840 1834 1907 τῆς

253 1930 512 2000 τοιαύτης
538 1931 775 1999 ἐλπίδος,
810 1934 907 1987 καὶ
936 1933 1113 2005 βραχὺ
1143 1934 1422 2004 δακρύσας
1452 1932 1627 1999 ἔγνων
1656 1933 1842 1986 ὁποῖον

252 2023 394 2093 ἔρως
430 2022 625 2093 ἰσχύει,
662 2025 758 2077 καὶ
784 2025 869 2077 ὅτι
893 2024 1070 2095 πλάνη
1125 2041 1209 2087 τις
1239 2019 1309 2095 ἦν
1368 2021 1841 2093 παραμυθουμένη

251 2113 346 2164 τὸν
401 2111 662 2183 λογισμόν
685 2128 700 2146 ·
734 2114 811 2177 ὡς
839 2115 896 2168 δὲ
924 2114 1024 2184 τὴν
1051 2114 1347 2183 ἐπιστολὴν
1392 2113 1669 2177 ἀναλύσας
1690 2111 1847 2166 ἐσκό-

255 2220 412 2266 πουν,
437 2205 613 2276 ἥσθην
658 2205 914 2259 τοσοῦτον
950 2208 1026 2271 ὡς
1075 2208 1164 2261 ὅτε
1220 2207 1316 2260 τοῦ
1379 2206 1649 2277 παρόντος
1703 2203 1847 2258 ἑκὼν

255 2298 595 2369 ἀφιστάμην,
621 2298 695 2369 μὴ
715 2299 811 2352 καὶ
843 2300 1007 2353 πάλιν
1036 2300 1301 2363 πολλάκις
1329 2298 1521 2364 εἰπὼν,
1555 2299 1649 2352 καὶ
1671 2301 1699 2352 ὁ
1727 2298 1839 2353 τῶν

260 2388 564 2458 μελλόντων
591 2406 658 2461 με
687 2384 987 2459 κατέπειγε
1029 2391 1223 2455 πόθος,

491 2568 628 2623 KH'.
655 2570 935 2641 omnia.
986 2568 1183 2643 [Band.
1229 2568 1592 2642 eamme]

331 2657 435 2711 Τὸν
491 2657 808 2729 θαυμαστὸν
860 2662 1202 2731 Στρατήγιον
1259 2662 1354 2714 καὶ
1409 2660 1678 2733 πρότερον
1743 2659 1846 2731 ήδη

259 2751 450 2820 φιλῶν,
481 2753 574 2806 νῦν
599 2753 681 2808 ἔτι
712 2754 804 2807 καὶ
842 2753 1043 2820 μᾶλλον
1089 2753 1379 2824 ἠγάπησα,
1416 2753 1548 2806 διότι
1574 2751 1685 2805 τῶν
1708 2751 1850 2824 πρὸς

258 2843 522 2913 ἀλλήλους
551 2846 685 2912 ἡμῖν
724 2845 1071 2913 γραμμάτων
1123 2844 1367 2914 ὑπῆρξεν
1418 2843 1673 2907 ὑπόθεσις
1698 2859 1712 2874 ·
1744 2844 1846 2913 τὴν

259 2933 373 3000 γὰρ
433 2932 707 3003 προτέραν
763 2934 976 3001 σιωπὴν
1036 2934 1406 3003 μεταστήσας,
1440 2932 1677 2986 δέδωκεν
1704 2933 1836 3002 ἡμῖν

1935 471 2028 528 sed
2063 468 2213 542 quod
2242 471 2384 525 inter
2415 484 2540 530 nos,
2565 469 2779 538 opinor,
2811 484 2917 522 nou
2961 467 3139 522 minus
3168 468 3362 521 mirum
3389 474 3511 521 est:

1936 580 2075 618 unus
2106 564 2249 617 enim
2280 579 2385 618 non
2419 562 2631 626 volebat
2677 561 2859 615 adhuc
2892 561 3131 630 prodire,
3165 570 3220 614 tu
3247 573 3377 614 vero
3408 573 3513 613 non
3582 590 3587 595 ο

1937 657 2153 709 mittere
2180 654 2367 724 procul
2396 656 2593 707 absens
2625 653 2856 705 litteras.
3080 678 3091 697 ι

2351 742 2563 799 XXVII.
2593 741 3099 799 CONSTANTINO.

2009 837 2197 891 Adhuc
2243 839 2384 906 apud
2414 834 2594 891 Nilum
2632 835 2886 890 habitans
2918 835 3173 904 pulchras
3208 835 3306 888 bas
3337 834 3520 902 aercpi

1940 931 2183 984 litteras:
2217 931 2362 998 quod
2395 938 2575 982 autem
2612 929 2679 983 de
2715 927 2820 982 illis
2864 928 3086 989 accidit,
3129 941 3232 979 non
3272 927 3408 981 bene
3437 941 3523 979 es-

1939 1034 2022 1078 set
2049 1014 2271 1077 silentio
2309 1022 2591 1091 praeterire
2626 1039 2639 1075 :
2683 1030 2738 1074 ttt
2779 1020 2924 1073 enim
2960 1019 3091 1073 mibi
3140 1017 3357 1072 tradidit
3405 1017 3523 1070 illas

1939 1115 2028 1184 qui
2072 1114 2302 1179 ferebat,
2344 1122 2402 1167 et
2449 1110 2657 1167 addidit
2704 1111 2847 1166 unde
2881 1121 3085 1174 essent,
3115 1110 3393 1164 mesubiit
3427 1108 3525 1161 ali—

1940 1206 2063 1275 quis
2093 1204 2391 1258 amantium
2445 1202 2672 1258 aﬂ‘ectus
2704 1221 2717 1257 :
2759 1201 2941 1257 subito
2988 1201 3134 1255 enim
3169 1209 3366 1269 prmter
3403 1215 3521 1254 mo-

1941 1295 2072 1351 dum
2119 1295 2402 1360 aberrans,
2453 1292 2562 1362 iam
2597 1302 2648 1348 te
2674 1302 2731 1348 et
2763 1293 2955 1348 adesse
2990 1293 3119 1346 mibi
3167 1292 3389 1346 omnino
3428 1305 3526 1359 pu-

1944 1384 2126 1439 tabam
2164 1394 2263 1438 :et
2309 1383 2452 1446 ideo,
2487 1398 2520 1436 ο
2566 1382 2891 1437 cbarissime
2938 1381 3271 1444 mortalium,
3316 1380 3526 1447 inquiec

1942 1476 2064 1531 bam
2097 1489 2258 1543 quam
2312 1474 2509 1528 absens
2542 1473 2760 1527 nimiam
2791 1471 3065 1528 inferebas
3111 1470 3423 1525 tristitiam!
3471 1481 3526 1524 et

1944 1584 2086 1625 nunc
2115 1570 2180 1623 ad
2209 1578 2266 1624 te
2293 1568 2664 1623 desiderantes
2702 1565 2900 1621 venisti
2934 1583 2948 1621 :
2983 1566 3057 1619 ita
3086 1576 3139 1619 et
3164 1564 3361 1620 similia
3387 1579 3527 1630 Stlth

1944 1661 2232 1726 iterabant,
2282 1659 2641 1729 praesentibus
2690 1659 2768 1713 rei
2815 1659 3180 1726 suspicionem
3233 1657 3522 1726 przebens:

1943 1753 2074 1822 quid
2113 1751 2280 1821 igitur
2313 1750 2537 1819 pateris,
2581 1750 2836 1804 dicebant
2867 1749 2889 1803 ?
2924 1764 3031 1803 non
3076 1740 3220 1803 enim
3251 1756 3399 1801 certe
3429 1745 3527 1798 tibi

1944 1854 2000 1899 et
2048 1857 2286 1912 praesens
2341 1842 2442 1897 iste
2483 1841 2723 1896 occurrit
2765 1859 2779 1895 :
2831 1848 3013 1895 mente
3083 1847 3262 1893 autem
3316 1847 3528 1904 recepta

1947 1941 2174 1989 mmstus
2213 1934 2357 1987 evasi
2410 1941 2666 2000 tanquam
2720 1932 2919 2002 aliquis
2950 1946 2980 1986 c
3032 1938 3176 1985 tanta
3212 1945 3309 1999 spe
3343 1929 3528 1983 detur-

1947 2026 2122 2091 balus,
2148 2034 2203 2081 et
2242 2026 2422 2080 subito
2448 2024 2775 2096 lacrymans,
2806 2025 2999 2095 agnovi
3047 2032 3250 2093 quanta
3283 2023 3331 2075 vi
3370 2020 3531 2091 pulle’t

1947 2134 2119 2183 amor,
2165 2128 2372 2174 etesse
2428 2118 2828 2172 aberrationem
2884 2117 3173 2186 quamdam
3231 2130 3334 2184 qua
3394 2113 3533 2168 ratio

1947 2210 2202 2266 levatur:
2235 2224 2356 2264 cum
2407 2217 2588 2263 autem
2644 2207 2930 2276 epistulam
2978 2205 3192 2261 solvens
3221 2205 3530 2259 considera—

1947 2302 2092 2368 bam,
2142 2302 2440 2358 delectatus
2485 2317 2604 2357 sum
2647 2302 2870 2368 perinde
2903 2314 2965 2354 ac
3013 2299 3057 2354 si
3099 2313 3130 2353 a
3163 2306 3428 2368 praesente
3465 2295 3531 2347 li-

1948 2394 2082 2448 bens
2119 2394 2454 2457 recedet-em,
2486 2408 2644 2457 quem
2677 2400 2733 2445 et
2780 2393 2972 2445 iterum
3011 2406 3152 2458 saepe
3178 2406 3280 2443 nun
3308 2389 3529 2441 Γιιίεειιιιι

1950 2488 2248 2551 allocutus,-
2278 2495 2334 2542 et
2366 2484 2532 2541 futuri
2568 2500 2654 2539 me
2687 2483 3003 2540 sollicitavit
3037 2482 3388 2537 dcsiderimn.

2489 2575 2725 2632 XXVIII.
2760 2574 2981 2630 ULPIO.

2021 2669 2321 2726 Mirabilem
2372 2671 2691 2739 strategium
2722 2676 2777 2723 et
2806 2681 2965 2722 antea
2988 2666 3099 2734 jam
3142 2680 3354 2728 amans,
3390 2679 3533 2717 Illinc

1949 2775 2004 2820 et
2054 2763 2230 2818 adhuc
2274 2761 2445 2831 magis
2484 2760 2673 2829 diligo,
2734 2759 2858 2828 quia
2915 2758 3074 2811 nobis
3112 2756 3176 2808 ad
3217 2754 3459 2809 invicem
3499 2769 3527 2804 a

1951 2855 2148 2910 litteris
2175 2861 2362 2907 exorta
2389 2859 2474 2908 est
2505 2852 2722 2905 occasio
2758 2870 2770 2904 :
2812 2850 3044 2919 primum
3074 2848 3218 2901 enim
3250 2845 3535 2900 silentium

1952 2949 2278 3017 abrumpens
2342 2945 2557 2999 tradidit
2641 2943 2793 2997 nobis
2864 2942 3004 2995 viatn
3055 2940 3255 3008 aliquid
3305 2938 3397 2991 tibi
3451 2938 3533 2989 tli-

261 3026 439 3077 εὲπεῖν
468 3042 523 3077 τι
555 3024 693 3092 πρὸς
718 3024 807 3078 σέ·
836 3026 932 3079 καὶ
965 3025 1343 3096 φθεγγομένου
1372 3026 1536 3079 πάλιν
1574 3026 1836 3088 ἀκούσας.

1957 3037 2146 3095 cendi:
2190 3045 2246 3093 et
2278 3037 2591 3106 loquentem
2622 3035 2739 3090 vice
2781 3043 2869 3088 tua
2907 3030 3105 3085 audisti
3137 3048 3150 3084 :
3205 3031 3248 3084 si
3283 3044 3411 3083 vero
3439 3028 3543 3080 tibi

263 3117 410 3170 Είδὲ
437 3118 532 3170 καὶ
573 3116 657 3170 σοὶ
700 3117 825 3171 καθ’
877 3117 1071 3188 ἡδονὴν
1091 3117 1158 3171 τὰ
1212 3118 1458 3188 ἡμέτερα
1509 3117 1847 3188 γράμματα,

1953 3130 2210 3201 voluptati
2269 3129 2470 3184 fuerint
2515 3139 2713 3181 nostrm
2768 3126 2982 3189 litterae,
3018 3123 3365 3179 observantia
3418 3122 3537 3175 cole

262 3211 399 3276 τίμα
428 3209 487 3263 δὲ
525 3210 732 3263 τούτων
799 3209 898 3281 τὴν
943 3209 1143 3273 αἰτίαν,
1196 3210 1300 3280 ήδη
1353 3210 1451 3280 μὲν
1499 3210 1626 3279 ὑμῖν
1691 3210 1848 3280 χάριν

1957 3223 2167 3293 illarum
2202 3236 2448 3284 causam,
2492 3220 2602 3289 jam
2646 3218 2863 3289 quidem
2915 3218 3069 3271 vobis
3097 3205 3328 3295 gratiam
3374 3213 3537 3283 proli-

265 3300 631 3371 ὁμολογοῦντα
676 3303 774 3371 τῆς
829 3299 1210 3371 προλαϐούσης
1249 3301 1520 3371 σπουδῆς,
1553 3302 1757 3370 μᾶλλον
1794 3300 1853 3353 δὲ

264 3395 581 3466 κηρύξαντα
618 3397 720 3465 τὴν
776 3396 1188 3468 εύεργεσίαν,εί
1234 3398 1369 3466 πρὸς
1428 3396 1583 3458 τέλος
1636 3396 1853 3464 ἐνέγκοι

264 3491 369 3558 τὴν
423 3490 625 3559 χάριν·
682 3488 797 3542 ἀλλ’
852 3489 1117 3554 ἐπίδειξαι
1152 3507 1204 3542 τι
1248 3489 1497 3543 νεανικὸν
1551 3486 1694 3541 κατὰ
1742 3487 1854 3541 τῶν

265 3582 614 3646 ἀδικούντων,
662 3582 811 3644 ὅπως
840 3581 910 3635 ἂν
953 3581 1240 3635 αἴσθοιντο
1277 3583 1503 3648 πάντες,
1545 3582 1690 3644 οἴους
1745 3581 1855 3650 ἄρα

265 3676 395 3736 τοὺς
431 3672 619 3741 φίλους
648 3672 787 3743 ἔχων
816 3672 1138 3727 ἐλάνθανον·
1167 3673 1259 3725 τὸν
1283 3672 1339 3726 δὲ
1397 3672 1662 3741 ὑμέτερον
1711 3670 1857 3723 ἀδελ·

266 3765 373 3835 φὺν
430 3765 526 3817 καὶ
577 3765 706 3835 πρὶν
734 3766 833 3833 μὲν
881 3763 1012 3817 ἰδεῖν
1062 3765 1421 3834 ἠπιστάμην·
1450 3762 1716 3832 ἐγνώρισε
1744 3761 1856 3831 γάρ

270 3872 364 3926 μοι
393 3854 582 3908 τοῦτον
619 3854 879 3919 πολλάκις
909 3858 942 3926 ἡ
974 3857 1130 3926 φήμη
1156 3873 1170 3887 ·
1210 3856 1329 3910 νυνὶ
1362 3854 1420 3907 δὲ
1464 3855 1667 3923 μᾶλλον
1692 3852 1855 3906 ἐθαύ-

270 3960 421 4015 μασα
448 3946 516 4015 τῇ
544 3943 714 4017 πείρᾳ
758 3945 945 4016 μαθών
968 3962 983 3976 ·
1009 3945 1285 3999 καὶτοῦτο
1310 3945 1434 3997 ἰδών
1473 3961 1533 3997 σε
1564 3943 1633 3997 δι’
1663 3943 1855 4014 ἐτέρου

268 4035 523 4107 σώματος
586 4037 732 4108 ἔχειν
789 4037 1077 4109 ἡγούμην·
1106 4039 1201 4091 καὶ
1270 4037 1493 4108 μακρὰν
1556 4035 1736 4103 ἀπὼν,
1785 4036 1854 4089 δι’

263 4127 437 4199 ἄλλης
463 4130 599 4200 ἡμῖν
627 4129 836 4194 εἰκόνος
860 4130 1068 4193 ἐδόκεις
1100 4133 1382 4201 παρεῖναι.

829 4314 957 4370 κθο.
994 4316 1301 4387 ΣΩΣΙΑΝῼ.

1957 3325 2157 3371 tentem
2199 3312 2578 3386 praevenientis
2623 3310 2821 3377 studii,
2872 3309 3043 3378 magis
3087 3318 3265 3362 autem
3320 3321 3531 3360 autum-

1956 3408 2182 3463 tiantem
2227 3402 2665 3467 beneﬁcentiam,
2709 3401 2775 3454 ad
2818 3401 2978 3454 linem
3010 3399 3238 3469 gratiam
3284 3396 3541 3450 adductu-

1961 3515 2072 3554 ram
2099 3516 2114 3554 :
2145 3497 2238 3553 sed
2266 3494 2549 3551 ostendisti
2581 3492 2786 3563 aliquid
2825 3490 2964 3546 forte
2999 3502 3186 3545 contra
3219 3488 3541 3558 injustitiam

1957 3584 2383 3650 committentes,
2424 3590 2483 3635 ut
2513 3595 2705 3635 omnes
2740 3579 2943 3631 scirent
2973 3576 3163 3644 quales
3209 3575 3412 3629 inscius
3446 3573 3539 3626 ba-

1956 3676 2141 3733 berem
2189 3674 2434 3729 amicos:
2490 3678 2733 3726 vestrum
2785 3678 2964 3722 autem
3012 3665 3185 3719 fratre
3209 3683 3237 3715 ιι
3291 3673 3345 3718 ct
3384 3674 3540 3714 aute-

1957 3784 2121 3840 quam
2179 3768 2325 3823 hunc
2394 3765 2635 3820 viderem
2685 3761 3126 3829 cognoscebam:
3178 3756 3545 3810 manil'estmit

1957 3862 2102 3918 enim
2161 3859 2311 3915 illum
2361 3857 2495 3912 mibi
2546 3870 2688 3925 smpe
2732 3854 2914 3908 fama:
2967 3867 3109 3905 nunc
3157 3856 3337 3902 autem
3375 3848 3551 3915 magis

1959 3956 2129 4009 miror
2181 3968 2304 4007 cum
2351 3948 2685 4020 experientia
2729 3946 2851 4001 novi
2887 3962 2904 3998 :
2948 3959 3108 4015 quam
3143 3941 3332 3995 videns
3367 3951 3415 3991 te
3448 3956 3542 4005 pct-

1960 4047 2191 4101 alterum
2218 4056 2419 4113 corpus
2450 4040 2654 4095 habere
2692 4036 3100 4099 existimabam,
3146 4042 3201 4086 ct
3232 4044 3553 4099 quanquam

1958 4138 2117 4207 longe
2138 4135 2308 4200 absis,
2358 4132 2516 4189 nobis
2541 4131 2734 4186 adesse
2769 4143 2867 4198 per
2917 4125 3076 4181 aliam
3112 4123 3350 4196 speciem
3399 4121 3545 4174 vidc-

1960 4227 2130 4281 baris.

2480 4307 2675 4363 XXIX.
2713 4303 3026 4361 SOSIANO.

345 4406 593 4475 Ἔπρεπε
651 4406 797 4475 κάμὲ
851 4405 1178 4476 θαρροῦντα,
1212 4406 1427 4477 χαίρειν
1475 4408 1645 4458 αἰτεῖν
1694 4409 1846 4478 παρὰ

2025 4404 2356 4460 Decebatme
2377 4399 2739 4457 conﬁdentem
2763 4397 2993 4451 salutem
3025 4410 3053 4447 a
3078 4401 3131 4448 te
3161 4401 3344 4462 petere
3370 4409 3382 4445 :
3409 4401 3464 4444 ct
3496 4399 3549 4442 le

280 4498 400 4553 τοῦ·
433 4500 529 4552 καὶ
557 4499 617 4552 σὲ
636 4498 931 4571 προθύμως
960 4498 1162 4552 διδόναι
1191 4500 1524 4568 ἀμφοτέροις
1556 4498 1849 4570 ἁρμόττον,

280 4590 395 4660 ;μοὶ
412 4590 706 4661 μὲνλέγειν
725 4591 851 4644 ὅτου
877 4590 1012 4653 δέοι,
1044 4590 1126 4643 σοὶ
1154 4590 1210 4643 δὲ
1232 4591 1366 4660 πρὸς
1390 4590 1547 4660 λόγον
1575 4591 1851 4661 ἐκφέρειν·

282 4683 599 4751 ιῖτρατήγιος
633 4679 744 4749 γὰρ
774 4677 1076 4749 ἀπήγγειλέ
1104 4696 1193 4750 μοι
1214 4677 1486 4747 τοσαύτην
1511 4677 1665 4747 ὑμῶν
1695 4693 1855 4746 γεγε-

229 4801 241 4827 τ
283 4772 468 4843 ,θῆσθαι
497 4771 596 4842 τὴν
623 4775 704 4834 είς
736 4771 898 4824 αὑτὸν
922 4769 1255 4842 προθυμίαν,
1282 4769 1424 4823 ὥστε
1453 4769 1521 4823 τὰ
1549 4770 1642 4822 ὲτόί⁵
1663 4771 1746 4822 σοὶ
1763 4769 1855 4823 καὶ

272 4864 450 4932 πέρας
474 4862 600 4934 ἔσχε
637 4865 671 4934 ή
708 4863 831 4933 δίκη
858 4863 950 4916 καὶ
972 4862 1339 4932 νενικήκαμεν
1365 4878 1380 4892 ·
1407 4860 1525 4915 ἀλλ’
1557 4861 1706 4922 ὅπως
1764 4862 1858 4914 καὶ

278 4957 386 5018 τοῖς
432 4953 614 5027 ἔργοις
649 4956 862 5023 γένοιτο
894 4952 1090 5009 ταῦτα.
1122 4953 1391 5007 Τοσοῦτον
1420 4954 1525 5024 γὰρ
1558 4952 1745 5025 θαρρῶ
1772 4952 1860 5005 διὰ

273 5046 370 5099 σο)
391 5046 451 5098 τὸ
483 5044 659 5113 πέρας
712 5044 970 5111 ἐλπίζων,
1021 5045 1163 5098 ὥστε
1202 5047 1295 5097 καὶ
1343 5046 1452 5115 πρὸ
1488 5045 1711 5114 -τέλουί
1756 5045 1858 5115 ἤδη

274 5138 465 5206 λόγους
497 5136 667 5206 ζητῶ,
699 5136 768 5190 δι’
789 5130 864 5190 ὧν
887 5137 1213 5207 ὁμολογήσω
1250 5138 1349 5206 τὴν
1388 5138 1572 5208 χάριν.

549 5229 635 5280 Λ¹.
663 5226 945 5297 omnia.
990 5227 1190 5299 [BantL
1219 5227 1583 5300 onmno]

346 5316 555 5388 Πολλὴν
569 5320 703 5387 ἡμῖν
725 5318 868 5371 κατὰ
883 5318 977 5371 σοῦ
995 5319 1383 5389 μελετωμένην
1397 5320 1735 5389 κατηγορίαν
1782 5321 1862 5373 δι-

274 5409 496 5479 έφυγες·
516 5410 590 5473 ὡς
604 5413 713 5480 γὰρ
725 5404 899 5481 ἦκενδ
912 5412 1269 5482 Στρατήγιος,
1287 5410 1589 5481 γράμματα
1600 5411 1657 5463 δὲ
1674 5413 1772 5465 οὐκ
1789 5409 1866 5464 εἷ-

275 5502 649 5574 γεν,ὴρυθρία
680 5504 780 5574 μὲν
809 5505 942 5573 ἡμῖν
963 5505 1304 5572 προσελθεῖν.
1329 5504 1451 5567 Πῶς
1464 5505 1573 5575 γὰρ
1590 5505 1689 5558 οὐκ
1704 5505 1867 5575 ἔμελ-

278 5595 341 5649 λε
360 5611 378 5660 ς
398 5594 656 5660 πολλάκις
674 5596 731 5650 δὲ
752 5595 1082 5666 διαφεύγων,
1099 5597 1252 5668 μόλις
1277 5596 1419 5651 ἑάλω
1435 5613 1447 5623 ·
1476 5599 1570 5650 καὶ
1596 5597 1660 5667 δὴ
1682 5599 1869 5668 βδελυ-

281 5687 380 5756 ρὸν
398 5685 562 5741 αὐτὸν
592 5687 685 5743 καὶ
710 5688 850 5752 θεοῖς
874 5688 1068 5759 ἐχθρόν
1090 5689 1418 5753 ἀπεκάλουν,
1438 5690 1515 5742 ὅτι
1552 5689 1684 5759 πρὺς
1721 5691 1865 5760 ἡμᾶς

1958 4494 2249 4564 diligenter
2288 4490 2607 4547 incumbere
2659 4487 2879 4557 utrique
2922 4483 3202 4564 convenit,
3246 4483 3378 4537 mihi
3427 4485 3575 4550 quio‘

1960 4589 2080 4641 deut
2111 4585 2294 4639 dicere
2328 4582 2457 4653 qttid
2505 4581 2873 4636 necessarium
2911 4586 3078 4642 esset,
3130 4559 3226 4630 tibi
3276 4589 3400 4629 vero
3431 4590 3548 4629 scr-

1965 4692 2126 4732 mone
2153 4677 2375 4748 vulgare
2407 4674 2584 4744 quoad
2619 4683 2672 4727 te
2700 4691 2710 4724 :
2746 4670 3063 4740 Strategius
3100 4667 3249 4723 enim
3280 4667 3551 4721 nuntiavit

1962 4772 2097 4827 mihi
2152 4779 2357 4825 tantam
2406 4783 2438 4822 a
2478 4767 2633 4821 vobis
2677 4764 2988 4819 adhibitam
3038 4761 3206 4815 fuisse
3249 4758 3551 4815 festinatio-

1963 4878 2108 4926 nem,
2144 4871 2204 4916 ut
2250 4861 2318 4916 lis
2365 4859 2528 4914 finem
2583 4856 2836 4911 habuerit
2874 4864 2931 4908 et
2973 4844 3301 4908 vicerimus:
3349 4851 3443 4904 sed
3500 4860 3554 4904 ct

1965 4953 2199 5024 negotiis
2256 4952 2372 5006 haec
2413 4950 2671 5006 eveniant
2703 4965 2716 5002 :
2756 4956 2907 5002 tanta
2955 4944 3100 5000 cnim
3137 4943 3335 4997 ﬁducia
3373 4957 3468 5010 per
3503 4952 3553 4994 Ic

1963 5060 2127 5115 spero
2178 5043 2339 5097 finem
2372 5050 2433 5096 ut
2481 5048 2537 5096 ct
2587 5049 2711 5094 ante
2762 5040 2922 5094 linem
2954 5036 3064 5105 jam
3102 5032 3264 5088 verba
3312 5047 3550 5101 quaeram

1966 5136 2161 5210 quibus
2196 5135 2428 5206 gratiam
2453 5134 2770 5206 profitebor.

2542 5226 2713 5282 XXX.
2745 5224 2972 5283 ULPIO.

2039 5325 2203 5380 Multa
2236 5324 2463 5378 crimina
2502 5336 2623 5391 qua:
2668 5331 2854 5376 contra
2900 5333 2951 5375 te
2981 5320 3389 5375 intenderamus
3414 5316 3551 5370 elTu-

1965 5417 2095 5513 gisti
2134 5435 2147 5472 :
2180 5432 2303 5471 cum
2357 5415 2502 5470 enim
2555 5415 2700 5468 venit
2732 5413 3057 5483 Strategius,
3111 5412 3321 5465 litteras
3372 5421 3552 5462 autem

1974 5501 2080 5563 non
2138 5507 2386 5569 haberet,
2448 5504 2645 5559 rubore
2696 5503 2915 5571 quidem
2977 5502 3242 5571 superfusi
3298 5501 3552 5553 fuimus:

1971 5598 2242 5669 quomodo
2279 5597 2422 5650 enim
2458 5610 2562 5649 non
2590 5596 2659 5647 ita
2691 5595 2875 5650 esset?
2904 5610 3046 5663 saspe
3080 5604 3260 5648 autcm
3293 5593 3557 5661 effugiens

1976 5687 2192 5743 difficile
2235 5697 2425 5756 captus
2472 5697 2555 5741 est
2589 5700 2605 5738 :
2641 5695 2693 5740 et
2747 5686 3110 5751 impudentem
3157 5684 3327 5755 ipsum
3356 5692 3413 5736 et
3450 5680 3559 5739 diis
