4000 6314
499 276 640 344 2747
1789 294 2068 356 PROCOP

2175 298 2415 362 GAZzEI
2656 284 2659 285 ⁷
3028 283 3037 290 '
3611 314 3756 377 αγις

489 392 666 446 solum
713 404 926 461 semper
952 390 1306 462 loqueretur:
1351 397 1444 454 sed
1487 415 1584 456 uos
1617 417 1720 456 non
1759 420 1942 460 sumus
1979 415 2060 460 ta-

2174 406 2240 476 μὴ
2271 411 2502 466 τοιοῦτοι
2536 417 2718 484 κριταὶ
2745 415 2926 484 φιλίας
2953 421 3112 488 ἡμεῖς
3139 437 3152 448 ⁸
3189 419 3244 474 τί
3275 421 3384 492 γὰρ
3423 424 3627 480 κωλύει
3656 428 3753 482 καὶ

489 481 569 538 les
609 481 864 537 amicitia:
897 481 1112 552 judices
1149 504 1163 540 :
1193 487 1324 557 quid
1353 489 1495 544 enim
1533 493 1753 563 impedit
1801 512 1870 550 ne
1897 499 2063 554 silens

491 573 750 628 memoria
797 577 1002 630 amicos
1033 577 1252 632 videat?
1286 578 1439 646 Quod
1488 597 1630 637 nunc
1662 586 1817 640 nobis
1846 587 1984 644 inest
2007 599 2062 644 et

491 679 766 734 nunquam
794 669 1067 723 cessabit:
1099 670 1467 735 expendamus
1493 684 1672 730 autem
1707 679 1884 747 potius
1915 683 2060 749 quod

492 767 598 808 non
627 754 809 810 datum
832 766 918 811 est
945 757 1128 812 omnia
1173 759 1350 816 facere
1394 773 1450 817 ut
1473 765 1705 835 quisque
1731 767 1843 821 vult
1879 787 1892 822 :
1929 768 2062 824 foris

491 844 636 898 enim
677 845 1071 902 sollicitudines
1110 849 1233 904 vita:
1288 858 1343 905 et
1370 851 1535 908 l'uturi
1583 855 1910 912 incertitudo
1955 861 2061 912 ali-

489 935 706 1003 quando
733 937 926 992 rationi
969 941 1262 1008 praevalent
1295 961 1308 997 :
1344 959 1464 1012 quze
1491 947 1708 1015 quidem
1735 961 1938 1016 agunt;
1970 951 2058 1006 illa

491 1032 670 1078 autem
725 1025 988 1082 deliberat
1021 1037 1072 1082 ct
1104 1032 1500 1098 persuadetur:
1549 1036 1627 1089 sic
1667 1037 1820 1100 mibi,
1862 1041 2061 1110 quippe

493 1109 702 1166 discere
747 1116 1078 1182 supervenit,
1133 1121 1428 1174 certamina
1475 1125 1728 1178 continua
1756 1133 1811 1180 et
1839 1109 2061 1198 pr0pter

496 1197 608 1253 lucc
660 1201 1054 1260 sollicitudines
1089 1223 1118 1261 a
1151 1210 1414 1278 principio
1463 1229 1548 1270 me
1595 1216 1926 1284 invaserunt,
1961 1236 2058 1276 nec

496 1303 582 1344 me
633 1305 803 1359 usque
845 1294 912 1348 ad
951 1296 1081 1351 illud
1125 1309 1334 1367 tempus
1376 1303 1678 1374 reliquere:
1723 1323 1843 1377 qua!
1881 1311 2059 1378 potius

493 1381 774 1446 oportebat
816 1389 1097 1442 attendere
1131 1406 1290 1458 quant
1335 1396 1598 1462 suspicari
1651 1413 1718 1452 au
1765 1410 1820 1453 et
1869 1403 2060 1456 amici-

496 1471 582 1525 ti:e
615 1475 1066 1535 consuleremus:
1111 1492 1164 1535 et
1197 1500 1339 1538 nunc
1383 1485 1492 1551 jam
1543 1491 1892 1544 cessavimus.
1951 1493 2055 1548 Sed

492 1576 526 1613 ο
561 1560 786 1632 Jupiter,
818 1578 871 1621 et
900 1583 1114 1626 amores
1156 1583 1210 1628 et
1231 1591 1420 1632 omnes
1451 1580 1540 1648 qui
1577 1583 1831 1639 amicitia:
1866 1586 2056 1656 invigi-

497 1651 642 1714 latis,
699 1659 1018 1724 persuadete
1068 1677 1214 1719 meos
1243 1680 1590 1725 accusatores
1623 1690 1638 1726 :
1689 1690 1962 1744 nunquam
1991 1682 2056 1734 ad

491 1745 818 1801 oblivionem
856 1751 1092 1819 ipsorum
1127 1759 1369 1824 perveni,
1399 1761 1493 1814 sed
1525 1777 1644 1816 cum
1693 1767 1901 1821 ratione
1929 1784 2060 1822 cou-
2096 1749 2140 1808 Β

492 1835 702 1902 versor,
737 1853 790 1894 et
857 1845 1036 1899 dicere
1082 1846 1303 1918 aliquid,
1349 1859 1404 1906 et
1457 1853 1697 1912 dicentes
1747 1860 1935 1914 audire
1987 1862 2065 1915 vi-

493 1926 625 1979 dear
654 1945 671 1982 :
707 1939 758 1982 et
791 1931 862 1984 ita
891 1934 933 1985 si
967 1949 1059 1989 eos
1083 1937 1420 2006 ignoravere,
1449 1945 1758 2002 obliviscar.

496 2015 632 2070 XXX
649 2018 732 2073 Vl.
763 2021 1129 2082 ZACIIABl/E
1179 2028 1265 2084 ET
1297 2030 1612 2093 PHlLlPI’O
1643 2038 2062 2104 FRATRIBUS.

565 2109 778 2176 Qtlattto
812 2115 1082 2173 desiderio
1135 2121 1514 2190 laboraverim,
1548 2135 1821 2198 quomodo
1849 2151 2062 2202 possem

496 2201 660 2253 verba
706 2205 1032 2275 exprimere,
1073 2209 1174 2266 nisi
1219 2211 1358 2268 forte
1405 2217 1602 2273 similia
1639 2225 1788 2292 passi
1818 2201 2066 2283 fueritis?

495 2289 596 2355 Qui
633 2293 774 2348 enim
805 2312 997 2363 passus
1035 2311 1117 2357 est
1151 2305 1216 2357 ad
1247 2304 1602 2374 iudicandum
1634 2289 1804 2385 magis
1834 2328 1918 2374 est
1949 2322 2066 2376 ido-

495 2397 678 2438 neus:
731 2385 890 2443 talem
936 2403 1115 2448 autem
1161 2411 1282 2451 esse
1324 2414 1641 2468 persuasum
1685 2408 1880 2476 habeo,
1905 2423 1960 2468 et
1988 2413 2065 2470 le-

494 2490 614 2544 gem
665 2491 884 2534 servare
921 2483 1174 2541 amicitia:
1213 2489 1373 2546 simul
1404 2502 1460 2550 et
1488 2506 1696 2553 naturae
1727 2513 1793 2555 ex
1827 2501 1912 2558 bis
1945 2519 2068 2574 qua:

495 2568 736 2623 scribitis
767 2583 820 2627 et
862 2579 1100 2634 suadetis
1129 2583 1180 2637 in
1217 2586 1410 2641 vestris
1456 2588 1693 2648 litteris:
1729 2595 1858 2649 mibi
1884 2609 2064 2653 autem

496 2659 661 2727 igitur
709 2666 908 2732 pariter
959 2671 1220 2728 transfixo
1275 2677 1480 2743 dolore,
1537 2691 1593 2736 et
1638 2683 1841 2754 aliquid
1892 2689 2069 2747 simile

497 2766 639 2816 εει-νο
668 2754 847 2810 dicere
895 2761 1112 2818 accidit.
1164 2763 1378 2823 Utinam
1437 2786 1612 2827 essent
1645 2772 1878 2832 Perseus
1910 2791 1966 2834 et
1991 2783 2070 2836 vi-

495 2843 654 2898 derer
707 2861 972 2915 pennatus
1015 2869 1138 2910 aera
1172 2860 1442 2930 scindens,
1475 2871 1529 2918 et
1571 2881 1734 2937 super
1781 2887 1931 2926 mare
1959 2874 2070 2928 ela-

497 2944 604 2998 tus,
635 2947 692 2992 ιιι
731 2953 1051 3012 quocunque
1099 2950 1258 3006 modo
1301 2953 1472 3021 lieret,
1505 2960 1644 3026 apud
1677 2976 1771 3018 vos
1805 2978 1981 3019 essem
2015 2976 2069 3021 et

2172 501 2458 555 σιωπῶντα
2488 507 2552 575 τῇ
2591 508 2778 577 μνήμῃ
2809 510 2936 576 τοὺς
2983 511 3172 576 φίλους
3213 513 3377 584 ὁρᾷνς
3426 517 3570 586 ὅπερ
3618 519 3753 586 ἡμῖν

2170 590 2264 642 καὶ
2305 591 2400 644 νῦν
2432 595 2546 644 ἐστι
2581 596 2673 647 καὶ
2717 595 2915 652 οὔποτε
2947 598 3234 655 παύσεται.
3281 603 3647 670 Λογισώμεθα
3691 607 3752 659 δὲ

2171 681 2370 750 μᾶλλον
2413 681 2489 746 ὡς
2532 685 2594 738 οὐ
2639 686 2848 742 δέδοται
2895 690 3074 742 πάντα
3122 692 3385 760 πράττειν
3415 694 3490 756 ὡς
3516 695 3752 758 Exacto;

2169 771 2449 841 βούλεται’
2487 775 2688 840 ἔξωθεν
2717 777 2772 830 δὲ
2805 781 3088 848 φροντίδες
3116 782 3209 834 τοῦ
3243 783 3360 852 βίου
3404 785 3500 837 καὶ
3539 786 3603 837 τὸ
3647 786 3750 840 τοῦ

2171 866 2456 943 μέλλοντος
2503 868 2698 939 ἄδηλον
2743 872 3136 942 ἐπικρατοῦσιν
3178 874 3290 926 ἔσθ’
3321 875 3411 927 ὅτε
3457 875 3552 928 τού
3595 875 3754 944 λογι-

2169 957 2308 1026 σμοῦ
2327 973 2342 990 ο
2375 959 2466 1011 καὶ
2487 959 2556 1012 τὰ
2589 963 2686 1030 μὲν
2714 963 2869 1029 ἄγει,
2899 965 2926 1016 ό
2955 963 3011 1016 δὲ
3057 964 3301 1032 βουλεύει
3339 969 3434 1020 καὶ
3470 969 3752 1023 πείθεται.

2168 1047 2348 1118 Κάμοὶ
2375 1049 2572 1114 τοίνυν,
2606 1052 2792 1120 ἐπειδὴ
2820 1051 2912 1106 τοῦ
2947 1053 3218 1108 διδάσκειν
3261 1057 3464 1127 ἐπέϐην
3485 1098 3500 1121 ,
3529 1057 3754 1124 ἀγῶνές

2165 1156 2224 1192 τε
2257 1143 2519 1210 συνεχεῖς,
2559 1144 2652 1196 καὶ
2676 1145 2732 1196 αἱ
2761 1145 2887 1214 περὶ
2916 1146 3121 1198 τούτων
3150 1148 3429 1216 φροντίδες
3469 1149 3529 1212 ἐξ
3568 1148 3750 1218 ἀρχῆς

2167 1231 2455 1295 ἐπέθεντο,
2490 1241 2584 1286 καὶ
2617 1234 2777 1304 μέχρι
2817 1235 2912 1289 νῦν
2943 1239 3043 1290 οὐκ
3071 1237 3369 1292 ἀπέλιπον·
3402 1239 3576 1292 ταῦτα
3609 1239 3754 1307 μᾶλ-

2164 1319 2254 1375 λον
2283 1321 2453 1394 ἐχρῆν
2481 1323 2847 1396 ἐνθυμεῖσθαι,
2883 1327 2915 1396 ἢ
2955 1329 3046 1381 ἐπὶ
3075 1333 3289 1398 μικροῖς
3318 1330 3644 1384 ὑποπτεύειν
3666 1331 3754 1394 ὡς

2162 1409 2306 1485 ἦμεν
2331 1414 2524 1483 ἀγαθοί
2563 1433 2620 1468 τε
2657 1415 2793 1486 πρὸς
2818 1417 3000 1484 φιλίαν
3019 1433 3034 1448 ο
3070 1420 3163 1470 καὶ
3191 1419 3286 1471 νῦν
3320 1419 3419 1490 ἠδη
3450 1420 3753 1488 πεπαύμε-

2167 1502 2254 1557 θα.
2275 1503 2435 1570 Ἀλλ’,
2455 1497 2500 1556 ὦ
2517 1503 2646 1568 Ζεῦ,
2668 1507 2762 1559 καὶ
2777 1505 2998 1577 ἔρωτες.
3022 1510 3113 1561 καὶ
3136 1509 3250 1562 ὅσοι
3273 1511 3454 1578 φιλίας
3481 1511 3750 1576 ἐπόπται,

2165 1596 2403 1650 πείθοιτε
2433 1595 2558 1660 τοὺς
2585 1597 2754 1668 ἐμοὺς
2785 1600 3156 1670 κατηγόρους·
3181 1599 3376 1654 οὔποτε
3405 1603 3541 1672 πρὸς
3569 1603 3756 1672 λήθην

2167 1689 2346 1744 αὐτῶν
2374 1691 2673 1767 ἀφικόμην,
2701 1691 2836 1745 ἀλλὰ
2875 1692 3089 1760 σύνειμι
3111 1693 3190 1762 τῷ
3217 1695 3484 1764 λογισμῷ,
3507 1696 3604 1747 καὶ
3649 1694 3751 1747 λέ-

2167 1797 2282 1849 γειν
2307 1797 2358 1832 τι
2391 1780 2553 1845 δοκῶ,
2583 1783 2676 1835 καὶ
2701 1783 2966 1851 λεγόντων
3003 1784 3224 1838 ἀκούειν
3245 1801 3259 1818 ο
3289 1786 3382 1839 καὶ
3421 1785 3496 1848 ὡς
3527 1787 3575 1838 εἰ
3617 1785 3754 1838 τού-

2166 1888 2291 1936 τους
2325 1871 2524 1941 ἀγνοῶ,
2555 1875 2649 1926 καὶ
2675 1873 2915 1944 ἐμαυτοῦ
2949 1873 3300 1944 ἐπιλήσομαι.

2280 2044 2421 2118 Δεῖν.
2464 2045 2762 2120 ΖΛΧΑΡΙᾼ
2800 2049 2919 2102 ΚΑΙ
2954 2050 3234 2120 eumue
3272 2051 3614 2106 Αιελψοιε.

2239 2139 2388 2208 Ὄσῳ
2435 2138 2514 2210 τῷ
2565 2139 2694 2208 περὶ
2745 2139 2890 2208 ἡμᾶς
2938 2140 3284 2208 κεκράτημαι
3331 2141 3504 2210 πόθῳ,
3528 2141 3650 2206 πῶς
3677 2141 3753 2194 ἂν

2163 2230 2434 2300 δυναίμην
2465 2229 2820 2300 παραστῆσαι
2843 2228 2920 2300 τῷ
2944 2229 3107 2300 λόγῳ,
3136 2231 3274 2300 πλὴν
3312 2233 3359 2284 εί
3392 2233 3464 2302 μή
3494 2251 3598 2286 που
3631 2249 3754 2286 πει-

2170 2321 2443 2393 ραπλήσια
2480 2321 2775 2390 τυγχάνετε
2815 2321 3182 2386 πεπονθότεες
3227 2322 3285 2374 ὐ
3317 2324 3423 2392 γὰρ
3453 2325 3752 2390 πεπονθὼς

2167 2410 2233 2463 τὰ
2263 2409 2508 2480 περὶτοῦ
2537 2410 2744 2480 κρίνειν
2773 2412 3062 2464 ἐπίσταται
3082 2429 3096 2442 ·
3143 2413 3449 2483 πέπεισμαι
3475 2416 3529 2469 δὲ
3560 2415 3751 2470 τοιοῦ-

2165 2519 2256 2566 τος
2295 2500 2455 2564 εἶναι,
2489 2503 2582 2556 καὶ
2609 2502 2772 2571 νόμον
2811 2500 3094 2568 διασώζειν
3124 2503 3305 2571 φιλίας
3333 2505 3448 2574 ἅμα
3492 2509 3586 2560 καὶ
3633 2509 3752 2576 φύ-

2169 2611 2307 2656 σεως
2354 2593 2414 2658 ἐξ
2457 2585 2534 2646 ὧν
2580 2593 2676 2648 καὶ
2729 2591 2968 2663 γράφετε
3017 2597 3112 2648 καὶ
3161 2596 3573 2664 παραμυθεῖσθε
3629 2603 3752 2664 τοῖς

2167 2685 2488 2755 γράμμασιν
2509 2700 2523 2716 ο
2561 2686 2686 2753 ἐμοὶ
2713 2683 2757 2736 δ’
2787 2679 2880 2737 οὖν
2907 2685 3056 2754 ὅμως
3087 2688 3421 2756 ἡπορημένῳ
3449 2688 3528 2756 τῷ
3558 2690 3750 2754 πάθει,

2168 2773 2262 2826 καὶ
2292 2772 2531 2827 τοιοῦτόν
2555 2791 2606 2828 τι
2638 2774 2892 2838 πολλάκις
2915 2775 3146 2845 ἐπῆλθεν
3180 2778 3374 2830 εἰπεῖν·
3413 2780 3535 2832 Εἴθε
3565 2783 3716 2847 γενοε
3733 2814 3752 2822 -

2173 2876 2280 2929 μην
2315 2860 2556 2930 Περσεὺς
2603 2863 2697 2914 καὶ
2744 2863 2970 2932 φανείην
3001 2864 3309 2934 ὑπόπτερος
3334 2867 3424 2919 τὸν
3474 2869 3608 2937 ἀέρα
3647 2872 3750 2923 τέ-

2173 2969 2340 3022 μνων,
2365 2953 2456 3005 καὶ
2479 2953 2585 3007 ὑπὸ
2604 2955 2702 3024 τῆς
2724 2953 2999 3026 θαλάσσης
3021 2974 3086 3024 φε
3097 2959 3338 3028 ρόμενος,
3365 2961 3510 3024 ὅπως
3536 2963 3604 3016 ἂν
3626 2965 3753 3033 ἅμα

493 3041 681 3083 amore
729 3029 984 3091 fruerer:
1027 3050 1222 3107 praeter
1271 3055 1518 3101 naturam
1579 3053 1815 3119 quidem,
1846 3057 1940 3110 sed
1985 3068 2068 3113 est

2174 3061 2228 3096 τε
2260 3043 2413 3114 δοκῇ,
2447 3046 2540 3098 καὶ
2562 3045 2802 3116 γίνωμαι
2836 3049 2966 3116 παρ’
2991 3049 3120 3118 ὑμῖν
3167 3052 3262 3104 καὶ
3311 3053 3624 3124 ἀποναξμην
3647 3058 3753 3110 τοῦ

495 3119 827 3186 propositum
862 3138 1048 3181 eorum
1081 3129 1173 3197 qui
1209 3147 1311 3187 non
1339 3134 1479 3190 ultra
1500 3137 1814 3197 desiderant
1844 3148 2060 3201 errandi

495 3207 728 3264 t'aeiLter
773 3226 828 3268 et
871 3220 1170 3275 sentinandi
1224 3239 1342 3294 quze
1391 3226 1506 3282 ﬁeri
1557 3235 1802 3286 naturale
1857 3247 1935 3290 est
1968 3254 1985 3294 :
2017 3239 2062 3292 si

499 3312 622 3353 vero
645 3303 836 3358 iterum
877 3309 1005 3362 mihi
1039 3311 1264 3369 fabulari
1310 3319 1486 3384 detur,
1511 3321 1622 3388 jam
1647 3333 1704 3377 et
1734 3326 1897 3381 Abari
1922 3345 2066 3400 smpe

497 3393 662 3447 invidi
701 3395 954 3467 Scythico
979 3403 1194 3468 quidem
1222 3416 1277 3460 et
1305 3405 1566 3476 Barbare,
1597 3414 1732 3470 alias
1763 3427 1942 3474 autem
1974 3437 2065 3474 sa-

496 3481 664 3546 pienti
699 3494 752 3538 et
791 3487 836 3539 si
886 3487 1048 3546 libeat
1089 3491 1270 3551 felici:
1323 3500 1520 3570 quippe
1559 3507 1810 3574 sagittam
1859 3513 2066 3580 cogita-

496 3571 641 3626 tione
677 3575 997 3634 vvlociorem
1039 3583 1243 3642 habens
1265 3591 1404 3658 apud
1434 3606 1570 3660 quos
1601 3596 1812 3652 volebat
1839 3614 1900 3656 se
1929 3617 2066 3656 con-

499 3661 640 3716 lerre
686 3677 939 3734 poterat,
976 3681 1025 3726 et
1077 3674 1176 3730 viae
1210 3678 1544 3749 longitudine
1589 3687 1736 3744 nulla
1773 3693 2064 3748 contrista-

498 3754 656 3810 batur
684 3759 876 3816 Abaris
902 3779 916 3817 :
949 3764 1042 3819 sed
1073 3769 1202 3836 quid
1236 3784 1336 3839 ego
1360 3787 1480 3841 qua:
1527 3787 1654 3830 sunt
1689 3778 1842 3850 longe
1872 3795 2068 3850 praeter

500 3855 746 3904 naturam
789 3856 1014 3922 quam?
1042 3856 1225 3920 Solum
1255 3863 1409 3918 nobis
1437 3865 1813 3937 relinquuntur
1835 3875 1900 3926 ad
1933 3889 2061 3929 cou-

499 3932 812 3996 solationent
850 3944 1084 4002 litterae:
1136 3948 1370 4009 Perseus
1411 3968 1592 4010 autem
1632 3969 1682 4014 et
1717 3961 1912 4016 Abaris
1939 3980 2068 4034 poe-

499 4031 567 4084 tis
595 4037 963 4092 concedantur
994 4051 1048 4094 et
1077 4040 1296 4100 fabulis.

931 4131 1195 4191 XXXVII.
1241 4137 1628 4198 EPIPHANIO.

571 4214 627 4270 Si
662 4219 786 4274 dum
837 4221 1108 4294 loquimur
1149 4237 1312 4298 taces,
1360 4235 1558 4290 scribis
1598 4253 1726 4293 vero
1759 4241 1882 4294 dum
1924 4251 2068 4297 taee-

499 4323 642 4375 tuus,
679 4314 842 4370 timeo
869 4317 1136 4383 scribens,
1169 4337 1234 4375 ne
1274 4333 1526 4392 oporteat
1555 4330 1776 4384 omnino
1802 4340 1896 4385 aut
1921 4332 2068 4403 loqui

2171 3133 2372 3205 ἔρωτος
2393 3151 2405 3165 ·
2445 3136 2594 3205 παρά
2624 3137 2784 3204 φύσιν
2815 3137 2932 3208 μὲν,
2963 3139 3078 3191 ἀλλ’
3111 3141 3172 3192 ού
3218 3141 3406 3212 πόρρω
3433 3144 3755 3199 ποθούντων

2172 3227 2205 3294 ἠ
2235 3225 2428 3297 γνώμη
2473 3229 2778 3282 πλανᾶσθαί
2822 3247 2883 3283 τε
2925 3231 3124 3302 ῥᾳδίως
3172 3233 3268 3286 καὶ
3315 3234 3676 3306 ὀνειροπολεῖν
3715 3241 3758 3293 ἃ

2171 3317 2381 3386 πέφυκε
2430 3319 2713 3386 γίνεσθαι·
2759 3322 2808 3374 εί
2855 3322 2912 3374 δέ
2961 3339 3062 3393 μου
3115 3324 3274 3378 πάλιν
3323 3327 3758 3398 μυθολογοῦντος

2173 3409 2402 3481 ἀνάσχῃ,
2430 3411 2528 3482 1ἤδη
2565 3412 2657 3466 καὶ
2679 3413 2770 3466 τὸν
2793 3413 3026 3482 Ἀσαριν
3045 3414 3303 3479 πολλάκις
3329 3418 3598 3488 ἐζήλωσα,
3617 3422 3757 3476 Σκύο

2173 3502 2273 3571 θην
2309 3503 2406 3571 μὲν
2456 3502 2587 3556 ὅντα
2635 3504 2730 3557 καὶ
2771 3504 3072 3577 Βάρόαρον,
3105 3507 3268 3576 σοφὸν
3301 3507 3358 3561 δὲ
3384 3509 3580 3575 ἄλλως,
3609 3515 3658 3567 ει
3691 3515 3754 3568 δὲ

2173 3594 2368 3660 θέλεις,
2404 3594 2694 3665 εὐδαίμονα
2717 3612 2730 3626 ο
2763 3597 2844 3648 ὅτι
2868 3597 2960 3649 τὸν
2994 3598 3171 3650 ὀϊστὸν
3205 3598 3340 3668 ἔχων
3369 3601 3754 3671 ὑπηρετοῦντα

2171 3689 2236 3757 τῇ
2284 3685 2499 3758 γνώμῃ,
2532 3687 2660 3756 παρ’
2683 3685 2778 3750 οὒς
2804 3687 2992 3759 ἢθελεν
3021 3689 3216 3760 ἧγετο’
3263 3690 3356 3743 καὶ
3397 3692 3520 3745 ὁδοῦ
3571 3695 3754 3762 μῆκος

2172 3777 2324 3830 οὐδὲν
2356 3775 2662 3846 παρελύπει
2689 3777 2778 3829 τὸν
2803 3775 3032 3847 ΙἌϐαριν
3051 3791 3065 3802 ·
3094 3775 3228 3829 ἀλλά
3252 3778 3304 3829 τί
3341 3796 3432 3847 μοι
3466 3779 3536 3833 τὰ
3563 3782 3752 3851 πόῤῥω

2173 3868 2326 3938 παρὰ
2359 3869 2521 3937 φύσιν
2565 3867 2788 3936 ζητεῖν;
2825 3867 3002 3921 Μόνον
3038 3869 3170 3938 ἡμῖν
3199 3869 3445 3921 λείπεται
3476 3871 3616 3940 πρὸς
3647 3891 3754 3926 :2-

2175 3959 2450 4032 ραμυθίαν
2503 3957 2573 4012 τά
2623 3958 2954 4030 γράμματα·
2990 3959 3236 4030 Περσεὺς
3281 3959 3335 4011 δὲ
3383 3963 3481 4014 καὶ
3518 3962 3753 4030 Ἀϐαρις

2173 4053 2420 4121 ποιηταῖς
2445 4048 2680 4104 δεδόσθω
2705 4049 2796 4103 καὶ
2827 4049 3035 4119 μύθοις.
3195 4134 3207 4146 ι

2709 4143 2824 4195 ΑΖυ.
2858 4144 3198 4216 εῑιιψιικιῼ.

2244 4235 2306 4288 Ei
2339 4233 2642 4288 λαλούντων
2689 4235 2845 4304 ἡμῶν
2890 4236 3121 4306 σιωπᾷς,
3153 4235 3387 4304 γράψεις
3418 4235 3473 4288 δὲ
3505 4236 3748 4288 σιωπῶν.

2173 4343 2300 4390 των,
2325 4325 2534 4379 δέδοικα
2578 4326 2832 4396 γράφων,
2865 4325 2919 4378 εἴ
2961 4343 3026 4394 γε
3074 4325 3168 4397 δέῃ
3219 4327 3433 4389 πάντως
3485 4327 3518 4398 ἦ
3571 4327 3752 4381 λαλεῖν

499 4414 622 4452 cum
653 4405 839 4469 mutis,
878 4418 976 4460 aut
1003 4417 1248 4466 tacentes
1281 4414 1470 4470 audire
1496 4434 1509 4470 :
1539 4429 1592 4472 et
1619 4422 1835 4486 quidem
1862 4423 2068 4480 litteras

2174 4417 2432 4487 ἀφώνοις,
2476 4417 2508 4488 ἢ
2543 4416 2864 4480 σιωπῶντας
2908 4418 3162 4471 ἀκούειν·
3203 4419 3379 4472 καίτοι
3415 4436 3479 4487 γε
3532 4420 3596 4473 τὸ
3629 4423 3752 4473 ἐπι-

505 4492 743 4557 tuittere,
774 4505 832 4548 ιιι
873 4500 1127 4555 convenit
1178 4503 1454 4573 imaginati
1507 4517 1633 4562 sunt
1677 4510 1958 4577 homines,
2015 4524 2073 4568 ut

504 4581 816 4640 absentibus
847 4587 1134 4657 imaginem
1172 4605 1458 4650 servarent
1500 4601 1868 4667 praesentium,
1898 4612 1952 4657 et
1987 4604 2073 4658 di-

503 4683 694 4728 cerent
730 4676 780 4728 in
809 4677 1000 4733 litteris
1026 4681 1249 4749 perinde
1278 4698 1342 4740 ac
1375 4685 1418 4740 si
1455 4699 1946 4745 conversareutur:
1975 4708 2075 4760 ego

503 4774 683 4820 autem
709 4775 858 4823 tuaut
895 4771 1178 4839 epistolam
1224 4790 1642 4847 recognoscens,
1669 4796 1780 4850 pra:
1803 4782 2077 4853 voluptate

504 4857 647 4924 ﬂevi,
679 4869 734 4914 et
768 4872 821 4915 te
848 4874 1170 4930 praesentem
1214 4877 1276 4922 ut
1320 4884 1684 4927 consueveras
1723 4873 1945 4928 videbar
1983 4891 2078 4930 au-

502 4951 660 5018 dire;
707 4961 762 5008 et
803 4955 958 5010 dulce
1000 4958 1294 5026 suspirium
1355 4963 1576 5017 trabeas
1632 4963 1918 5020 dicebam:
1952 4965 2078 5022 Haec

501 5051 587 5098 est
650 5046 984 5102 amicissima
1042 5045 1189 5104 vox:
1232 5052 1328 5107 sed
1377 5053 1625 5109 obtestor
1683 5069 1780 5124 per
1835 5071 2076 5113 amorem

503 5136 678 5206 ipsum
729 5147 783 5194 et
820 5154 1004 5195 vocem
1034 5142 1195 5198 istam
1226 5143 1271 5198 si
1303 5143 1445 5199 illam
1473 5145 1670 5200 alicubi
1701 5147 1882 5202 adhuc
1913 5163 2079 5205 nove-

503 5231 580 5286 ris
615 5241 670 5285 et
701 5233 1016 5290 memineris
1045 5249 1113 5289 ne
1139 5235 1271 5291 ntibi
1308 5252 1340 5290 a
1375 5237 1570 5294 litteris
1600 5253 1884 5294 removeas
1905 5279 1921 5305 ,
1982 5257 2078 5295 ne-

503 5338 612 5392 que
659 5325 800 5379 hanc
821 5325 992 5382 solam
1048 5328 1472 5385 consolationem
1509 5330 1774 5400 eripueris
1809 5349 1824 5386 :
1858 5346 1926 5387 ne
1981 5349 2082 5388 un-

506 5429 666 5482 quam
706 5417 842 5471 lorte
873 5418 1140 5474 invideam
1181 5420 1246 5474 iis
1272 5420 1363 5490 qui
1392 5435 1567 5490 neque
1590 5435 1775 5476 amare
1799 5433 2078 5490 ceperunt,

509 5507 814 5578 quibusque
849 5526 956 5564 non
995 5512 1194 5566 accidit
1229 5511 1431 5566 similia
1467 5512 1738 5582 perpessis
1782 5512 2078 5578 ingemere.

513 5593 601 5649 XX
615 5594 798 5656 XVIII.
834 5597 1204 5656 ZACIIARIIE
1224 5599 1312 5654 ET
1333 5599 1646 5654 I’llILIPPO
1663 5600 2078 5658 FRATIKIBUS.

587 5688 763 5745 linunt
811 5695 1097 5760 quemdam
1142 5704 1301 5750 antea
1355 5693 1509 5752 vobis
1553 5695 1926 5752 commendavi
1985 5712 2082 5768 per

2175 4507 2434 4582 στέλλειν,
2472 4507 2546 4571 ὡς
2577 4509 2748 4573 εἰκὸς,
2779 4509 3196 4579 ἐμηχανήσαντο
3245 4509 3520 4580 ἄνθρωποι
3544 4552 3559 4574 ,
3606 4512 3751 4575 ὅπως

2172 4603 2283 4664 τοῖς
2307 4601 2538 4653 ἀποῦσιν
2565 4601 2792 4672 μίμημα
2819 4601 3042 4664 σώζοιεν
3073 4601 3354 4670 παρόντων
3375 4617 3390 4631 ·
3419 4601 3516 4654 καὶ
3542 4602 3751 4670 λέγοιεν

2174 4692 2234 4743 ἐν
2281 4693 2389 4752 τοῖς
2421 4691 2766 4761 γράμμασιν,
2797 4690 2985 4760 ὥσπερ
3014 4691 3079 4744 ἀν
3113 4692 3162 4743 εἰ
3194 4693 3289 4744 καὶ
3327 4693 3580 4756 συνόντες
3628 4689 3746 4748 ὦσι.

2187 4782 2328 4851 Ἐγὼ
2359 4783 2416 4835 δέ
2449 4797 2542 4836 σου
2571 4782 2669 4853 τὴν
2692 4781 2981 4852 επιστολὴν
3011 4783 3298 4850 ἀναγνοὺς,
3327 4782 3417 4852 ὑφ’
3437 4784 3636 4852 ἡδονῆς
3661 4783 3748 4836 καὶ

2175 4873 2469 4944 ἐδάκρυσα,
2503 4873 2598 4928 καὶ
2641 4873 2734 4926 σοῦ
2765 4873 3032 4944 παρόντος
3071 4873 3260 4944 ὥσπερ
3293 4873 3506 4934 εἱώθεις
3539 4875 3748 4927 ἐδόκουν

2175 4966 2394 5022 ἀκούειν
2413 4984 2426 4997 ·
2463 4967 2556 5020 καὶ
2605 4966 2700 5037 ἡδύ
2729 4984 2780 5020 τι
2799 4967 3034 5030 πνεύσας
3065 4968 3224 5020 τοῦτο
3252 4962 3429 5029 εἶπον,
3471 4969 3687 5038 Ἐκεξνη
3717 4970 3746 5036 ἡ
3802 5044 3808 5050 ο

2178 5060 2404 5130 φιλτάτη
2441 5060 2612 5130 φωνή.
2631 5057 2772 5110 Ἀλλ’
2792 5053 2838 5111 ὦ
2864 5059 2996 5129 πρὸς
3030 5059 3232 5125 ἔρωτος
3251 5058 3416 5112 αὑτοῦ
3447 5061 3542 5113 καὶ
3573 5061 3744 5128 φωνῆς

2177 5151 2412 5220 ἐκείνης,
2450 5150 2503 5204 εῐ
2531 5167 2632 5202 που
2677 5149 2884 5220 ταύτην
2914 5149 2991 5202 ἔτι
3023 5145 3182 5202 οἶσθα
3213 5149 3308 5201 καὶ
3339 5151 3641 5219 μέμνησαι,
3677 5151 3741 5216 μή

2181 5259 2273 5313 μοι
2301 5244 2412 5304 τοῖς
2432 5241 2752 5311 γράμμασιν
2771 5239 3059 5308 ἀποδήμει,
3081 5239 3215 5308 μηδὲ
3237 5237 3334 5308 τὴν
3361 5241 3532 5308 μόνην
3553 5240 3746 5306 ἀφέλῃς

2179 5329 2559 5401 παραμυθίαν·
2595 5329 2668 5398 μή
2701 5345 2835 5380 ποτε
2863 5331 3004 5397 τάχα
3049 5325 3280 5396 ζηλὼσω
3320 5327 3451 5390 τοὺς
3490 5329 3621 5397 μηδὲ
3653 5327 3745 5395 τὴν

2179 5421 2354 5492 ἀρχὴν
2387 5420 2648 5490 ἐρῶντας,
2685 5418 2779 5482 οὓς
2811 5419 2946 5489 μηδὲ
2981 5417 3271 5487 συμϐαίνει
3296 5420 3522 5470 τοιαῦτα
3556 5420 3746 5470 παθοιμ

2179 5529 2277 5576 τας
2313 5511 2621 5582 ὀδύρεσθαι.

2301 5603 2429 5654 All'.
2471 5600 2770 5670 ΖΛΧΑΡΙᾼ
2809 5601 2926 5652 ΚΑΙ
2965 5601 3249 5672 ΦΙΛΙΠΠῼ
3285 5601 3634 5654 ΑΔΕΛΦῦΙΣ.

2252 5693 2356 5748 Τὸν
2383 5693 2526 5749 δεῖνα
2557 5692 2768 5758 φθάσας
2809 5694 2936 5763 ύμῖν
2981 5691 3286 5764 συνέστησα
3313 5691 3403 5746 διὰ
3429 5691 3528 5763 τῆς
3556 5688 3744 5759 προτέο
