4000 6314
89 351 237 419 2749

1531 351 1938 413 ΕΡΙΞΤΟΙᾸΕ.

3208 339 3354 403 2¹ῗ50

77 485 182 540 ρας
210 464 533 533 ἐπιστολῆςο
567 464 669 517 οὐκ
699 465 778 528 εἰς
823 462 1049 536 ἀκριϐὲς
1077 465 1285 516 ἐκεῖνον
1314 462 1468 527 εἰδὼς
1492 504 1506 525 ,
1539 465 1657 517 ἀλλ⁴

1775 466 2005 533 primam
2049 461 2331 533 epistolam
2370 474 2385 513 :
2424 474 2528 513 non
2578 457 2739 512 istum
2788 469 3043 514 accurate
3095 474 3351 514 noscens.

74 559 138 623 ἐξ
181 551 256 612 ὧν
285 555 582 610 ἐπλάττετο
601 595 616 618 ,
647 553 841 607 τοῦτον
870 552 1176 624 ἡγούμενος
1227 552 1364 623 ὅπερ
1411 552 1512 605 ούκ
1555 547 1625 623 ἦν
1649 570 1663 583 ο

74 649 337 704 ἐλάνθανε
379 648 508 717 γὰρ,
540 646 892 716 προσχήματι
926 645 1026 713 μὲν
1075 642 1258 706 καλῶς
1302 642 1664 714 κεχρημένος.

70 739 153 795 ὢν
181 739 241 795 δέ
276 739 520 802 τοιοῦτος
569 731 684 791 οἷον
738 735 995 802 ὑπέδειξε
1037 734 1229 789 τοῦτον
1256 735 1291 806 ἠ
1324 733 1668 806 πεῖρα.’Δπδ

69 832 184 902 γὰρ
210 830 310 901 τῆς
340 829 590 894 Γαζαίων
610 828 957 898 ὁρμώμενος,
982 826 1077 880 καὶ
1107 825 1316 896 μέλλων
1340 825 1663 893 ἀνάγεσθαι,

69 920 307 975 κατέλυε
340 921 437 991 μὲν
469 919 622 990 παρά
650 935 760 972 τινι
788 917 899 971 τῶν
926 917 1271 987 ἐπιτηδείων,
1304 914 1494 988 ὥσπερ
1520 916 1664 981 εἰκός

67 1014 216 1079 ἐστι,
240 1011 404 1082 μέχρι
426 1010 855 1081 πλοῦςγένηταιν
882 1007 1193 1072 πιστευθεὶς
1211 1008 1266 1061 δέ
1288 1009 1438 1079 νόμῳ
1459 1007 1662 1078 φιλίας,

66 1107 166 1157 καὶ
193 1102 331 1174 πρὸς
361 1103 586 1166 πολλαῖς
613 1104 829 1173 ἑτέραις
872 1102 970 1155 καὶ
1016 1099 1222 1172 ταύτην
1268 1101 1430 1171 χάριν
1460 1101 1662 1166 λαϐὼν,

62 1192 169 1247 τοῦ
199 1193 601 1265 ὑποδεξαμένου
647 1192 876 1263 διώρυξε
920 1191 1021 1262 τὴν
1052 1192 1231 1245 οἰκίαν
1251 1207 1267 1222 ο
1300 1192 1399 1244 καὶ
1444 1185 1518 1244 ὧν
1552 1187 1665 1261 εἶχε

62 1287 373 1357 χρημάτων
419 1285 608 1340 τοῦτον
655 1285 973 1355 ἐγύμνωσε·
1002 1283 1098 1337 καὶ
1128 1284 1218 1338 ἵνα
1261 1283 1400 1355 λάθῃ
1449 1284 1518 1336 τὰ
1562 1283 1666 1351 τῆς

62 1380 328 1449 ὑποψίας,
364 1378 513 1442 κλεὶς
547 1378 648 1448 μὲν
673 1373 741 1448 ἦν
772 1376 920 1448 αὐτῷ
949 1377 1087 1448 πρὸς
1116 1376 1215 1447 τὴν
1249 1375 1544 1446 ἐπιϐουλὴν
1572 1376 1665 1427 εύ-

58 1471 313 1542 τρεπής·
342 1469 515 1541 ταύτῃ
550 1470 607 1522 δὲ
634 1470 930 1535 διανοίξας,
974 1470 1070 1522 καὶ
1103 1468 1249 1537 ἅπερ
1283 1462 1409 1537 εὗρε
1456 1465 1660 1532 λαϐὼν,

57 1562 235 1616 πάλιν
263 1560 342 1632 τῷ
369 1560 610 1631 κιϐωτίῳ
641 1560 705 1613 τὸ
735 1560 967 1614 παλαιὸν
992 1557 1232 1628 ἐπέθηκε
1260 1557 1451 1627 σχῆμα
1470 1572 1483 1585 ·
1512 1555 1586 1618 ὡς
1607 1555 1665 1608 δὲ

62 1653 227 1723 μόλις
261 1651 429 1715 αὐτὸς
462 1651 676 1721 ἀνήχθη
696 1691 710 1716 ,
744 1650 840 1703 καὶ
887 1648 1025 1719 πρὸς
1053 1646 1124 1701 τὰ
1155 1645 1417 1699 δοκοῦντα
1448 1644 1663 1697 κεῖσθαι

55 1745 229 1816 χρεία
275 1743 384 1798 τῶν
435 1743 733 1814 κτημάτων
760 1741 967 1805 ἐκάλει,
1001 1737 1131 1811 ἦλθε
1181 1738 1243 1791 τὸ
1291 1739 1476 1808 δρᾶμα
1528 1735 1664 1806 πρὸς

56 1838 313 1906 ἔλεγχον,
343 1836 439 1889 καὶ
469 1838 581 1898 τοῖς
607 1834 930 1906 τεκμηρίοις
962 1832 1263 1899 ἀντιλέγειν
1290 1831 1389 1883 οὐκ
1417 1825 1484 1899 ἦν
1503 1844 1517 1860 ·
1550 1845 1664 1881 τοι-

56 1927 245 1981 ούτων
288 1926 384 1980 καὶ
434 1925 716 1988 Μενέλαος
758 1924 869 1978 τῶν
918 1924 1109 1990 ξενίων
1151 1921 1486 1993 ἀπήλαυσεν,
1536 1920 1664 1974 ἀντ’

55 2018 307 2088 ἀμοιϐῆς
366 2035 513 2082 τινος
566 2018 667 2087 τὴν
727 2017 949 2087 Ἑλένην
999 2015 1385 2086 ἀφῃρημένοςο
1437 2011 1662 2065 τοιαῦτα

53 2110 301 2180 γράφειν
349 2108 590 2179 ἐπήρθη,
618 2108 706 2161 ἵνα
735 2106 810 2177 μὴ
838 2107 907 2159 δι’
938 2106 1092 2175 ὑμῶν
1123 2103 1470 2167 πιστευθεὶς,
1498 2101 1660 2170 ’ἐτερα

52 2197 288 2253 τοιαῦτα
324 2196 415 2249 τὸν
440 2196 811 2249 πιστεύσαντα
842 2195 1019 2266 δράσῃ
1044 2213 1057 2226 ·
1108 2194 1203 2246 καὶ
1240 2191 1516 2263 μέμψεται
1563 2191 1660 2260 μὲν

55 2290 210 2360 ὑμᾶς
244 2290 273 2343 ὁ
304 2286 516 2353 παθὼν,
542 2287 642 2359 ἐμὲ
678 2287 736 2342 δὲ
765 2289 985 2349 πάντως
1019 2289 1198 2357 ὑμεῖς.

570 2467 695 2522 Λοι.
737 2465 1181 2534 saltuosam}

129 2565 441 2635 Δεξάμενος
485 2562 544 2616 τὸ
596 2560 819 2632 βιϐλίον,
854 2559 983 2628 ὑμῖν
1017 2558 1114 2628 μὲν
1148 2558 1310 2627 χάριν
1342 2554 1657 2625 ὡμολόγουν

53 2660 314 2722 εἰκότως,
345 2655 570 2727 ἐμαυτῷ
610 2654 668 2707 δέ
717 2650 1126 2722 συνηδόμην.εί
1186 2647 1461 2709 τοιούτους
1512 2648 1657 2716 ὑμᾶς

52 2752 224 2814 εντας
252 2748 390 2820 πρὸς
416 2747 600 2817 φιλίαν
625 2744 900 2814 εὐτύχησα
919 2759 935 2774 θ
970 2743 1063 2795 καὶ
1095 2742 1169 2811 μή
1204 2757 1271 2806 με
1299 2739 1541 2810 βαλλέτω
1572 2738 1655 2792 λί-

50 2839 132 2906 Θῳ
176 2840 375 2911 τραχεῖ
401 2839 430 2891 ὀ
453 2836 671 2907 φθόνος,
695 2834 770 2898 ὡς
808 2834 884 2903 τῷ
925 2831 1175 2903 Πινδάρῳ
1198 2832 1347 2884 δοκεί
1367 2847 1382 2863 ·
1406 2832 1659 2902 ηὐχόμην

53 2935 111 2989 δὲ
148 2934 249 2988 καί
274 2937 343 3004 τῇ
374 2933 534 3005 τύχῃ,
566 2931 829 2986 δύνασθαί
868 2931 935 3000 μέ
986 2946 1116 2983 ποτε
1168 2929 1486 2998 πρέπουσαν
1530 2926 1658 2995 ὑμῖν

54 3026 458 3083 ἀνταποδοῦναι
482 3027 579 3095 τὴν
603 3026 765 3095 χάριν
787 3041 799 3054 ·
837 3027 869 3094 ἡ
895 3024 952 3076 δέ
979 3022 1189 3094 ταχέως
1209 3022 1394 3075 δίδωσι
1416 3019 1507 3073 τὸν
1531 3036 1660 3072 και-

58 3121 176 3193 ρὶν,
211 3116 327 3173 οἷον
360 3118 425 3172 σύ
454 3136 513 3171 τε
543 3117 786 3184 ἐϐούλου,
813 3115 970 3183 κάγὼ
1001 3116 1168 3169 πάλαι
1198 3113 1399 3185 ζητῶν,
1435 3109 1529 3164 νῦν
1559 3111 1657 3180 μὸ-
1684 3140 1726 3194 C

55 3213 142 3275 λις
178 3212 511 3280 ἐτύγχανον·
545 3209 635 3261 τὸν
666 3207 775 3278 γὰρ
800 3207 995 3277 ἔχοντα
1026 3206 1126 3277 τὴν
1155 3203 1385 3258 καθόλου
1416 3203 1654 3256 πέπεικα

52 3300 221 3355 τοῦτό
250 3316 336 3353 σοι
369 3299 533 3369 μέρος
563 3298 883 3363 ἀποδὸσἹαι,
915 3292 978 3351 οὗ
1009 3299 1101 3349 καὶ
1129 3295 1419 3364 τυγχάνεις
1458 3294 1652 3363 δεόμε-

50 3407 146 3456 νος
173 3410 187 3424 ·
227 3396 279 3445 εἰ
317 3391 416 3460 μὲν
443 3386 534 3444 οὖν
566 3389 727 3460 ἔλθῃς
753 3389 827 3453 ὡς
854 3390 1000 3459 ἡμᾶς
1020 3429 1034 3451 ,
1073 3387 1268 3440 θᾶττον
1302 3387 1367 3440 ἂν
1393 3385 1565 3455 λάϐῃς
1596 3384 1656 3437 τὸ

58 3483 254 3549 κτῆμα
289 3480 438 3552 παρὰ
472 3479 573 3549 τῆς
600 3479 788 3547 τιμῆς,
822 3477 892 3531 τὰ
929 3478 1028 3547 μὲν
1077 3478 1292 3539 πείσας,
1324 3475 1394 3528 τὰ
1432 3475 1488 3527 δὲ
1538 3490 1658 3526 πει-

58 3573 235 3634 σθεὶς,
264 3571 345 3645 ὡς
371 3574 399 3624 ὁ
423 3570 525 3639 τῆς
564 3569 835 3640 ἐμπορίας
870 3568 1120 3639 βούλεται
1153 3567 1315 3636 νόμος
1338 3581 1352 3596 ·
1391 3567 1438 3617 εί
1466 3564 1521 3618 δὲ
1558 3564 1654 3633 μὴ,

57 3663 226 3725 αὐτὸς
257 3662 381 3731 ἥξει
411 3661 546 3733 πρὸς
590 3662 650 3714 σὲ
686 3661 883 3733 καιροῦ
914 3660 1227 3723 καλοῦντος,
1253 3659 1328 3722 ὡς
1374 3659 1507 3728 ἡμῖν
1554 3657 1654 3708 ἐπ-

55 3753 386 3825 ηγγείλατο.
824 3744 828 3747 ’

631 3935 724 3989 M'.
774 3934 1088 4005 ΣΟΣΙΑΝῼ.

144 4028 208 4082 ’0
235 4025 544 4096 θαυμάσιος
589 4024 841 4092 ’Λλφαῖος
865 4022 1168 4094 ἀπήγγειλέ
1202 4038 1314 4091 μοι,
1335 4018 1578 4073 τοιοῦτόν
1599 4037 1656 4072 σε

58 4121 195 4190 περὶ
229 4119 395 4172 αὑτὸν
420 4114 769 4186 γεγενῆσθαι,
791 4109 903 4168 οἷον
927 4115 1090 4178 αὐτὸς
1122 4113 1222 4183 μὲν
1246 4112 1522 4165 ἐϐούλετοο
1544 4112 1657 4179 ἐγὼ

54 4214 113 4267 δὲ
145 4211 346 4265 τοῦτον
378 4209 618 4272 ἀκούσας
645 4209 821 4280 ἥσθην
860 4209 961 4279 μὲν
1008 4208 1027 4278 (
1052 4208 1167 4271 πῶς
1198 4207 1307 4278 γὰρ
1355 4207 1455 4260 οὐκ
1498 4205 1656 4275 ἐμελ-

57 4308 150 4356 λον
172 4302 238 4373 ;)’
272 4302 334 4355 οὐ
369 4300 460 4371 μὴπ
492 4301 592 4371 ἤδη
629 4312 720 4371 μοι
751 4301 845 4355 καὶ
862 4300 1174 4368 Θαυμαστὸν
1209 4300 1383 4352 ἐδόκει
1421 4299 1482 4350 τὸ
1509 4299 1643 4367 πρᾶο

57 4407 215 4462 γμαο
257 4392 308 4445 εί
356 4391 414 4444 δὲ
463 4390 678 4461 βούλει,
721 4391 819 4444 καὶ
862 4389 1153 4460 προλαϐὼν
1194 4389 1498 4459 διηγούμην
1543 4384 1653 4450 οἷος

1769 558 1863 610 scd
1894 555 2059 610 exiis
2104 569 2225 621 quae
2253 551 2568 614 simulabat,
2618 550 2765 604 illmn
2810 559 3007 619 putans
3040 564 3162 605 esse
3206 548 3350 618 quod

1771 664 1876 702 non
1912 657 2027 702 erat
2065 667 2079 702 :
2112 645 2318 701 latebat
2370 647 2539 708 enim,
2571 642 2751 710 specie
2784 642 3002 711 quidem
3022 641 3184 728 .l’alsa
3220 643 3357 695 bene

1770 755 1920 801 usus,
1953 738 2075 793 talis
2114 751 2294 792 alitem
2333 736 2551 807 qualem
2590 735 2743 787 illum
2772 732 3041 802 perhibuit
3070 732 3356 801 experien-

1772 831 1864 885 tia.
1917 830 2065 886 Gaza
2117 833 2260 885 enim
2305 845 2579 901 egressus,
2638 829 2783 879 unde
2831 824 3181 892 erpellendns
3211 833 3352 886 erat,

1769 922 1909 988 apud
1966 921 2254 989 quemdam
2306 934 2371 973 ex
2424 917 2615 973 amicis
2675 910 2979 968 diwrsatus
3025 924 3129 978 est,
3183 928 3356 982 usque

1769 1013 1893 1064 dum
1924 1021 1981 1064 ut
2011 1026 2224 1079 :rquum
2267 1018 2371 1075 est,
2413 1011 2566 1063 ﬂeret
2622 1007 2892 1087 navigatio
2927 1024 2940 1060 :
2985 1007 3225 1061 conlisus
3253 1021 3350 1059 au-

1768 1115 1874 1160 tem
1909 1106 2025 1176 lege
2051 1107 2305 1160 amicitia!
2335 1114 2390 1160 et
2425 1115 2617 1174 przcter
2656 1104 2850 1157 inultas
2886 1105 3023 1158 alias
3046 1103 3146 1156 hac
3179 1102 3354 1172 gratia

1769 1209 2017 1264 acri-pta,
2053 1195 2173 1265 eius
2193 1196 2283 1264 qui
2322 1213 2447 1251 eum
2477 1206 2752 1263 receperat
2786 1196 3082 1265 perforavit
3110 1195 3350 1257 domum,

1767 1297 1822 1342 et
1846 1287 2056 1342 divitiis
2089 1302 2225 1356 quas
2270 1287 2503 1341 habebat
2555 1287 2702 1339 illum
2757 1288 3001 1356 Spoliavit
3040 1305 3053 1341 :
3089 1297 3142 1339 et
3185 1301 3252 1340 ne
3296 1286 3353 1338 iu

1769 1379 2135 1444 suspicionem
2191 1380 2497 1442 incideret,
2548 1386 2667 1433 erat
2717 1379 2817 1448 ipsi
2879 1379 3050 1432 clavis
3086 1380 3151 1430 ad
3200 1378 3356 1430 dolos

1769 1470 2029 1523 instructa
2068 1486 2082 1523 :
2118 1485 2243 1523 cum
2295 1469 2439 1522 illius
2487 1483 2588 1536 0pc
2637 1470 2886 1536 aperiens
2917 1509 2930 1535 ,
2984 1484 3102 1537 quae
3152 1470 3354 1521 iuva-cit

1768 1560 2029 1628 cepisset,
2062 1572 2252 1612 rursus
2288 1557 2528 1611 arculam
2559 1558 2611 1611 in
2655 1558 2883 1626 pristino
2917 1570 3060 1611 statu
3087 1560 3351 1626 reposuit.

1773 1649 1867 1702 Vix
1905 1659 2087 1704 autem
2113 1650 2228 1718 ipse
2265 1649 2383 1703 vela
2413 1649 2567 1713 fecit,
2593 1659 2647 1704 et
2676 1651 2744 1703 ad
2776 1666 2837 1704 ea
2883 1666 3001 1717 qua:
3027 1649 3355 1703 videbantur

1761 1741 1946 1812 jacere
1982 1758 2110 1795 usus
2155 1757 2318 1810 opum
2373 1741 2584 1809 impulit
2620 1751 2781 1811 atque
2840 1742 3040 1795 factum
3099 1742 3243 1793 venit
3286 1742 3352 1792 ad

1767 1830 2154 1899 cognitionem,
2213 1831 2342 1900 quin
2401 1833 2733 1900 roujccturis
2780 1833 3154 1887 contradicere
3184 1832 3354 1899 possi-

1767 1906 1872 1975 bile
1908 1931 2095 1977 esset:
2127 1923 2248 1976 talia
2281 1931 2335 1977 et
2362 1924 2429 1977 ab
2468 1924 2678 1992 hospite
2706 1941 2922 1977 uulnera
2959 1927 3197 1993 percepit
3229 1926 3347 1977 Me-

1767 2015 1953 2068 nelaus
1981 2053 1996 2077 ,
2034 2030 2155 2068 cum
2211 2029 2307 2083 pro
2364 2016 2596 2084 quadam
2631 2016 2929 2070 oﬂii-iorum
2982 2017 3352 2070 vicissitudine

1766 2116 1921 2173 rapta
1959 2106 2057 2160 fuit
2091 2104 2295 2160 Helena
2330 2124 2343 2159 :
2387 2107 2586 2161 similia
2650 2110 2890 2161 scribere
2923 2109 3186 2161 adductus
3230 2123 3348 2160 sum

1766 2212 1834 2249 ne
1883 2196 2025 2250 inter
2078 2211 2175 2251 vos
2223 2197 2463 2252 confisus
2514 2198 2566 2251 in
2619 2175 2980 2251 c'oulidemem
3019 2198 3120 2251 alia
3154 2197 3352 2251 similia

1767 2299 2054 2349 praestaret
2084 2307 2097 2341 :
2131 2301 2184 2342 et
2208 2290 2426 2357 quidem
2482 2291 2547 2344 de
2577 2291 2730 2345 vobis
2747 2300 3004 2360 queretur
3041 2305 3252 2359 passus,
3286 2290 3352 2344 de

1764 2395 1849 2433 me
1872 2387 2051 2433 autem
2087 2396 2181 2435 vos
2215 2382 2459 2435 omnino.

2163 2470 2408 2526 XXXIX.
2451 2471 2953 2527 ATHENODORO.

1835 2563 2041 2618 Libello
2074 2574 2320 2633 accepto,
2348 2566 2503 2621 vobis
2542 2566 2758 2636 quidem
2822 2566 3028 2634 gratias
3074 2564 3349 2635 persolve-

1762 2655 1883 2710 bam
1915 2658 2107 2711 merito
2144 2677 2159 2712 :
2192 2659 2247 2711 in
2298 2674 2384 2712 me
2425 2665 2608 2712 autem
2657 2660 2959 2728 gaudebam
3018 2659 3163 2727 quod
3213 2656 3345 2711 mihi

1759 2747 2049 2817 contigerit
2078 2763 2174 2802 vos
2204 2764 2327 2803 cum
2363 2750 2495 2803 tales
2532 2750 2654 2804 sitis
2698 2751 2751 2802 in
2799 2749 3041 2802 amicitia
3090 2748 3291 2802 habere
3322 2764 3338 2800 :

1761 2850 1828 2887 ne
1850 2850 1935 2889 me
1965 2833 2128 2888 feriat
2156 2849 2351 2903 aspero
2379 2834 2555 2905 lapide
2588 2835 2805 2898 invidia,
2845 2842 2902 2888 ut
2935 2834 3168 2888 Pindaro
3197 2835 3347 2888 vide-

1762 2935 1847 2978 tur
1873 2943 1885 2980 :
1911 2927 2179 2995 precabar
2197 2937 2375 2982 autem
2400 2935 2448 2981 et
2474 2927 2744 2981 fortunam
2771 2936 2822 2979 ut
2850 2926 2976 2981 olim
3005 2926 3134 2979 mihi
3155 2928 3348 2981 liceret

1761 3032 1943 3087 :I'qttas
1990 3018 2143 3071 vobis
2201 3020 2502 3088 rependere
2545 3019 2800 3087 gratias“:
2832 3033 2952 3088 (ιιιτο
2991 3019 3206 3088 quidem
3257 3034 3348 3071 su-

1763 3107 1871 3161 hilo
1906 3108 2134 3178 praebuit
2161 3111 2503 3165 occasionem
2539 3122 2596 3164 ut
2630 3111 2868 3176 volebas,
2905 3122 2961 3166 et
3013 3126 3110 3180 ego
3137 3112 3343 3182 jamdiu

1765 3215 2020 3269 quaerens
2052 3203 2143 3255 vix
2171 3202 2388 3256 obviam
2421 3204 2581 3257 habui
2617 3222 2631 3259 ι
2664 3205 2814 3259 illum
2860 3215 3039 3259 autem
3088 3206 3178 3275 qui
3219 3219 3342 3259 eam

1760 3290 1926 3345 habet
1950 3293 2261 3346 summatim
2295 3293 2618 3347 adhortatus
2642 3309 2761 3347 sum
2815 3304 2871 3348 ut
2916 3294 3053 3348 hanc
3087 3295 3180 3349 tibi
3217 3311 3343 3361 par-

1760 3391 1865 3435 tem
1898 3382 2158 3448 traderet,
2183 3397 2290 3453 qua
2316 3392 2367 3439 et
2396 3385 2533 3439 forte
2578 3385 2785 3454 indiges
2815 3404 2829 3440 :
2865 3386 2908 3440 si
2944 3386 3108 3455 igitur
3130 3386 3346 3454 quidem

1759 3472 1976 3527 veneris
2010 3473 2076 3527 ad
2107 3490 2228 3540 nos,
2261 3476 2421 3529 citius
2461 3477 2862 3543 possessionem
2890 3493 2953 3530 ex
2989 3487 3141 3544 parte
3173 3476 3344 3530 hono-

1760 3564 1836 3618 ris
1886 3564 2143 3634 recipies,
2175 3567 2282 3620 alia
2310 3568 2529 3635 quidem
2561 3568 2917 3634 persuadens,
2941 3568 3119 3635 quoad
3151 3580 3346 3621 caetera

1758 3670 2073 3724 persuasus,
2108 3666 2165 3708 ut
2197 3657 2305 3709 vult
2344 3657 2425 3710 lex
2458 3658 2861 3726 negotiationis.
2893 3658 2936 3710 si
2962 3672 3092 3720 non,
3113 3658 3226 3726 ipse
3259 3673 3349 3711 ve-

1759 3749 1871 3801 niet
1918 3747 1984 3801 ad
2022 3755 2072 3801 te
2107 3756 2349 3815 tempore
2394 3747 2655 3801 invitatus
2679 3789 2695 3815 ,
2733 3758 2792 3802 ut
2829 3747 2988 3804 nobis
3036 3749 3346 3803 nttutiatum

1760 3848 1865 3895 est.

2322 3932 2434 3988 XL.
2480 3932 2790 3988 SOSIANO.

1827 4026 2175 4083 Admirabilis
2230 4025 2483 4096 Alplucus
2531 4027 2874 4080 annuutiavit
2929 4026 3058 4080 mihi
3113 4033 3163 4079 te
3214 4041 3338 4080 cum

1758 4133 1887 4190 erga
1927 4122 2100 4188 ipsum
2132 4119 2303 4175 fuisse
2328 4108 2487 4189 quem
2532 4121 2646 4189 ipse
2687 4120 2906 4189 quidem
2946 4119 3157 4173 volebat
3190 4136 3204 4172 :
3246 4136 3347 4187 ego

1759 4218 1939 4266 autem
1968 4211 2096 4265 illud
2114 4212 2386 4282 accipiens
2415 4213 2622 4267 lmtatus
2648 4228 2767 4267 sum
2800 4212 3038 4281 quidem.
3065 4211 3348 4278 Quomodo

1758 4305 1902 4357 enim
1928 4319 2031 4357 non
2066 4303 2276 4358 laetatus
2314 4306 2532 4360 essent?
2567 4322 2670 4359 non
2710 4316 2887 4359 taiuen
2926 4305 3040 4374 jam
3092 4305 3223 4357 mihi
3288 4312 3343 4357 et

1761 4397 2025 4461 smpeuda
2059 4412 2146 4451 res
2178 4398 2503 4453 videbatur:
2541 4401 2585 4453 si
2624 4413 2803 4452 autem
2841 4400 3029 4465 mavis,
3055 4407 3109 4452 et
3143 4413 3348 4466 praeve-

56 4479 410 4549 ὑπογράφων
458 4480 587 4550 περὶ
634 4479 826 4532 τοῦτον
879 4480 1105 4547 ἐγένου’
1139 4480 1214 4543 ὡς
1259 4481 1467 4532 ἐκεῖνον
1518 4478 1655 4531 ἀπο-

1767 4490 1917 4542 ιιίιιιιε
1947 4490 2174 4556 exposui
2210 4491 2532 4545 describens
2587 4493 2766 4561 qualis
2801 4508 2929 4562 erga
2964 4493 3125 4547 istum
3160 4490 3345 4559 fuisti;

58 4577 266 4647 ροῦντα
289 4573 476 4625 λοιπὸν
504 4574 532 4625 ὃ
556 4590 607 4625 τι
639 4573 731 4625 καὶ
762 4571 914 4638 λέγει
944 4572 1059 4641 ἅμα
1076 4573 1169 4625 καὶ
1202 4571 1399 4639 γέλωτι
1437 4572 1649 4642 σιωπᾷ⁸

51 4668 152 4721 καὶ
182 4665 485 4731 εὐδαίμονά
517 4680 583 4734 με
613 4662 709 4731 τῆς
736 4662 918 4731 φιλίας
950 4661 1172 4729 ἐγκαλεῖ
1196 4676 1209 4689 ’
1238 4659 1351 4713 ἀλλ’
1377 4660 1527 4730 ὅμως
1553 4661 1652 4731 τὴν

53 4763 182 4831 ίσην
215 4756 458 4827 σπουδὴν
495 4742 813 4826 εἰσενέγκῃς
837 4754 965 4825 περὶ
990 4747 1063 4808 ὧν
1090 4753 1245 4822 ὑμῶν
1265 4754 1496 4824 ἐδεήθην
1520 4770 1655 4823 παρ-

51 4854 152 4918 ὼν,
183 4853 343 4914 ὅπως
367 4849 530 4912 αὐτὸς
567 4850 668 4919 μέν
704 4865 795 4919 μοι
828 4849 988 4918 χάριν
1022 4846 1244 4917 εἰδείην,
1270 4845 1574 4918 ἀμφότεροι
1598 4844 1652 4897 δὲ

52 4946 227 4999 πάλιν
262 4943 415 5013 ύμῖν.

597 5032 736 5089 Μεν.
792 5034 1119 5105 Numam.

123 5133 226 5195 Εἰς
270 5132 396 5185 ὅσον
434 5128 558 5198 ἥκει
584 5128 683 5196 τῆς
713 5127 948 5196 ἀπορίας
976 5127 1004 5176 ὁ
1039 5125 1335 5192 Στέφανος,
1372 5125 1481 5178 οὐδ’
1507 5125 1673 5194 ὑμᾶς-

52 5219 212 5294 οἶμαι
252 5220 541 5274 λανθάνειν
561 5237 576 5251 ·
610 5220 704 5272 καὶ
734 5220 815 5272 ὅτι
849 5217 972 5286 μηδ’
1004 5220 1062 5271 ἐν
1087 5220 1209 5278 ταῖς
1240 5217 1399 5287 χερσὶ
1427 5216 1651 5270 δύναται

53 5313 340 5369 ποιεῖσθαι
374 5313 473 5380 τὴν
512 5311 701 5363 ἐλπίδα
722 5351 737 5376 ,
771 5310 866 5363 τοῦ
910 5309 1028 5379 βίου
1065 5308 1263 5379 μικροῦ
1294 5309 1404 5360 δεῖν
1437 5311 1531 5361 καὶ
1560 5309 1652 5361 τὸν

51 5402 347 5478 ὀφθαλμὸν
376 5402 482 5455 ὑπὸ
523 5402 623 5471 τῆς
665 5402 835 5472 τύχης
883 5401 1268 5475 ἀφῃρημένος·
1316 5400 1442 5454 ὅθεν
1492 5400 1653 5470 Θερα-

54 5497 219 5549 πείαν
252 5492 377 5544 τινὰ
412 5494 546 5562 πρὸς
572 5493 673 5562 τὴν
701 5492 906 5545 ἔνδειαν
943 5493 1301 5563 σοφιζόμενος
1344 5493 1425 5554 εἰς
1470 5491 1652 5544 διακὸ·

57 5606 160 5639 νων
204 5581 539 5650 ἐνήλλακται
591 5583 807 5653 σχῆμα*
841 5582 1142 5637 memon
1189 5582 1246 5634 δὲ
1287 5582 1453 5654 μηδὲν
1488 5584 1652 5635 αὑτὸν

53 5679 254 5745 ὀνῆσαι
284 5674 347 5727 τὸ
381 5674 642 5744 σόφισμα,
672 5676 811 5747 πλὴν
840 5677 886 5727 εἰ
917 5674 992 5746 μὴ
1024 5674 1124 5744 τῆς
1154 5676 1475 5746 ἐπικουρίος
1511 5674 1649 5746 τύχῃ

50 5768 142 5835 τῆς
176 5764 341 5837 παρὰ
370 5765 484 5831 σοῦ,
517 5767 580 5836 ἦν
610 5768 701 5821 καὶ
736 5767 867 5820 πᾶσι
900 5764 1231 5836 προκεῖσθαι.
1250 5765 1503 5836 πείθομαι
1534 5768 1647 5830 τοῖς

1762 4583 1850 4636 ille
1900 4583 2048 4637 enim
2100 4583 2383 4637 dubitabat
2434 4592 2686 4639 caeterum
2727 4602 2795 4638 an
2840 4586 3042 4638 diei-ret
3088 4585 3245 4638 simul
3293 4592 3346 4637 ct

1763 4674 1872 4725 risu
1898 4673 2080 4727 sileret
2115 4691 2128 4728 :
2162 4682 2215 4728 et
2243 4672 2573 4728 fortunatum
2616 4693 2701 4729 tuo
2732 4677 2970 4728 amicitia
3008 4677 3209 4745 arguit,
3248 4678 3344 4729 sed

1762 4767 1967 4832 pariter
2000 4765 2141 4819 idem
2173 4766 2413 4821 stndimn
2456 4766 2651 4821 aﬁ‘eras
2677 4770 2854 4836 quoad
2884 4784 2946 4822 ea
2973 4785 3094 4837 qow
3123 4786 3149 4819 a
3192 4769 3347 4823 vobis

1769 4859 1956 4925 t'ngavi
1988 4873 2251 4925 prmseus,
2280 4871 2335 4911 ιιι
2375 4863 2487 4927 ipse
2521 4860 2735 4926 quidem
2770 4859 2900 4917 tntilli
2932 4870 3112 4929 grates
3141 4860 3347 4928 persol—

1763 4965 1882 5001 Vam
1910 4959 1962 5001 et
1991 4951 2151 5003 antbo
2190 4966 2406 5003 rursum
2436 4951 2609 5003 vobis.

2274 5039 2411 5093 XLI.
2450 5039 2817 5096 NEPllALlO.

1835 5130 1890 5184 lu
1926 5142 2158 5201 qualitas
2193 5134 2474 5202 angustias
2507 5135 2786 5188 devenerit
2841 5132 3151 5201 Stephanus
3175 5172 3192 5200 ,
3235 5150 3341 5188 non

1761 5240 1854 5274 vos
1886 5223 2138 5293 ignorare
2166 5226 2361 5293 opinor
2393 5244 2406 5279 :
2444 5235 2500 5278 et
2550 5228 2691 5294 quod
2729 5237 2962 5296 nequeat
2993 5228 3043 5281 in
3100 5241 3340 5295 praesens

1759 5331 1905 5381 spem
1936 5317 2214 5382 perlicere,
2248 5315 2443 5385 quippe
2470 5315 2599 5380 vita,
2640 5332 2833 5383 parum
2885 5319 3060 5381 ain-st,
3095 5329 3148 5371 et
3178 5316 3337 5369 oculo

1760 5419 1885 5459 casu
1951 5406 2192 5473 privatus
2257 5407 2471 5463 [μαι-ιιι
2524 5409 2664 5462 umle
2720 5410 3079 5463 ministerium
3134 5408 3338 5476 aliquid

1761 5506 1977 5565 propter
2008 5499 2383 5554 necessitatem
2430 5501 2654 5556 edoctus
2681 5502 2731 5551 in
2764 5514 3045 5555 servorum
3073 5500 3339 5553 conditio-

1761 5602 1879 5639 ucm
1912 5602 2208 5642 contrusus
2242 5600 2324 5644 est
2355 5609 2367 5644 :
2405 5591 2544 5647 forte
2575 5604 2754 5646 autem
2788 5591 2919 5646 nihil
2948 5592 3189 5660 proderit
3222 5590 3339 5644 haec

1761 5676 1932 5740 ratio,
1968 5677 2070 5731 nisi
2101 5694 2128 5732 a
2172 5690 2221 5734 te
2248 5681 2548 5738 obtinuerit
2585 5684 2848 5738 auxilium
2887 5684 3027 5753 quod
3086 5682 3336 5739 omnibus

1759 5769 2003 5825 obtinere
2026 5771 2326 5830 volentibus
2356 5776 2545 5832 adesse
2577 5792 2893 5843 {crsuasum
2937 5775 3111 5833 habeo
3140 5796 3150 5830 :
3185 5775 3335 5831 vobis
