4000 6314
625 284 760 349 2751

1939 287 2289 350 l'ROCOPII
2337 290 2578 350 GAZEI

3779 297 3836 359 εἰ
3848 298 3905 358 52

620 412 764 448 enim
794 396 1126 466 petentibus,
1151 396 1344 466 aliquis
1373 396 1508 464 apud
1544 412 1640 450 vos
1660 397 1965 458 custodem,
2002 398 2199 451 auxilio

2315 401 2662 470 βουλομένοις
2695 406 2910 472 τυχεῖν·
2943 403 3096 472 ὑμῶν
3140 405 3247 474 γὰρ
3290 405 3603 459 αἰτούντων
3637 407 3903 461 ὲπινεύσε·

619 490 799 542 veniet
828 488 1044 554 Opinor,
1074 501 1129 544 ut
1153 505 1278 543 eum
1317 489 1720 543 ministrantem
1775 489 1990 547 habent,
2025 490 2106 540 VI'I
2155 500 2208 541 et

620 577 793 632 solum
842 580 1088 634 nutriat:
1120 581 1315 634 scitote
1363 579 1507 633 enim
1577 579 1728 633 illtnn
1787 579 1989 632 ltlIIItlm
2057 581 2206 634 inve-

623 673 860 723 nientem
898 671 1219 738 subsidium,
1255 686 1358 725 non
1391 672 1551 725 fluent
1589 687 1852 734 nugarum
1898 672 2203 736 facturum;

621 761 664 810 si
699 777 826 814 vero
862 761 1066 826 aliquid
1093 763 1413 817 beneficium
1443 775 1702 831 eXpertus
1737 764 1862 826 erit,
1898 780 2006 830 quo
2037 773 2205 818 terra-

625 869 744 905 rum
807 853 1034 921 gratiam
1086 870 1264 908 nonne
1325 854 1700 924 pervulgabit?
1747 855 1980 907 dimittet
2037 855 2204 918 enim,

624 942 790 1005 ιωιίο,
824 945 1128 999 naturalem
1159 947 1420 1015 ineptiam
1453 956 1511 999 ut
1542 947 1730 1010 gratiae
1758 948 2042 1000 inhaereat.

1129 1054 1293 1110 XLII.
1338 1054 1702 1112 PALLADIO.

692 1161 898 1220 Vestra!
947 1167 1228 1236 sapientia:
1258 1167 1487 1237 epistola
1521 1169 1634 1224 visa
1688 1170 1905 1240 quidem
1949 1169 2204 1224 omnibus

618 1253 770 1322 juxta
813 1271 1017 1312 morem
1076 1259 1243 1311 movit
1285 1259 1525 1312 Izetitiam
1556 1277 1570 1314 :
1603 1276 1724 1314 cum
1769 1265 2202 1333 autemscripta

622 1349 1006 1413 cognoscendo
1064 1351 1450 1418 habuerimus,
1503 1369 1690 1422 parum
1729 1353 1902 1408 abfuit
1959 1355 2088 1422 quin
2151 1365 2204 1410 et

623 1439 883 1510 lscrymis
934 1442 1106 1510 ipsam
1157 1443 1580 1512 impleverimus.
1651 1445 1891 1512 Quorum
1945 1449 2087 1502 enim
2150 1459 2204 1504 et

619 1533 811 1591 gaudia
866 1533 1176 1588 communia
1236 1544 1361 1589 sunt
1391 1575 1405 1598 ,
1481 1551 1574 1592 eos
1615 1537 1659 1589 si
1707 1539 1836 1606 quid
1872 1551 1957 1592 est
1999 1538 2202 1593 doloris

619 1623 912 1692 participes
957 1640 1078 1680 esse
1137 1641 1363 1682 necesse
1419 1637 1500 1681 est
1530 1645 1544 1682 :
1579 1628 1672 1682 sed
1728 1629 1848 1684 vide
1902 1644 1998 1698 per
2045 1631 2197 1694 dem,

616 1723 879 1768 quantum
909 1713 1122 1769 fortuna
1167 1727 1291 1785 agat
1316 1718 1735 1784 inconsiderate,
1771 1735 1876 1774 non
1911 1720 2093 1774 volens
2120 1721 2199 1773 di-
2231 1741 2274 1796 Β

611 1803 858 1869 judicare
894 1816 1072 1859 utrum
1102 1808 1275 1862 malus
1309 1819 1594 1876 percutere
1626 1809 1930 1876 feStinahil,
1960 1827 2027 1864 an
2067 1825 2198 1864 eou-

619 1904 698 1947 tra
733 1895 902 1950 bonos
946 1897 1047 1961 tela
1087 1899 1296 1953 emittet
1337 1918 1350 1953 :
1381 1900 1424 1954 si
1459 1901 1602 1954 enim
1638 1903 1836 1956 virtute
1867 1918 1955 1956 res
1991 1904 2196 1972 ponde-

618 1996 894 2053 rarentur,
923 2005 1028 2044 non
1066 1991 1312 2059 profecto
1341 1993 1595 2060 injustaa:
1631 1988 1900 2048 fortunam
1951 1995 2202 2063 pertulis-

615 2093 708 2132 aes
737 2095 752 2140 ;
793 2095 936 2133 nunc
983 2092 1164 2134 autem
1191 2098 1411 2136 uxorem
1434 2084 1616 2149 defies,
1649 2087 1946 2152 sapientem
1979 2086 2197 2154 quidem

617 2179 672 2222 ut
729 2184 944 2238 aequum
1007 2181 1116 2236 est,
1167 2183 1220 2226 et
1251 2156 1465 2244 qualem
1508 2175 1734 2228 decebat
1787 2177 1905 2231 viro
1965 2179 2196 2248 sapienti

615 2263 920 2316 consociari
950 2280 964 2330 ;
995 2264 1136 2332 quod
1175 2279 1300 2320 vero
1336 2267 1570 2321 maxime
1596 2270 1870 2330 acerbum,
1909 2269 2196 2327 infantium

617 2361 865 2418 matrem,
906 2362 961 2407 et
1013 2353 1300 2408 infantium
1341 2360 1615 2426 egentium
1673 2370 1867 2414 matre.
1964 2359 2096 2426 Quis
2133 2377 2196 2416 ea

616 2443 880 2507 amliens,
941 2459 1046 2496 non
1107 2443 1306 2500 fleret?
1357 2447 1491 2512 Quis
1547 2461 1677 2502 vero
1717 2463 1909 2516 passus
1963 2449 2199 2518 petferat

617 2552 724 2588 non
795 2541 1103 2594 consentire
1164 2538 1378 2592 tecum?
1435 2538 1759 2594 Persuasum
1814 2543 1959 2595 enim
2025 2543 2198 2598 habeo

617 2626 840 2690 perinde
854 2643 914 2679 ac
939 2628 980 2680 si
1007 2629 1288 2682 Socratem
1314 2630 1665 2697 persuadens,
1684 2639 1973 2700 antequam
1993 2631 2198 2703 aliquid

616 2731 810 2782 passus
843 2716 1033 2782 fueris,
1076 2719 1209 2773 illud
1258 2722 1431 2790 ipsum
1475 2721 1642 2775 fuisse
1686 2732 1968 2790 expertum
2013 2725 2196 2790 rebus,

617 2807 786 2860 multa
821 2807 1021 2862 similia
1059 2809 1355 2873 videntem,
1391 2819 1484 2862 aut
1515 2811 1683 2865 multa
1728 2824 1946 2867 narrata
1975 2816 2199 2869 audien-

615 2907 748 2964 tem,
781 2913 901 2966 qn:e
936 2900 1079 2952 enim
1119 2915 1204 2954 res
1241 2900 1452 2954 funesta
1515 2902 1676 2957 nobis
1717 2917 1822 2956 non
1871 2905 2071 2972 abripit
2119 2907 2201 2960 vi-

617 2991 773 3042 tam?
811 2992 950 3058 Quid
980 3002 1158 3046 autem
1199 2994 1334 3047 mari
1366 2993 1540 3063 magis
1571 2995 1836 3049 domitum
1874 2999 2200 3053 exhibetur?

2312 511 2362 546 τι
2380 513 2413 556 ·,
2429 490 2604 562 οἶμαι,
2623 495 2732 548 τῶν
2751 515 2820 548 πα
2830 500 2878 567 ρ’
2901 497 3406 566 ὑμῶνὲττισκὸπων,
3431 499 3466 570 ἦ
3489 498 3908 567 λειτουργοῦντα

2311 585 2500 637 τοῦτον
2535 585 2695 650 ἕξειν,
2721 588 2752 658 ἢ
2779 591 2874 642 καὶ
2908 591 3068 658 μόνον
3090 590 3462 658 τρεφόμενον·
3498 589 3618 642 ἴστε
3645 588 3707 641 δὲ
3731 591 3806 650 ὡς
3825 594 3909 643 καὶ

2315 675 2478 744 μηδὲν
2506 675 2905 743 ὠφελούμενος,
2938 681 3000 734 οὐ
3032 679 3265 734 παύεται
3287 681 3555 751 φλυαρῶν
3573 700 3589 714 ·
3623 682 3677 734 εἰ
3703 681 3762 734 δὲ
3781 681 3907 754 τύχη

2309 767 2456 829 τινδς
2485 767 2839 834 εὐεργεσίας.
2877 771 2978 824 ποῦ
3021 775 3213 826 τοῦτον
3246 775 3349 826 ούκ
3375 775 3530 836 εἰκὸς
3559 776 3906 843 ἀνακηρύξει

2308 857 2408 925 τὴν
2441 859 2632 927 χάριν;
2662 859 2932 914 ἀναλώσει
2958 863 3087 933 γὰρ,
3122 861 3301 932 οἶμαι,
3326 866 3427 935 τὴν
3457 866 3720 936 ἔμφυτον
3749 867 3906 936 φλυα-

2313 953 2432 1023 ρίαν
2463 956 2542 1016 είς
2571 955 2628 1007 τὸ
2653 957 2932 1024 μενεῖτθαι
2956 959 3052 1028 τῆς
3081 961 3321 1030 χάριτος.

2827 1049 2959 1103 MB’.
3003 1051 3372 1125 nAAAAAte.

2393 1133 2456 1188 Ἦ
2501 1135 2603 1206 τῆς
2651 1138 2924 1208 ὑμετέρας
2971 1142 3168 1208 σοφίας
3213 1145 3474 1216 ἐπιστολὴ
3505 1148 3782 1218 ὁρωμένη
3818 1147 3904 1218 μὲν

2309 1227 2514 1282 ἅπασιν
2545 1229 2717 1283 ἐκίνει
2751 1232 3002 1300 συνήθως
3029 1235 3130 1304 τὴν
3155 1237 3380 1306 ἡδονήν·
3413 1239 3490 1304 ὡς
3530 1240 3594 1292 δὲ
3623 1239 3730 1293 καὶ
3777 1257 3906 1309 μαν-

2309 1317 2490 1371 θάνειν
2520 1319 2629 1372 ἔδει
2659 1321 2726 1373 τᾶ
2747 1324 3135 1392 γεγραμμένα,
3159 1325 3357 1397 μικροῦ
3384 1326 3498 1380 δεῖν
3529 1329 3632 1381 καὶ
3646 1328 3904 1400 δακρύων

2307 1405 2478 1476 αὐτὴν
2509 1407 2914 1480 ἐπληρώσαμεν
2933 1426 2946 1438 ο
2976 1405 3052 1466 ὧν
3097 1413 3206 1485 γὰρ
3253 1416 3311 1468 αἱ
3359 1416 3680 1485 εὖπραγίαι
3709 1419 3900 1478 κοιναὶ.

2303 1498 2528 1563 τούτους
2559 1503 2655 1554 καὶ
2704 1503 2755 1554 εί
2796 1520 2850 1556 τι
2894 1503 3056 1558 λυπεῖ
3099 1507 3350 1577 μετέχειν
3385 1509 3616 1574 πάντως
3647 1511 3900 1582 ἀνάγκη·

2306 1586 2420 1642 ἀλλ’
2455 1589 2558 1660 ὅρα
2610 1589 2746 1661 πρὸς
2779 1591 2939 1654 θεῶν,
2975 1591 3020 1646 ὣ
3069 1593 3234 1647 πόσον
3287 1597 3320 1663 ή
3364 1596 3504 1668 τύχη
3539 1602 3901 1666 νεανιεύεται,

2311 1677 2478 1748 μηδὲν
2513 1677 2774 1733 ἐθέλουσα
2803 1681 3123 1752 διακρίνειν,
3155 1685 3203 1737 εί
3232 1683 3449 1755 βᾶλλειν
3480 1689 3786 1756 ἐπείγεται
3811 1709 3904 1746 πο-

2303 1771 2500 1840 νηροὺς
2522 1812 2538 1834 ,
2575 1774 2624 1826 εί
2658 1775 2800 1828 κατὰ
2824 1775 3129 1829 σπουδαίων
3161 1778 3354 1848 ἀφίησι
3381 1780 3451 1832 τὰ
3479 1779 3838 1848 τοξεύματαί
3863 1785 3904 1836 εἰ

2301 1864 2409 1934 γὰρ
2435 1859 2503 1935 ἦν
2537 1865 2707 1936 ἀρετῇ
2743 1867 3060 1936 μετρεῖσθαι
3106 1869 3176 1922 τὰ
3211 1873 3545 1941 πράγματα,
3575 1874 3685 1927 οὐκ
3719 1875 3812 1938 ἂν,
3851 1871 3904 1928 εὖ

2303 1955 2432 2020 ἴσθι,
2471 1957 2572 2025 τῆς
2602 1955 2790 2010 ἀδίκου
2840 1957 3012 2028 τύχης
3038 1961 3372 2030 πεπείρασο·
3423 1963 3521 2015 νῦν
3561 1964 3624 2017 δὲ
3680 1968 3906 2032 γυναῖκα

2301 2047 2541 2118 Θρηνεῖς,
2577 2049 2832 2118 σώφρονα
2883 2051 3000 2118 μὲν,
3029 2051 3104 2115 ὡς
3155 2055 3324 2116 είκδς.
3357 2055 3452 2108 καὶ
3501 2055 3631 2110 οἵαν
3669 2058 3904 2129 ἔπρεπεν

2301 2138 2456 2210 ἀνδρὶ
2491 2139 2641 2208 σοφῷ
2679 2143 2952 2194 συνοικεῖν
2973 2159 2987 2173 ο
3018 2142 3082 2196 τὺ
3127 2144 3184 2197 δὲ
3215 2145 3526 2201 δεινότατον
3557 2149 3778 2203 παίδων
3805 2169 3903 2220 μη-

2300 2230 2457 2300 τέρα,
2487 2231 2582 2284 καὶ
2628 2231 2833 2286 τούτων
2886 2235 3247 2304 ἐπιδεομὲνων
3301 2240 3528 2308 μητρός.
3585 2239 3787 2294 Ταῦτα
3829 2243 3902 2304 τίς

2305 2321 2404 2391 μὲν
2433 2322 2646 2376 ἁκούων
2665 2359 2681 2384 .
2703 2325 2804 2378 οὐκ
2830 2325 2895 2379 ἂν
2919 2327 3208 2398 δακρύσειε
3231 2347 3244 2395 ;
3283 2329 3366 2392 τίς
3390 2331 3448 2384 δὲ
3485 2331 3691 2384 παθὼν
3723 2351 3904 2402 καρτε-

2301 2415 2390 2484 ρεῖ
2424 2417 2498 2484 μὴ
2530 2414 2754 2487 γνώμην
2781 2417 3088 2488 εὐτυχήσας
3129 2420 3228 2491 τὴν
3260 2423 3395 2490 σήνς
3446 2422 3776 2492 Πέπεισμαι
3809 2425 3903 2494 rip

2299 2504 2430 2557 ὡσεὶ
2484 2507 2783 2578 Σωκράτην
2826 2510 3181 2582 πειθόμενος,
3218 2513 3348 2581 πρίν
3392 2531 3444 2567 τι
3495 2515 3731 2579 παθεῖν,
3783 2517 3902 2572 αὐτὸ

2300 2597 2658 2667 ὲνεγυμνάσω
2682 2603 2796 2663 τοῖς
2829 2603 3144 2673 πράγμασι,
3167 2603 3338 2657 πολλὰ
3362 2605 3463 2672 μὲν
3483 2607 3636 2677 ὀρῶν
3663 2607 3900 2670 τοιαῦτα,

2301 2689 2512 2741 πολλῶν
2540 2691 2598 2744 δὲ
2627 2691 3006 2764 διηγουμένων
3041 2697 3293 2750 ἀκούων·
3338 2699 3391 2751 τί
3435 2700 3547 2771 γὰρ
3596 2701 3714 2755 τῶν
3758 2701 3904 2772 xule-

2302 2780 2418 2834 πῶν
2451 2783 2584 2853 ἡμῖν
2605 2785 2704 2838 οὐκ
2730 2785 2854 2854 ἄγει
2879 2787 2972 2840 τὸν
3004 2787 3152 2856 βίον;
3186 2790 3240 2842 τί
3279 2790 3336 2842 δὲ
3378 2790 3667 2858 θαλάττης
3699 2796 3903 2849 δείκνυ-

2303 2890 2385 2926 σιν
2417 2875 2764 2947 ἡμερώτερον
2786 2899 2800 2945 ;
2821 2881 2850 2933 ὁ
2875 2881 2972 2950 μὲν
2995 2881 3212 2954 αἴρεται
3239 2885 3414 2952 μέγας
3432 2903 3448 2918 ’
3472 2887 3502 2938 ὁ
3522 2885 3583 2938 δὲ
3608 2886 3758 2956 πρὸς
3783 2888 3904 2958 ὕψος

2303 2965 2475 3020 ἐλθὼν
2509 2969 2867 3038 προδιδοῦσαν
2897 2973 3024 3042 ἔσχε
3066 2974 3164 3044 τὴν
3208 2975 3412 3048 τύχην,
3444 2978 3544 3030 καὶ
3595 2978 3862 3034 πέπτωκε
3883 2998 3896 3011 ·

615 3080 706 3133 Ille
731 3081 948 3149 quidem
987 3081 1193 3136 tollitur
1227 3099 1475 3151 magnus,
1516 3085 1620 3140 iste
1649 3101 1779 3140 vero
1813 3088 1880 3141 ad
1913 3093 2198 3142 summita-

2306 3060 2398 3112 καὶ
2440 3061 2468 3112 ὁ
2508 3059 2607 3129 μὲν
2635 3065 2784 3134 γηρᾷ
2813 3063 2907 3117 τὸν
2941 3065 3172 3120 θάνατον
3203 3071 3282 3132 είς
3311 3071 3684 3140 παραμυθίαν
3705 3073 3901 3126 αίτῶν·

615 3184 724 3228 tem
755 3186 1049 3246 provectus
1074 3177 1290 3232 fortuna
1316 3181 1561 3248 proditus
1583 3191 1666 3234 est
1698 3192 1750 3235 et
1782 3181 1982 3236 cecidit
2013 3199 2028 3236 :
2059 3198 2199 3238 unus

613 3267 874 3337 senescit,
907 3277 1134 3323 mortem
1159 3279 1214 3323 ιιι
1245 3271 1500 3325 solatium
1552 3273 1861 3340 postulans;
1898 3274 2039 3328 alter
2074 3285 2199 3331 ante

609 3357 892 3424 juventam
919 3358 1128 3414 ablatus
1155 3371 1240 3415 est
1274 3379 1287 3414 :
1323 3375 1549 3416 uxorem
1580 3363 1730 3416 ducit
1776 3365 1998 3434 quidam
2035 3366 2198 3432 alius,

615 3461 929 3504 consortem
953 3450 1284 3506 lamentatur
1316 3469 1330 3505 :
1361 3451 1474 3508 hinc
1519 3453 1732 3523 replent
1761 3457 1922 3510 vitam
1959 3474 1973 3510 :
2004 3466 2058 3512 et
2093 3457 2202 3512 Ho-

617 3541 755 3595 meri
788 3541 1118 3598 confirmare
1165 3545 1411 3613 cogimnr
1445 3549 1790 3611 sententiam,
1843 3564 2034 3619 nempe
2080 3565 2201 3618 quae

617 3632 754 3686 nihil
785 3632 1020 3688 debilius
1049 3643 1189 3688 terra
1227 3639 1434 3692 nutriat
1480 3637 1699 3694 homine
1732 3655 1746 3692 :
1779 3640 2013 3711 undique
2053 3646 2198 3699 enim

614 3724 940 3780 observatur
967 3725 1103 3781 nihil
1139 3725 1398 3782 fontunati
1456 3745 1776 3798 permanere
1823 3733 1962 3786 sicut
1989 3746 2042 3788 et
2074 3751 2202 3791 cve-

617 3820 699 3872 nit
729 3839 744 3874 :
775 3819 869 3874 sed
903 3819 946 3873 si
981 3819 1107 3887 quid
1139 3820 1436 3876 secundum
1469 3825 1710 3876 animum
1754 3825 1827 3879 sit
1866 3827 2196 3892 hemiuilms,

617 3925 834 3979 parum,
867 3910 1144 3980 inquiunt,
1185 3913 1488 3967 remanebit
1519 3925 1575 3968 et
1611 3915 1790 3968 omnia
1821 3916 2066 3973 abibunt.
2099 3916 2201 3990 lgi-

613 4015 710 4058 tur
759 4003 1095 4075 spatiamur,
1145 4005 1275 4060 illud
1327 4006 1423 4061 Dei
1455 4009 1794 4076 providentia
1839 4013 2077 4078 permitti
2106 4028 2187 4067 co-

619 4095 867 4150 tucdatur
913 4106 970 4150 et
1003 4097 1284 4152 voluntate
1332 4115 1454 4168 quae
1507 4103 1728 4155 omnino
1786 4103 1924 4157 bene
1959 4104 2200 4173 tliSponit

617 4197 806 4244 nostra
844 4204 860 4242 :
901 4204 1239 4259 quaecunque
1285 4201 1467 4244 autent
1515 4192 1756 4258 perferre
1806 4194 1947 4250 Deus
1987 4195 2199 4251 dederit

617 4280 862 4344 fouliter,
892 4281 1113 4336 vincere
1163 4293 1415 4336 virtutem
1465 4300 1688 4339 necesse
1719 4294 1823 4348 est,
1878 4300 1977 4340 nec
2015 4289 2196 4342 omnia

618 4375 834 4430 tradere
861 4375 1094 4431 fortuna:
1131 4395 1145 4432 :
1183 4377 1314 4432 illud
1355 4380 1498 4432 enim
1533 4381 1688 4434 bouis
1718 4379 2033 4451 gloriosum,
2081 4383 2196 4436 aui-

618 4481 766 4518 nuun
793 4468 954 4522 rebus
973 4484 1076 4522 non
1095 4468 1273 4524 obviis
1299 4485 1314 4522 :
1344 4469 1526 4538 itaque
1549 4471 1683 4526 satis
1707 4474 1778 4526 sit
1796 4471 2154 4542 larrymarum
2182 4491 2196 4526 :

618 4574 724 4610 non
761 4561 904 4612 enim
935 4560 1076 4613 illam
1130 4561 1432 4630 postulabis
1475 4573 1766 4631 antequam
1807 4565 2009 4636 aliquid
2057 4566 2202 4620 aliud

641 4649 817 4702 uahnn
873 4651 1150 4720 patiaris:
1189 4651 1485 4708 infantibus
1534 4665 1715 4710 autem
1772 4656 1894 4725 ipse
1927 4667 1982 4711 et
2029 4671 2203 4710 mater

623 4747 722 4801 ..-r;t
756 4760 770 4796 :
804 4753 858 4798 et
893 4742 1038 4800 Deus
1067 4759 1193 4814 Spes
1225 4745 1400 4813 quoad
1450 4748 1594 4816 ipsos
1631 4748 1874 4816 perficiet
1904 4749 2198 4804 voluntate.

1111 4857 1291 4914 XLIII.
1335 4857 1700 4916 NESTORIO.

686 4965 954 5023 Gaudium
991 4969 1174 5024 attulit
1209 4980 1299 5026 tua
1343 4970 1582 5040 jucunda
1639 4974 1805 5028 nimis
1841 4977 2095 5044 epistola,
2133 4994 2198 5033 ex

601 5073 720 5112 'nna
775 5071 926 5128 parte
977 5067 1246 5116 excusans
1301 5063 1620 5117 diuturnum
1687 5065 2010 5133 silentium,
2056 5071 2200 5138 quod

613 5166 926 5222 quanquam
954 5167 1096 5222 smpc
1125 5154 1466 5220 scripsisses,
1499 5156 1634 5211 bene
1666 5159 1793 5212 mibi
1828 5159 2038 5216 scilicet
2077 5177 2198 5216 ser-

612 5244 785 5298 Vabas
837 5244 1015 5300 donec
1067 5245 1278 5300 litteras
1336 5249 1519 5316 accepi
1563 5265 1673 5302 :ex
1720 5251 1891 5304 altera
1938 5263 1994 5306 et
2044 5253 2200 5309 valde

613 5342 1023 5410 reprehendens
1058 5346 1199 5412 quod
1243 5346 1295 5397 in
1328 5345 1595 5413 principio
1639 5343 1916 5398 silentium
1970 5347 2155 5400 incusa

616 5431 738 5486 bant
772 5450 786 5488 :
817 5433 930 5488 lucc
963 5437 1069 5488 duo
1099 5435 1229 5488 IIIIIII
1266 5435 1524 5503 gaudium
1559 5435 1856 5490 attulerunt
1891 5453 1984 5504 per
2028 5447 2193 5491 deos:

617 5541 780 5579 unum
837 5529 984 5581 cnim
1024 5537 1143 5582 erat
1196 5528 1426 5596 alicujus
1480 5543 1583 5580 non
1635 5526 1972 5580 tlcflcctculis
2021 5530 2196 5597 quoad

619 5619 820 5671 auaros
850 5635 864 5671 :
895 5617 1120 5672 alterum
1149 5634 1254 5672 non
1297 5617 1534 5672 volentis
1559 5633 1796 5686 unquam
1839 5618 1960 5672 talis
2005 5634 2197 5677 occur;

625 5710 966 5767 if‘l‘C'VICIIIS
1000 5709 1253 5779 ἰεὶιιιτΐιιί
1283 5709 1558 5764 silentium
1585 5709 1842 5763 incusans
1877 5728 1888 5762 :
1922 5717 1971 5763 et
2008 5709 2196 5764 vellent

2301 3151 2330 3204 ὁ
2359 3152 2416 3206 δὲ
2449 3153 2548 3224 πρὸ
2569 3153 2667 3225 τῆς
2691 3156 2831 3226 ἥϐης
2853 3158 3235 3230 ἀνήρπασται·
3260 3165 3434 3232 γαμεῖ
3453 3181 3544 3224 τις
3573 3164 3902 3235 ἓτερος,τὴν

2304 3243 2660 3296 συνοικοῦσαν
2685 3246 2971 3318 ὀδύρεται·
3013 3251 3186 3305 ταῦτα
3235 3253 3328 3306 τὸν
3377 3254 3495 3324 βίον
3539 3253 3788 3326 πληᾳῖ·
3819 3256 3902 3310 καὶ

2302 3333 2400 3402 τὴν
2433 3334 2674 3406 Ὀμήρου
2723 3337 2977 3406 βεϐαιοῦν
3022 3342 3304 3410 ἐπείγεται
3351 3343 3612 3414 γνώμην,
3645 3347 3729 3410 ὡς
3760 3349 3904 3402 οὐδὲν

2302 3424 2650 3496 ἀκιδνότερον
2674 3429 2808 3492 γαῖα
2837 3429 3030 3500 τρέφει
3057 3432 3372 3503 ἀνθρώποιο
3391 3451 3406 3466 ⁸
3436 3439 3786 3507 πανταχόθεν
3805 3439 3904 3509 γᾶρ

2301 3513 2598 3583 ψηφίζεται
2627 3515 2686 3569 τδ
2714 3517 2993 3586 δαιμόνιον
3017 3521 3184 3590 μηδὲν
3208 3524 3389 3592 μένειν
3413 3519 3536 3578 οἷον
3557 3527 3660 3579 καὶ
3683 3529 3873 3596 γέγονε
3889 3546 3903 3560 ·

2262 3647 2270 3654 .
2301 3605 2416 3658 ἀλλ’
2448 3607 2570 3660 εἴτι
2593 3610 2734 3662 κατὰ
2751 3610 2876 3664 νοῦν
2906 3613 3055 3672 ἐστιν
3085 3613 3417 3686 ἀνθρώποις,
3447 3618 3694 3688 Μικρὸν,
3717 3625 3902 3691 φησὶν,

2301 3698 2616 3768 ἀνάμεινον,
2642 3702 2738 3754 καὶ
2764 3703 2942 3757 πάντα
2968 3707 3250 3775 οἰχήσεται
3269 3723 3284 3741 ·
3327 3708 3390 3762 τὸ
3438 3710 3543 3777 μὲν
3585 3706 3689 3764 οὖν
3720 3713 3905 3765 παθεῖν

2301 3790 2436 3843 Θεοῦ
2473 3793 2700 3863 προνοίᾳ
2743 3793 3000 3860 δεδόσθω,
3031 3798 3127 3850 καὶ
3173 3799 3406 3870 νεύματι
3451 3801 3687 3864 πάντως
3728 3802 3903 3866 καλῶς

2301 3880 2489 3950 ἄγοντι
2511 3883 2583 3937 τὰ
2609 3884 2861 3957 ἡμέτερα
2880 3902 2898 3920 ο
2932 3887 2994 3941 τὸ
3017 3889 3074 3942 δὲ
3102 3889 3290 3963 φέρειν
3308 3891 3336 3944 ὃ
3363 3907 3416 3944 τι
3447 3891 3517 3946 ἂν
3551 3894 3581 3946 ὀ
3613 3893 3758 3958 Θεὸς
3788 3893 3905 3966 διδῷ

2300 3975 2584 4041 γενναίως,
2613 3977 2772 4048 νικᾷν
2824 3977 2974 4032 ἔστιν
3003 3981 3206 4052 ἀρετὴν
3253 3983 3346 4036 καὶ
3381 3983 3460 4054 μὴ
3489 3984 3682 4038 πάντα
3713 3985 3902 4040 διδόναι

2300 4065 2365 4134 τῇ
2391 4065 2557 4136 τύχῃ·
2589 4065 2750 4120 τοῦτο
2785 4067 2895 4139 γὰρ
2937 4071 3052 4132 τοῖς
3101 4073 3330 4140 ἀγαθοῖς
3354 4073 3828 4146 ὲγκαλλώττισμα,
3849 4075 3904 4128 τὸ

2303 4155 2378 4224 μὴ
2424 4157 2523 4226 τὴν
2565 4157 2794 4229 γνώμην
2838 4163 3324 4232 συμμεταπίπτειν
3375 4166 3492 4228 τοῖς
3545 4167 3900 4238 πράγμασιν·

2299 4245 2497 4300 οὐκοῦν
2528 4247 2645 4311 ἃλις
2675 4248 2816 4302 ἔστω
2842 4250 3096 4323 δακρύων
3116 4269 3131 4284 ·
3163 4253 3224 4306 ού
3246 4255 3358 4324 γάρ
3381 4269 3476 4325 μιν
3499 4257 3761 4326 αίτήσεις
3784 4258 3902 4328 πρίν

2299 4355 2353 4391 τι
2387 4339 2556 4391 κακὴν
2585 4338 2714 4392 ἄλλο
2740 4340 3038 4396 παθέσοαι·
3087 4345 3202 4404 τοῖς
3249 4342 3307 4396 δὲ
3357 4343 3554 4398 παισὶν
3600 4346 3774 4410 αὐτὸς
3820 4349 3903 4400 καὶ

2230 4419 2275 4474 ι)
2305 4430 2490 4499 μήτηρ
2523 4431 2851 4500 γενήσεται·
2900 4434 2994 4486 καὶ
3041 4434 3176 4498 Θεὸς
3209 4436 3310 4498 τὰς
3355 4435 3446 4489 ἐπ’
3469 4437 3664 4502 αὐτοῖς
3693 4439 3932 4502 ἐλπξὸας.

2305 4525 2382 4586 εἰς
2413 4522 2576 4593 ἔργον
2603 4524 2720 4588 ἄξει
2743 4525 2822 4597 τῷ
2852 4525 3107 4596 νεύματι.

3157 4753 3174 4775 κ

2827 4789 2959 4846 Ml".
3001 4791 3364 4864 ΝΕΣΤΟΙἾῼ.

2377 4883 2590 4955 "lic:qu
2627 4900 2722 4937 σου
2773 4885 2840 4954 τῇ
2891 4884 3029 4952 καλῇ
3076 4884 3172 4938 καὶ
3223 4884 3345 4937 λίαν
3388 4886 3683 4958 ἐπιστολῇ,
3710 4888 3782 4941 τὰ
3815 4888 3902 4958 μὲν

2303 4975 2717 5049 ἀπολογουμένῃ
2746 4977 2877 5046 περὶ
2919 4977 3016 5045 τῆς
3069 4977 3289 5046 μακρᾶς
3323 4981 3560 5050 σιωπῆς,
3601 4982 3678 5050 ἣν
3726 4984 3776 5032 εἰ
3821 4983 3901 5032 καὶ

2305 5065 2569 5131 πολλάκις
2598 5069 2928 5140 ὲγεγράφεις
2949 5109 2964 5132 ,
2997 5063 3058 5120 εὖ
3107 5086 3196 5138 μοι
3225 5071 3359 5136 γοῦν
3389 5071 3584 5139 ἐσίγας
3617 5072 3787 5142 μέχρι
3815 5073 3900 5132 τὰς

2304 5159 2598 5223 ἐπιστολὰς
2629 5161 2929 5230 ἐδεξάμην·
2967 5161 3036 5214 τὰ
3075 5159 3132 5213 δὲ
3179 5163 3274 5214 καὶ
3309 5161 3428 5216 λίαν
3456 5164 3804 5236 ὲτιιτιμὼσῃ,
3833 5166 3900 5216 ὂτ·

2305 5269 2399 5304 σου
2432 5252 2532 5323 τὴν
2557 5253 2732 5321 ἀρχὴν
2765 5255 3054 5322 ἐνεκάλουν
3088 5257 3280 5323 σιγήν·
3314 5253 3492 5325 ἥσθην
3520 5257 3696 5325 ἄμφω
3723 5256 3906 5315 ταῦτα,

2307 5342 2383 5412 μὰ
2411 5343 2538 5405 τοὺς
2573 5343 2756 5406 θεούς·
2790 5347 2850 5397 τὸ
2886 5347 2984 5415 μὲν
3009 5349 3117 5416 γὰρ
3143 5348 3240 5416 οὐχ
3273 5349 3667 5416 ἡμαρτηκύτος
3695 5346 3763 5420 ἦν
3789 5365 3886 5412 περ

2304 5435 2492 5504 φίλους
2514 5451 2527 5464 ·
2558 5436 2620 5488 τὸ
2651 5437 2706 5490 δὲ
2733 5425 2865 5507 μηδέ
2915 5439 3248 5508 βουλομένου
3279 5441 3529 5493 τοιούτου
3565 5445 3751 5511 τυχεῖν
3772 5459 3785 5470 ·
3814 5443 3902 5508 ἧτ-

2303 5547 2474 5597 τημαι
2505 5530 2681 5581 τοίνυν
2715 5529 2928 5600 σιωπὴν
2978 5530 3278 5599 ἐγκαλέσας
3303 5547 3316 5560 ·
3363 5534 3460 5584 καὶ
3511 5533 3810 5602 βουλοίμην
3845 5531 3903 5583 ἄν

2302 5621 2592 5684 διο-παντὸς
2645 5623 2704 5674 ἐν
2747 5621 2924 5692 τούτῳ
2979 5625 3268 5676 νικᾶσθαι·
3309 5624 3576 5692 δέδεγμαι
3607 5627 3665 5680 δέ
3698 5642 3789 5678 σου
3815 5624 3900 5682 τὰς

2306 5713 2591 5779 ἐπιστολὰς
2643 5714 2818 5788 χρόνῳ
2873 5718 2966 5772 7.1".
3024 5718 3215 5789 μόλις·
3278 5719 3373 5771 καὶ
3425 5719 3460 5789 ἥ
3513 5735 3579 5786 γε
3641 5716 3788 5789 παρὰ
3816 5713 3895 5768 σοῦ
