3966 6318
80 210 228 274 97-53

1524 201 1933 263 EPISTOL

3214 205 3354 269 2754

78 325 277 396 πρώτη
326 325 457 392 πρὶς
506 322 652 390 ἡμᾶς
704 320 929 387 ἁρῖκται
977 321 1231 389 δευτέρα·
1289 323 1376 372 σὺν
1421 321 1461 371 δ’
1490 323 1552 371 iv
1589 322 1663 370 εἴτ

1782 335 1995 382 Μήητιεν
2056 319 2105 368 in
2181 319 2282 370 hoc
2339 317 2475 370 vinci
2512 336 2522 370 :
2561 318 2732 384 ωδε-μὶ
2796 329 2916 370 tuas
2968 321 3170 373 litteras
3235 333 3353 375 tan-

78 420 327 479 σκοπεῖν,
352 418 427 477 ὡς
456 417 501 465 εί
528 414 699 465 δοκῶν
734 412 1037 465 ἀδικεῖσθαι
1072 413 1322 463 τοσοῦτον
1354 412 1662 481 κατηγορῶ,

78 510 161 573 τίς
193 509 258 562 ἂν
286 506 542 574 γενοίμην
575 507 741 567 ὅντως
775 504 994 567 παοὼνς

614 772 742 823 MA'.
789 768 1122 838 metune.

151 867 224 918 Σὺ
257 864 353 934 μὲν
388 862 467 914 ἔτι
510 862 697 930 σιγᾷς·
754 861 846 911 καὶ
885 858 1060 911 ταῦτα
1105 858 1203 927 τὴν
1232 859 1448 925 Δάφνην
1478 857 1663 917 οἰκῶν,

73 952 143 1005 τὸ
190 950 348 1002 λάλον
394 948 540 1016 ὕδωρ
582 949 760 1000 ἐκεῖνο
805 946 903 999 καὶ
952 948 1249 1016 μαντικόν’
1279 946 1389 1015 ἐγὼ
1416 949 1471 999 δὲ
1503 948 1665 999 πάλιν

74 1042 404 1114 περισκοπῶ
432 1042 528 1103 τὰς
562 1040 819 1101 ὁλκάδας.
857 1040 1131 1110 μετέωρος
1159 1039 1249 1095 ἀεὶ
1283 1040 1416 1109 πρὸς
1446 1042 1506 1091 τὸ
1538 1040 1657 1108 μέλ-

70 1134 169 1188 λον
201 1134 479 1202 γινόμενος
504 1148 518 1162 ⁸
546 1133 602 1185 αἱ
628 1132 685 1184 δὲ
720 1150 819 1184 που
850 1131 1174 1200 καταίρουσι
1203 1132 1295 1182 καὶ⁸
1323 1131 1546 1197 δευτέρα
1574 1132 1664 1182 καὶ

69 1225 257 1295 τρίτη,
289 1226 382 1277 καὶ
414 1224 483 1275 τὰ
513 1222 634 1275 καθ’
660 1223 807 1290 ἡμᾶς
836 1222 1201 1291 διελέγχουσιν
1226 1222 1300 1285 ὡς
1335 1224 1493 1291 μόνον
1522 1218 1663 1293 ἦσαν

68 1317 295 1378 ἐλπίδες
317 1332 329 1344 ·
367 1317 467 1383 τὴν
511 1313 566 1366 δὲ
612 1313 714 1381 τῆς
758 1313 914 1380 σιγῆς
950 1313 1130 1365 αἰτίαν
1165 1314 1373 1374 σκοπῶ,
1404 1314 1497 1366 καὶ
1525 1330 1661 1367 παν-

69 1405 307 1474 ταχόθεν
346 1404 672 1473 ὴπόρημαν
723 1404 770 1454 εί
817 1403 916 1471 μὲν
943 1402 1052 1470 γάρ
1090 1420 1143 1456 τι
1170 1403 1448 1472 λελύπηκα
1483 1404 1661 1458 καίτοι

66 1497 324 1564 λυπήσας
358 1496 557 1564 μηδὲν,
590 1496 765 1547 ταῦτα
802 1494 902 1562 μὲν
931 1494 1163 1562 οἰχέσθω
1192 1494 1288 1547 καὶ
1319 1496 1537 1565 φέροιεν
1564 1493 1662 1548 αὖ·

70 1605 171 1656 ραι
194 1602 207 1615 ’
262 1587 432 1655 μείζω
458 1586 502 1637 δ’
530 1567 801 1653 οὖν’ὃμως
829 1584 938 1636 τῶν
966 1584 1327 1653 ἐγκλημάτων
1358 1586 1661 1656 ὑφίσταμαι

1772 412 1892 462 dem
1958 420 2010 463 et
2056 409 2269 461 tlillirile
2307 427 2319 462 :
2373 418 2426 463 et
2480 410 2665 477 prima:
2722 426 2853 478 quas
2897 412 3091 465 misisti
3138 414 3204 466 ad
3251 428 3356 467 nos

1770 503 2022 555 secundm
2082 511 2389 555 venerunt:
2424 502 2734 555 consideres
2793 503 2978 570 igitur.
3037 503 3082 557 si
3136 514 3347 557 tantum

1772 605 2094 645 aecusncm
2135 592 2332 661 injuria
2365 590 2503 645 allici
2540 592 2790 656 credens,
2820 593 2994 663 qualis
3027 609 3200 650 essent
3230 611 3348 650 rra-

1771 683 1896 736 liter
1930 698 2145 752 passus.

2266 774 2451 830 XLIV.
2484 773 2872 829 STEI‘IIANO.

1841 865 1920 919 Ttt
1953 867 2169 934 quidem
2208 868 2387 919 adhuc
2415 867 2566 929 siles,
2600 876 2653 919 tu
2678 867 2769 934 qni
2822 866 3060 935 Daphnin
3114 868 3342 933 habitas,

1776 972 1948 1027 prope
1969 973 2162 1027 aquam
2208 955 2354 1009 illam
2380 957 2757 1026 ιοιιιιιιεοιηλει
2803 960 3200 1025 propheticam.
3236 959 3350 1029 Ego

1782 1056 1963 1100 autem
1996 1047 2580 1114 rursnscircnmspicio
2610 1062 2796 1109 naves,
2846 1056 3087 1099 attentus
3108 1050 3173 1099 ad
3208 1049 3348 1101 futti-

1769 1152 1889 1191 rntn
1924 1136 2121 1191 factus.
2156 1135 2287 1202 Quae
2318 1137 2537 1204 quidem
2597 1134 2947 1205 appelluntur
2997 1144 3054 1190 et
3106 1140 3345 1191 secunda

1765 1237 1819 1281 et
1850 1226 2029 1288 tertia,
2089 1235 2145 1280 et
2207 1226 2341 1279 nihil
2392 1225 2539 1279 aliud
2588 1226 2893 1280 ostendunt
2943 1241 3105 1294 quam
3163 1228 3349 1281 irritas

1765 1317 1933 1373 fuisse
1978 1333 2102 1386 spes
2136 1327 2370 1374 nostras.
2430 1316 2530 1370 Tui
2590 1317 2791 1370 silentii
2845 1332 3065 1371 causam
3120 1318 3348 1375 investi-

1765 1425 1923 1480 gans,
1987 1411 2230 1480 undique
2279 1409 2475 1463 dnhitts
2513 1408 2735 1462 lluctno.
2790 1407 2846 1462 Si
2897 1410 3042 1463 enim
3078 1418 3129 1462 te
3168 1409 3349 1479 aliquo

1768 1502 1927 1555 modo
1961 1503 2279 1556 contristavi
2315 1502 2585 1570 (quamvis
2618 1501 2840 1554 minime
2864 1501 3346 1571 contristaverin),

1770 1594 1870 1647 hnc
1915 1594 2165 1648 abeundo
2191 1594 2441 1648 auferant
2472 1609 2616 1647 aura:
2655 1609 2669 1644 :
2704 1593 2964 1660 majorem
2998 1607 3127 1663 ergo
3147 1595 3348 1647 ιιὶιιειυ.

64 1679 249 1749 δίκην,
277 1680 324 1732 εἰ
357 1678 431 1747 μὴ
463 1678 750 1739 λαλοῦντος
796 1676 1137 1746 ἀκούσομαι·
1183 1680 1231 1730 εί
1280 1677 1339 1730 δὲ
1384 1679 1660 1747 τηνάλ).ως

1772 1683 1944 1736 minus
2001 1684 2319 1738 criminibus
2373 1684 2508 1736 meis
2560 1684 2728 1737 subeo
2785 1697 3023 1751 positam,
3091 1686 3135 1736 si
3169 1693 3344 1738 tenon

66 1772 277 1843 ἀκκίζῃ
329 1772 401 1841 μὴ
444 1771 703 1824 δύνασθαι
730 1771 903 1837 λέγων
935 1772 1013 1833 εἰς
1042 1771 1238 1834 κάλλος
1269 1773 1442 1824 εἰπεῖν
1463 1813 1478 1834 ,
1508 1774 1663 1827 δικα-

69 1867 200 1915 σταὶ
228 1865 429 1915 τούτων
456 1864 636 1932 ἡμεῖς,
664 1863 759 1915 καὶ
788 1864 887 1931 τὴν
914 1864 1095 1915 αἰτίαν
1123 1864 1456 1933 μεμφόμεθα
1479 1881 1493 1896 ·
1532 1865 1662 1918 ἀλλ’

66 1956 177 2026 ᾕδη
204 1972 302 2008 που
327 1954 466 2024 τάχα
491 1954 550 2007 τὸ
568 1956 801 2023 πρᾶγμα
825 1954 1186 2025 μαντεύομαι,
1216 1956 1352 2024 μηδὲ
1374 1957 1476 2025 τὴν
1526 1958 1661 2026 ὑμε-

65 2047 241 2116 τέραν
288 2045 503 2114 Aci-{.qu
556 2043 723 2097 πιὼν*
775 2043 1039 2115 ἐρυθριᾷν
1074 2047 1266 2115 φήσεις
1297 2046 1372 2109 ὡς
1405 2049 1660 2117 παραϐὰς

63 2138 175 2205 ’τὴν
216 2135 528 2203 ὑπόσχεσιν,
560 2135 655 2187 καὶ
697 2134 796 2196 τὰς
836 2134 1109 2204 συνθήκας
1141 2135 1431 2205 ὑπεριδὼν,
1464 2139 1558 2191 καὶ
1601 2138 1662 2191 τὺ

66 2226 281 2297 βιϐλίον
307 2226 429 2294 ἕχον
462 2242 564 2277 που
596 2225 778 2295 τρίτον
806 2225 840 2295 ἦ
869 2225 1129 2295 τέταρτον
1156 2226 1276 2289 ἔτος
1306 2227 1463 2280 τουτῖ
1486 2268 1497 2287 .
1527 2230 1556 2281 ὁ
1586 2230 1659 2298 μὴ

66 2319 131 2371 δὲ
159 2318 333 2385 τρίτον
368 2320 513 2387 μῆνα
533 2316 784 2382 καθέξειν
819 2316 1293 2385 ἐπαγγειλάμενος
1315 2334 1327 2347 ·
1358 2318 1533 2371 ταῦτα
1555 2319 1663 2371 τοί-

67 2428 172 2462 νυν
208 2412 255 2461 εἰ
285 2409 383 2478 μὲν
412 2407 716 2478 ἀχθόμενος
753 2410 917 2477 ἐρεῖς,
947 2408 1106 2477 δόξης
1142 2410 1219 2477 μὴ
1247 2409 1418 2461 πλείω
1469 2410 1661 2480 χρόνον

74 2504 396 2574 κρατήσεις,
432 2502 527 2555 καὶ
553 2502 652 2570 τὴν
685 2502 898 2570 σιωπὴν
933 2502 1337 2567 ἀποδεξάμενος
1363 2503 1424 2555 τὸ
1455 2503 1661 2572 σύμϐο-

72 2596 167 2646 ὶον
216 2594 312 2661 τῆς
361 2592 565 2654 αἰδοῦς,
597 2592 755 2660 δόξης
790 2592 864 2661 μὴ
894 2591 1068 2645 πλείω
1099 2592 1292 2663 χρόνον
1322 2596 1619 2663 κρατήσεις
1644 2611 1656 2623 ·

68 2693 146 2758 τῇ
177 2689 389 2757 ἀνάγκῃ
409 2687 470 2739 τὸ
496 2687 730 2756 πρᾶγμα
748 2684 1034 2755 λογίζομαι
1054 2702 1068 2717 ·
1097 2686 1275 2739 καίτοι
1300 2686 1506 2755 βιϐλίον
1532 2688 1661 2756 ὑμῖν

67 2780 343 2842 δεδωκὼς,
368 2772 429 2832 οὗ
453 2779 551 2848 τὴν
578 2778 743 2847 τιμὴν
771 2779 983 2830 οὐδέπω
1005 2778 1100 2831 καὶ
1124 2777 1219 2830 νῦν
1239 2778 1626 2848 καταϐέϐληκα
1643 2796 1658 2810 υ

69 2871 194 2926 ἀλλ’
245 2870 436 2939 ἄδηλον
468 2871 577 2922 εἴτε
632 2869 727 2920 τοῦ
774 2868 1185 2938 πιπράσκοντός
1217 2871 1384 2932 ἐστιν,
1422 2868 1538 2922 εἴτε
1566 2869 1661 2922 τοῦ

1766 1776 1982 1828 audiant
2018 1776 2349 1844 loquentem.
2404 1774 2461 1829 Si
2505 1766 2642 1827 forte
2688 1776 2843 1843 quasi
2886 1775 3166 1830 de‘icatior
3199 1778 3347 1831 dcas

1768 1870 1963 1919 te‘non
2001 1867 2248 1935 potuisse
2278 1868 2343 1919 ad
2375 1882 2606 1933 unguem
2644 1866 2832 1932 loqui;
2870 1883 2990 1929 nos,
3022 1867 3098 1920 tui
3128 1867 3347 1935 jttdices

1770 1957 1919 2019 facti,
1961 1958 2103 2012 hanc
2135 1973 2355 2011 causam
2386 1959 2775 2026 vituperamus.
2832 1957 2938 2012 Sed
2962 1957 3075 2024 jam
3104 1972 3205 2028 ego
3232 1974 3345 2012 rem

1774 2047 2000 2101 forsitan
2064 2063 2318 2117 auguror,
2381 2050 2631 2112 quamvis
2693 2048 2929 2115 Daphnze
2974 2046 3178 2103 fontem
3239 2063 3346 2102 non

1764 2138 2016 2193 biberint.
2083 2140 2305 2192 Dieeste
2338 2139 2537 2205 pudere
2570 2138 2713 2205 quod
2762 2151 2889 2204 ego,
2954 2140 3115 2191 tidem
3162 2149 3345 2191 trsns—

1777 2241 1997 2296 gressus
2024 2236 2081 2281 et
2112 2227 2287 2295 pactis
2332 2241 2437 2279 non
2465 2238 2639 2288 Stans,
2694 2241 2724 2278 a
2760 2227 2972 2281 duobus
3024 2228 3105 2281 vel
3173 2228 3348 2283 tribus

1775 2318 1936 2372 annis
1980 2318 2122 2372 hunc
2159 2318 2330 2387 ipsum
2366 2316 2647 2370 habuerim
2690 2316 2925 2379 librum,
2990 2333 3152 2386 quem
3210 2335 3347 2373 nun-

1764 2411 2026 2461 tiaverant
2070 2421 2138 2461 ne
2183 2416 2297 2461 tres
2327 2409 2549 2476 quidem
2585 2421 2803 2461 menses
2836 2409 2967 2460 mihi
3000 2410 3343 2463 retinendum

1762 2514 1907 2554 esse.
1945 2500 2004 2553 ιι]
2036 2498 2081 2552 si
2107 2508 2261 2552 ratus
2292 2498 2521 2561 dixeris,
2555 2513 2663 2551 non
2698 2498 2902 2552 diutius
2936 2514 3051 2552 mea
3080 2501 3345 2566 gaudebis

1770 2591 2221 2654 existimatione;
2260 2591 2304 2643 si
2329 2590 2606 2643 silentium
2656 2604 2754 2659 pro
2794 2590 3018 2658 pudoris
3061 2590 3216 2658 signo
3246 2592 3345 2644 Ita-

1766 2684 1968 2743 bueris,
2014 2697 2119 2734 non
2174 2682 2378 2735 diutius
2438 2685 2573 2734 bona
2618 2682 2818 2736 frueris
2869 2683 3151 2751 opinione.
3212 2684 3347 2739 Fato

1769 2788 1881 2825 rem
1918 2774 2101 2825 tribuo
2142 2788 2159 2826 :
2201 2783 2254 2825 ttt
2291 2774 2508 2840 quidem
2548 2773 2745 2826 librttm
2802 2773 2953 2827 nobis
2984 2773 3201 2836 dedisti,
3251 2791 3345 2827 en-

1758 2865 1849 2933 jus
1909 2867 2148 2934 pretium
2204 2864 2441 2917 nondum
2503 2864 2673 2931 soivi;
2741 2864 2836 2919 sed
2891 2864 3158 2919 incertum
3222 2877 3347 2920 erat

69 2964 365 3025 δεδωκῦτος
415 2962 580 3032 ὁμοῦο
632 2962 747 3013 ἀλλ’
775 2963 923 3030 ὅμως
970 2960 1126 3013 οὐδὲν
1178 2960 1431 3032 ἐμποδὼν
1476 2965 1542 3031 τῇ
1594 2964 1659 3032 σῇ

1772 2967 1950 3008 utrum
1989 2956 2314 3009 venderetnr
2341 2970 2408 3006 an
2434 2969 2498 3006 ex
2536 2970 2682 3007 mera
2718 2955 2943 3009 daretur
2994 2957 3363 3013 liberalium.-

71 3052 237 3125 χρείᾳ
270 3053 605 3122 πεποίημαι·
634 3052 695 3104 οὐ
726 3051 787 3104 τὸ
816 3050 908 3104 τοῦ
940 3052 1221 3119 κτήματος
1254 3050 1448 3119 ἄδηλον
1469 3067 1482 3082 ο
1511 3053 1569 3103 οὐ
1602 3052 1661 3104 τὸ

67 3146 188 3197 δῖῖν
220 3142 278 3208 ἐξ
300 3144 465 3198 αὐτοῦ
500 3161 552 3196 τι
588 3143 804 3211 μαθεῖν·
835 3142 971 3195 ἀλλὰ
1002 3143 1179 3195 πάντα
1205 3142 1449 3213 παριδὼν
1474 3184 1487 3207 ,
1524 3144 1663 3212 μετὰ

71 3234 286 3288 πολλῶν
301 3234 366 3287 ἄν
399 3252 481 3287 σοι
510 3235 805 3304 παρέσχον,
835 3236 885 3286 εἰ
916 3235 1009 3287 καὶ
1036 3233 1195 3287 τοῦτο
1220 3237 1395 3287 ποιεῖν
1428 3235 1664 3303 συνεχώ-

74 3342 223 3389 ριισα
244 3341 257 3355 '
304 3327 454 3395 ὅμως
482 3326 635 3379 οὐδὲν
661 3326 834 3377 δεινὸν
875 3327 925 3377 εἰ
974 3325 1138 3395 μέχρι
1169 3322 1263 3378 τοῦ
1294 3323 1390 3378 νῦν
1415 3326 1574 3396 ὁρίζῃ
1602 3326 1662 3377 τὸ

74 3417 308 3489 βράδοςο
359 3418 408 3468 εί
460 3416 517 3468 δὲ
568 3416 900 3487 προσθήσεις
943 3416 1058 3480 ἐτι,
1091 3417 1346 3470 τοσοῦτον
1371 3417 1665 3470 ἀπολαύσω

68 3507 175 3560 τοῦ
199 3508 530 3577 *πράγματος
577 3508 659 3559 ὃτι
705 3507 771 3577 δὴ
802 3508 1012 3570 πάντας
1042 3508 1303 3567 ἀπίστους
1343 3510 1621 3580 ἡγήσρμαι
1647 3525 1659 3538 ⁸

71 3597 133 3649 τί
168 3596 275 3667 γὰρ
310 3598 376 3648 ἂν
405 3596 711 3665 ὲλπίσαιμι,
736 3597 887 3666 παρὰ
919 3596 1012 3648 σοῦ
1036 3599 1263 3651 τοιαῦτα
1291 3599 1513 3664 παθὼνς
1541 3599 1667 3652 ἀλλ’

73 3687 181 3756 οὐχ
211 3687 238 3739 ὅ
286 3702 350 3754 γε
386 3683 695 3755 σοφώτατος
732 3686 981 3756 Ἰωάννης
1012 3686 1276 3750 τοιοῦτος,
1311 3688 1371 3749 ὃς
1399 3689 1456 3740 ἒν
1487 3689 1666 3741 λαϐὼν

74 3779 211 3850 παρ’
243 3778 402 3848 ἐμοῦ.
442 3777 562 3848 μετ’
586 3779 647 3831 οὐ
695 3777 864 3830 πολὺν
893 3779 1087 3848 χρόνον
1133 3779 1388 3848 δεύτερον
1420 3796 1666 3849 προσαπ-

71 3871 352 3926 έστειὶεν·
388 3869 562 3933 οῆτως
595 3870 894 3941 εὐγνώμων
942 3872 1121 3924 δοκεῖν
1168 3871 1329 3941 ἤθελε
1382 3870 1580 3941 μᾶλλον
1630 3873 1661 3941 ἢ

71 3960 379 4028 κεκτῆσθαι
410 3959 631 4030 βιϐλίον’
664 3963 759 4013 καὶ
790 3962 864 4031 μή
898 3979 987 4029 μοι
1020 3962 1167 4029 λέγε,
1191 3963 1265 4025 ὡς
1296 3962 1409 4016 Οὐκ
1437 3965 1665 4032 ἀπορεῖν

70 4051 281 4104 ἐθέλων
314 4053 605 4121 κατέσχονο
639 4052 800 4104 τοῦτο
825 4054 924 4121 μὲν
956 4054 1065 4124 γὰρ
1088 4054 1341 4123 τυγχάνω
1371 4055 1666 4122 πεπεισμέ-

72 4161 194 4207 νος,
225 4144 322 4197 καὶ
360 4145 454 4196 sui.
505 4143 677 4213 μέγαν
724 4144 885 4213 ὅρκον
936 4143 1213 4214 ὀμοῦμαι·
1263 4143 1379 4197 ἀλλ’
1408 4145 1506 4197 οὐκ
1558 4145 1667 4198 ἔδει

73 4237 408 4304 παρατεῖναι
436 4235 516 4305 τῷ
548 4235 734 4307 βράδιι
755 4251 768 4265 ·
799 4237 933 4289 ὅπου
964 4252 1027 4303 γε
1058 4237 1154 4289 καὶ
1193 4233 1310 4289 ἴσον
1337 4236 1565 4290 δύναται
1590 4237 1667 4307 τῷ

1738 3583 1745 3592 ’
1768 3607 1976 3645 moram
2054 3591 2210 3645 ﬁnias
2243 3608 2257 3655 ;

1766 3046 2106 3115 Caétrruquin
2141 3046 2345 3098 nttllntn
2378 3047 2680 3105 c0ntnt0dis
2716 3046 2822 3100 luis
2859 3047 3013 3101 attuli
3043 3050 3344 3103 detrimen-

1769 3148 1905 3200 litui,
1940 3152 2038 3189 nec
2077 3148 2348 3205 quatenus
2380 3138 2587 3192 incetta
2622 3148 2707 3191 est
2748 3137 2864 3191 libri
2921 3139 3209 3207 possessio,
3249 3155 3348 3194 nec

1766 3238 2041 3296 quatenus
2103 3239 2319 3296 oportet
2381 3228 2582 3299 aliquid
2638 3244 2705 3282 ex
2768 3230 2960 3284 eodem
3022 3241 3073 3284 te
3113 3231 3343 3285 discere.

1770 3322 2184 3385 Verumtamen,
2212 3321 2469 3374 omnibus
2518 3320 2602 3374 his
2636 3320 2781 3373 nulla
2830 3322 3133 3376 attentione
3182 3324 3344 3389 data,

1766 3423 1888 3463 cum
1944 3410 2131 3464 multis
2177 3425 2288 3464 rem
2334 3411 2425 3464 tibi
2474 3411 2847 3479 priestitissem
2874 3451 2889 3477 ,
2955 3412 3000 3465 si
3037 3412 3140 3466 hoc
3169 3412 3349 3466 facete

1767 3503 2166 3555 concessisses.
2235 3499 2605 3555 Nihilominus
2641 3504 2864 3556 minime
2922 3505 3117 3557 mirum
3167 3513 3252 3557 est
3303 3506 3349 3557 si

2329 3592 2472 3660 quod
2532 3593 2576 3645 si
2638 3607 2669 3644 e
2716 3603 2907 3646 contra
2979 3597 3349 3662 produxeris,

1769 3685 1820 3738 id
1858 3683 2109 3735 utilitatis
2144 3698 2229 3736 res
2272 3684 2372 3735 ista
2418 3684 2548 3735 tnihi
2587 3682 2804 3747 afferet,
2861 3685 3003 3751 quod
3045 3701 3237 3740 omnes
3261 3703 3350 3740 re-

1767 3776 1967 3843 pntabo
1991 3773 2212 3828 fallat-es
2246 3793 2259 3827 :
2294 3777 2566 3843 quomodo
2605 3776 2748 3826 enim
2787 3775 3082 3839 coniidam,
3145 3777 3272 3829 talia
3313 3794 3344 3832 a

1764 3876 1821 3919 te
1878 3863 2209 3932 perpessus?
2262 3861 2374 3915 Non
2434 3863 2558 3915 talis
2608 3862 3047 3931 sapientissimus
3085 3862 3349 3929 Joannes,

1768 3958 1883 4026 qui,
1909 3972 2017 4008 uno
2042 3956 2180 4008 lihto
2214 3970 2241 4006 a
2287 3967 2371 4007 nte
2405 3963 2654 4021 accepto,
2679 3953 2909 4008 alterum
2936 3968 3041 4008 non
3079 3956 3151 4008 ita
3176 3957 3351 4011 multo

1768 4059 1890 4117 post
1932 4048 2061 4100 mihi
2084 4048 2274 4100 misit:
2319 4050 2447 4099 ades
2493 4048 2682 4099 maluit
2732 4046 2908 4101 comis
2964 4047 3138 4101 videri
3181 4064 3349 4117 quam

1771 4143 1966 4195 librum
1999 4141 2300 4208 possidere.
2331 4139 2439 4194 Nec
2465 4140 2616 4192 diras
2643 4154 2729 4194 me
2754 4140 3044 4197 retinuisse
3087 4146 3348 4211 pretium,

1768 4235 1893 4303 quia
1930 4232 2213 4302 penuriam
2253 4232 2425 4286 vitare
2476 4230 2721 4285 volebatn
2756 4246 2773 4286 :
2814 4232 2867 4289 id
2923 4234 3067 4287 enim
3119 4247 3349 4302 persnao

74 4331 410 4395 ἀποστερεῖν
452 4327 531 4397 τῷ
586 4328 766 4398 χρόνῳ
811 4329 903 4381 καὶ
952 4328 1107 4397 μόλις
1154 4329 1500 4382 άποδιδόναν
1531 4329 1663 4383 ἀλλὰ

1772 4341 1891 4381 sum
1953 4325 2147 4386 habeo,
2200 4333 2256 4377 et
2301 4338 2495 4392 magno
2531 4322 2839 4389 iuramento
2868 4324 3100 4380 allirmo.
3154 4330 3349 4384 Atnon

79 4418 220 4488 πρὸς
262 4419 446 4485 φιλίαν
498 4421 572 4489 μὴ
605 4420 910 4491 ἀναμείνῃς
943 4420 1023 4471 ἐτι
1057 4419 1288 4489 δεύτερα
1317 4420 1627 4491 γράμματα
1650 4438 1664 4452 ο

81 4510 221 4584 μηδὲ
268 4511 452 4565 πλοῖον
486 4510 672 4580 ἓτερον
727 4500 852 4580 ῆτδ
901 4510 1126 4579 κομίζον
1179 4527 1262 4563 σοι
1308 4514 1405 4580 την
1453 4514 1668 4577 ἐπιστο-

76 4606 202 4674 λήν.

638 4869 770 4921 ME’.
812 4868 1110 4938 ΔΙΟΔΩΡῼ.

163 4958 225 5013 '0
259 4960 440 5030 φέρων
476 4976 557 5011 σοι
591 4961 686 5029 τὴν
714 4958 1037 5028 ἐπιστολὴν,
1066 4959 1128 5011 οὐ
1170 4957 1264 5010 νῦν
1292 4960 1509 5027 πρῶτον
1544 4977 1669 5013 πει-

78 5045 387 5117 ραθήσεται
421 5046 521 5115 τῆς
574 5046 791 5109 εὐνοίας
834 5047 933 5116 τῆς
972 5050 1106 5115 σῆς,
1138 5046 1252 5101 ἀλλ’
1286 5047 1368 5100 ἔτι
1394 5050 1494 5119 τὴν
1519 5049 1667 5119 πρώ-

73 5155 180 5208 την
230 5136 608 5208 διηγούμενος,
656 5137 921 5206 δευτέραν
963 5136 1194 5206 λήψεται
1240 5140 1472 5209 πεῖραν·
1507 5140 1583 5203 ὡς
1610 5140 1667 5192 ce

71 5227 248 5287 δοκῶ,
273 5231 411 5299 τάχα
441 5230 537 5281 καὶ
564 5228 816 5297 μείζοναο
857 5228 1074 5298 ἐκείνης
1104 5228 1204 5298 μὲν
1224 5229 1331 5299 γὰρ
1357 5229 1666 5299 ἁπήλαυσε,

74 5318 351 5390 κηδεστὴς
392 5319 672 5373 καλεῖσθαι
707 5319 915 5389 μέλλων
942 5319 1207 5391 ἡμέτερος
1228 5337 1243 5350 ⁸
1271 5318 1476 5390 ταύτην
1497 5322 1554 5374 δὲ
1574 5322 1669 5392 λή-

69 5409 266 5482 ψεται,
299 5411 394 5462 καὶ
441 5410 506 5481 δὴ
552 5410 689 5481 πρὸς
736 5411 896 5481 ἔργον
930 5409 1098 5462 ἐλθών
1122 5428 1133 5440 ο
1168 5412 1196 5463 ὁ
1228 5410 1283 5462 δέ
1313 5427 1376 5477 γε
1406 5411 1668 5481 μέλλοντα

72 5505 273 5557 τοῦτον
304 5504 543 5575 τιμήσας
564 5543 580 5565 ,
609 5504 693 5566 τίς
720 5504 785 5557 ἂν
812 5504 896 5574 εἴη
924 5506 1288 5573 γεγενημένος
1316 5504 1437 5555 ἰδών
1458 5520 1473 5569 ;
1498 5501 1671 5575 Οἶμαι

72 5595 190 5667 γὰρ
220 5594 295 5660 ὡς
327 5596 436 5648 τῶν
482 5600 654 5665 νόμων
694 5597 856 5658 εὐθὺς
886 5598 1087 5669 ταμεῖα
1122 5594 1364 5667 κινήσεις
1385 5611 1401 5626 ·
1436 5597 1530 5647 καὶ
1558 5614 1666 5651 πα-

1771 4417 2010 4485 oportnit
2039 4432 2219 4469 moras
2246 4417 2634 4482 internectere,
2661 4431 2782 4469 cum
2813 4415 2954 4470 idem
2981 4417 3255 4486 signiﬁcet
3281 4423 3351 4475 de

1769 4509 1857 4563 die
1893 4509 1944 4560 in
1975 4509 2118 4561 dietn
2156 4511 2368 4577 privare
2393 4524 2555 4575 quam
2581 4523 2726 4575 agre
2772 4508 3021 4562 reddere.
3058 4506 3254 4564 Verum
3279 4515 3349 4565 ad

1770 4601 2067 4654 amicitiam
2129 4617 2197 4654 ne
2239 4613 2528 4669 exspectes
2560 4600 2852 4655 secundas'
2882 4600 3112 4667 litteras,
3175 4616 3352 4673 neque

1770 4692 1973 4761 aliquid
1992 4693 2136 4745 aliud
2169 4708 2331 4762 quam
2363 4695 2508 4762 quod
2542 4693 2768 4761 requirit
2796 4694 3218 4749 transmittenda
3249 4698 3348 4750 tibi

1775 4786 1888 4838 haec
1927 4784 2176 4852 epistola.

2329 4873 2493 4929 XLV.
2538 4873 2864 4931 ῡιουοιιο.

1843 4970 1945 5036 Qui
1977 4971 2118 5024 hanc
2155 4969 2250 5023 tibi
2287 4969 2392 5023 fert
2424 4970 2735 5038 epistolam,
2781 4984 2887 5024 nan
2941 4985 3085 5025 nunc
3114 4972 3348 5039 primum

1781 5071 1927 5115 tuam
1954 5061 2273 5129 experietur
2312 5061 2791 5127 benevolentiam;
2848 5062 2943 5116 sed
2986 5064 3216 5132 primam
3249 5063 3351 5118 ad-

1772 5150 1876 5203 huc
1904 5165 2232 5212 memorans,
2261 5151 2556 5204 secundum
2595 5163 2778 5205 sumet
2807 5152 3223 5220 experientiam,
3256 5170 3342 5214 ac.

1774 5247 1831 5291 ιιι
1866 5252 2019 5306 puto,
2057 5240 2242 5293 forsan
2279 5239 2471 5295 adhuc
2499 5241 2804 5295 meliorem.
2840 5240 3016 5295 Priori
3041 5242 3185 5295 enim
3218 5243 3351 5295 frui-

1774 5339 1862 5381 ttts
1891 5339 1997 5391 est,
2030 5328 2203 5385 allittis
2241 5342 2427 5386 noster
2470 5347 2596 5385 mox
2632 5334 2939 5396 vocandus;
2994 5334 3348 5402 posteriorem

1772 5433 1902 5472 vero
1956 5430 2158 5489 sumet,
2214 5437 2338 5476 cttm
2372 5422 2442 5476 ad
2476 5422 2747 5490 orgOtitnn
2817 5423 3027 5475 venerit
3060 5440 3074 5476 :
3104 5423 3197 5493 qui
3256 5442 3351 5476 au-

1771 5520 1881 5565 tem
1907 5512 2056 5565 illum
2094 5521 2381 5568 venturum
2441 5516 2740 5576 honorasti,
2791 5516 3064 5581 quomodo
3127 5516 3352 5573 habebis

1768 5603 1879 5673 jam
1917 5604 2130 5659 visum?
2162 5606 2319 5672 Nam,
2347 5617 2402 5660 ut
2434 5623 2613 5677 spero,
2689 5608 2864 5673 legunt
2896 5608 3076 5662 statim
3125 5621 3349 5666 ωσοιιο-
