4000 6314
617 200 758 265 2755

1950 188 2305 251 PROCOPII
2339 190 2584 253 GAZ/EI

3742 193 3907 259 ’2756

618 314 781 367 iniam
813 316 1155 369 moturuses,
1213 309 1272 359 et
1329 302 1571 373 linguam
1607 311 1833 364 aeneas,
1889 297 2198 370 iniquorum

2311 299 2543 369 ραθήξας
2573 298 2672 367 τὴν
2697 296 2945 367 γλῶτταν
2975 298 3069 351 xui
3095 298 3205 351 τῶν
3233 298 3577 354 ἀδικούντων
3602 300 3786 372 λόγων
3807 304 3900 356 ll:-

615 414 927 459 scrmonum
970 396 1150 451 fontes
1198 393 1477 463 spumabis
1512 410 1527 447 :
1568 389 1634 444 ad
1682 389 1814 459 quid
1861 389 2009 444 enim
2054 386 2201 442 aliud

614 508 778 565 quam
812 499 1068 560 suggesto
1091 485 1254 541 Attici
1280 484 1346 538 ad
1375 482 1693 538 memoriam
1723 479 1903 535 adibis
1930 488 2202 550 spectato-

619 603 733 644 rem
795 584 908 638 Hoc
937 580 1030 636 tibi
1061 579 1352 634 dicendum
1388 577 1585 637 habeo,
1642 573 1744 628 hoc
1782 573 1941 628 adest
1973 584 2201 643 aperans

618 677 971 739 adolescens;
1009 683 1184 738 neque
1212 682 1312 740 ego
1345 665 1611 721 mendacii
1656 664 1975 730 convincar,
2024 676 2203 733 neque

621 769 723 822 hoc
746 765 948 819 frustra
981 760 1305 829 speraverit.

683 854 868 911 XLVI.
900 848 1270 919 ZACHARUE
1297 847 1382 903 ET
1399 844 1718 901 PHILIPPO
1743 842 2173 899 FRATRIBUS.

697 950 896 1002 Vestra:
926 942 1168 1014 epistola:
1198 952 1254 996 et
1285 950 1529 993 vestram
1568 952 1701 1005 ergo
1743 950 1841 990 nos
1873 934 2204 989 benevolen-

624 1043 752 1095 tiam
817 1036 1199 1095 ostendebant,
1254 1042 1307 1087 et
1341 1048 1369 1084 a
1401 1028 1660 1084 comitate
1712 1042 1818 1080 non
1875 1024 2205 1079 recedebant

621 1130 851 1201 sapienti
888 1145 901 1181 :
937 1134 1167 1193 utraque
1196 1137 1327 1177 vero
1362 1120 1803 1190 comparationes
1851 1131 1975 1171 cum
2030 1113 2201 1167 altera

623 1220 882 1278 itmuunis
905 1219 1208 1272 videbatur.
1235 1214 1345 1268 Nec
1371 1214 1498 1281 quia
1550 1208 1905 1265 desiderastis
1935 1204 2203 1274 simplici-

624 1326 706 1369 tcr
731 1326 829 1367 nos
863 1312 1063 1364 habere
1100 1305 1370 1367 voluistis,
1409 1301 1504 1356 sed
1545 1300 1648 1353 nisi
1680 1295 2021 1353 commodum
2058 1295 2205 1348 insu-

623 1426 718 1480 per
738 1416 906 1467 esset,
942 1400 1272 1472 superlluum
1308 1395 1510 1449 tinxisti
1541 1402 1728 1449 nostro
1752 1392 1964 1455 visum;
1993 1401 2092 1442 nec
2115 1385 2203 1440 fu-

626 1503 730 1556 turi
796 1493 1185 1552 incertitudine
1238 1487 1541 1551 terrefacti,
1584 1485 1650 1538 ad
1708 1483 1899 1538 urbem
1952 1489 2202 1534 nostram

629 1593 806 1647 redire
836 1585 1122 1641 abnuistis.
1175 1579 1281 1635 Sed
1316 1576 1527 1633 consilii
1571 1574 1737 1628 vestri
1789 1573 1981 1627 modus
2028 1568 2203 1623 futilis

2303 394 2541 461 αφήσεις
2572 380 2758 461 πηγάς
2780 406 2794 420 ·
2834 390 2930 444 καὶ
2947 390 3128 462 τίγὰρ
3158 391 3349 462 ἕτερον
3376 392 3411 464 ἢ
3445 393 3705 464 βήματος
3735 394 3898 450 Ἀττι-

2303 482 2405 536 κοῦ
2450 481 2587 552 πρὸς
2636 481 2857 553 μνήμην
2898 481 3054 552 ἣξεις
3097 481 3192 534 τὸν
3237 482 3468 554 θεατήν;
3504 484 3703 539 Ταῦτα
3728 485 3896 555 λέγειν

2302 573 2441 644 ἔχω·
2471 573 2647 627 ταῦτα
2676 574 2945 644 πάρεστιν
2979 574 3216 638 ἐλπίζων
3259 578 3289 630 ὁ
3335 578 3477 641 νέος·
3520 578 3622 631 xui
3654 577 3896 647 οὔτ’έγὼ

2302 665 2656 735 ψευδολογίας
2706 665 3012 736 ἁλώσομαι,
3045 664 3172 719 οὔτε
3233 668 3419 738 μάτην
3466 669 3711 733 ἐλπίσας
3757 671 3896 723 ἐκεῖ·

2304 775 2414 812 νοτ.

2409 852 2563 919 MCT.
2604 849 2907 923 ΖΑΧΑΡΙᾼ
2948 852 3069 905 ΚΑΙ
3104 852 3392 924 ΦΙΛΙΠΠῼ
3428 852 3799 907 ΔΔΕΔΦΟΙΣ.

2375 946 2458 999 Τὰ
2487 946 2732 1015 ὑμέτερα
2762 945 3074 1015 γράμματα
3116 945 3213 998 xui
3252 944 3355 1015 τὴν
3381 948 3464 1009 είς
3506 948 3665 1016 ἡμᾶς
3690 946 3903 1001 εὔνοιαν

2304 1038 2518 1108 ἐδήλου,
2557 1039 2654 1091 xui
2681 1035 2908 1106 γνώμης
2939 1037 3040 1089 οὐκ
3070 1037 3388 1108 ἀπήλλακτο
3420 1038 3749 1107 σώφρονος·
3780 1041 3906 1094 ἑκά.

2304 1146 2461 1201 τερον
2504 1128 2563 1182 δὲ
2607 1132 2673 1200 τῇ
2706 1127 2893 1199 ἐτέρου
2920 1128 3219 1201 παραθήκῃ
3247 1128 3490 1200 καθαρὸν
3520 1130 3868 1199 ὑπεφαίνετο
3889 1148 3906 1161 ο

2303 1220 2429 1275 οὔτε
2463 1222 2569 1292 γὰρ
2623 1220 2699 1284 ὡς
2747 1220 3042 1282 ποθοῦντες
3084 1222 3273 1285 ἁπλῶς
3310 1222 3456 1292 ἔχειν
3487 1224 3647 1294 ἡμᾶς
3679 1224 3907 1296 ἐϐουλή-

2306 1313 2460 1383 θητε,
2497 1312 2615 1364 ἀλλ’
2647 1314 2697 1364 εί
2737 1313 2811 1384 μὴ
2847 1312 3029 1366 καὶτὸ
3064 1313 3343 1385 συμφέρον
3371 1318 3553 1385 προσῇ
3581 1358 3600 1379 ,
3639 1319 3909 1386 περιττὴν

2305 1404 2531 1475 ἡγεῖσθε
2556 1404 2654 1475 τὴν
2683 1405 2844 1458 θέαν*
2877 1404 3003 1458 οὔτε
3033 1405 3111 1477 τῷ
3138 1405 3237 1459 τοῦ
3270 1407 3561 1476 μέλλοντος
3594 1409 3792 1480 ἀδήλῳ
3817 1427 3910 1462 πε-

2307 1498 2505 1568 ριδεεῖς
2534 1497 2843 1566 γεγονότες,
2867 1497 2967 1566 τὴν
2993 1498 3131 1569 πρὸς
3157 1500 3308 1570 ἡμᾶς
3336 1500 3475 1553 ἱέναι
3496 1502 3670 1554 πάλιν
3701 1504 3912 1571 ἀπηγο-

2310 1587 2542 1657 ρεύσατε
2564 1605 2576 1618 ·
2612 1586 2730 1640 ἀλλ’
2759 1582 2829 1657 ἦν
2861 1586 3016 1650 κενὸς
3043 1588 3074 1640 ὁ
3099 1588 3301 1658 τρόπος
3327 1589 3429 1658 τῆς
3460 1589 3788 1660 συμϐουλῆς
3818 1594 3908 1643 καὶ

623 1696 767 1749 erat,
800 1696 864 1735 ac
904 1677 1195 1731 rhetorica:
1224 1685 1529 1741 congruens
1590 1664 1964 1734 imaginationi
2027 1674 2203 1730 neque

2311 1681 2573 1752 ῥητορικῇ
2598 1680 2701 1749 πρέ
2711 1696 2826 1731 πων
2846 1679 3027 1750 ἐννοίᾳ
3043 1695 3057 1709 '
3085 1678 3211 1733 οὔτε
3232 1680 3292 1733 τὺ
3312 1680 3514 1734 καλοῦν
3537 1682 3687 1752 ἔχων
3709 1682 3904 1753 θρασὺ,

626 1794 724 1833 nos
752 1776 1015 1830 audacter
1045 1770 1292 1831 hortans,
1342 1767 1435 1820 sed
1484 1763 1667 1833 potius
1696 1755 2053 1814 dissuasionis
2079 1768 2201 1807 sus-

624 1882 831 1941 pectus.
895 1864 1118 1925 Verum,
1164 1869 1377 1913 tantum
1413 1854 1565 1909 abest
1592 1862 1651 1906 ut
1684 1865 1784 1919 ego
1830 1847 2118 1917 strepitum
2150 1852 2207 1899 et

626 1960 841 2032 negotia
872 1971 1046 2011 amem
1067 1954 1410 2019 alienamque
1446 1948 1718 2002 invideam
1759 1942 2092 2004 felicitatem,
2146 1946 2205 1991 ut

624 2050 1007 2116 contra,'lieet
1035 2047 1122 2100 hic
1154 2059 1259 2097 nou
1293 2041 1359 2096 ad
1393 2051 1578 2095 votum
1611 2036 1837 2098 faciens,
1873 2032 2059 2087 tandiu
2120 2040 2207 2081 ta-

629 2137 1158 2201 menremauserim.
1213 2135 1279 2187 Et
1326 2146 1491 2194 nunc,
1538 2129 1667 2197 quia
1697 2126 1833 2181 mihi
1884 2122 2206 2177 nuntiantur

623 2237 769 2308 quod
809 2233 964 2287 decet
997 2227 1216 2291 facturi,
1284 2239 1392 2279 nott
1452 2230 1822 2291 opportunum
1879 2216 2018 2270 duco
2067 2225 2205 2266 vana

627 2303 948 2397 simpliciter
1000 2334 1096 2390 spe
1140 2316 1375 2388 regalem
1428 2314 1617 2368 videre
1684 2312 1899 2374 urbem,
1955 2320 2056 2376 ego
2109 2303 2206 2375 qui

627 2419 1075 2491 tranquillitatem
1107 2427 1233 2467 amo
1262 2420 1318 2465 et
1353 2423 1455 2479 pro
1484 2405 1601 2463 sola
1635 2402 1894 2459 felicitate
1926 2402 2120 2464 habeo,
2152 2406 2208 2452 ct

629 2490 897 2583 Byzantio
924 2509 991 2561 ad
1025 2504 1224 2559 mentis
1253 2498 1673 2570 applicatione-nt
1705 2493 1953 2556 discessi,
1986 2490 2204 2545 utviant

630 2582 931 2658 invenirem
957 2615 985 2652 a
1009 2596 1241 2665 negotiis
1266 2591 1559 2660 aliquando
1583 2586 1817 2642 exeundi
1844 2582 2207 2651 diviniorique

630 2699 735 2749 vita
762 2692 999 2747 fruendi.
1034 2686 1326 2744 Prmterea.
1351 2682 1566 2751 negotia
1605 2693 1710 2733 non
1737 2675 1998 2739 amando,
2062 2673 2205 2741 eligo

629 2787 776 2857 quod
809 2786 968 2838 duret
1005 2798 1018 2834 :
1062 2777 1196 2831 nihil
1226 2779 1370 2830 enim
1403 2772 1715 2843 eligendum
1753 2768 1899 2840 quod
1952 2782 2061 2822 non
2105 2780 2203 2833 ap-

628 2880 822 2949 probet
852 2876 1031 2939 Deus;
1084 2869 1343 2941 quidquid
1387 2874 1569 2921 autem
1603 2881 1709 2918 non
1735 2861 1937 2924 evenit,
1980 2858 2073 2914 Dei
2099 2872 2203 2911 non

628 2972 831 3027 habere
862 2978 1047 3019 nutum
1091 2962 1433 3024 ostenditur;
1492 2959 1632 3012 sicut
1684 2957 1729 3011 si
1785 2954 1914 3023 quid
1965 2953 2202 3011 eveniat,

631 3063 786 3124 illud,
845 3059 936 3129 (ab
990 3053 1366 3111 accidentibus
1429 3050 1644 3119 quidem
1708 3045 2034 3118 seiunctum)
2098 3042 2204 3097 Deo

629 3167 854 3224 prorsus
883 3151 1085 3220 placuit
1108 3155 1166 3201 ut
1196 3145 1476 3209 eveniret;
1513 3145 1609 3208 ita,
1659 3140 1705 3195 si
1737 3138 1869 3210 quid
1896 3153 1961 3193 ex
1992 3136 2058 3190 iis
2086 3148 2207 3202 quas

626 3244 759 3299 mihi
790 3241 1131 3302 nuntiantur,
1159 3236 1400 3297 eveniat,
1424 3244 1571 3288 stare
1597 3232 1741 3287 sicut
1778 3231 1932 3285 decet
1962 3235 2201 3296 oportet,

624 3335 722 3389 sed
749 3332 878 3400 quid
905 3327 1275 3384 contradicam
1305 3325 1515 3377 habeo:
1539 3324 1586 3377 si
1604 3335 1736 3376 vero
1771 3322 1887 3376 haec
1920 3320 2053 3374 meri
2082 3326 2207 3372 sunt

629 3437 938 3487 sermones,
971 3437 1036 3473 ac
1065 3418 1246 3472 veniat
1280 3430 1461 3470 rerum
1489 3429 1593 3470 non
1649 3412 2082 3483 'contngentium
2107 3424 2207 3465 ne-

630 3514 879 3579 cessitas,
913 3512 963 3565 id
988 3509 1247 3572 ostendit,
1274 3506 1364 3561 Dei
1395 3505 1677 3577 placitum,
1710 3487 1866 3575 quasi
1888 3517 1982 3559 vos
2008 3503 2085 3558 ire
2115 3500 2204 3570 ju-

633 3612 803 3665 bens:
840 3604 945 3659 nisi
968 3602 1113 3656 enim
1140 3602 1241 3655 hoc
1274 3608 1439 3665 esset,
1473 3599 1526 3653 in
1566 3599 1764 3669 quibus
1804 3612 1891 3652 me
1934 3601 2209 3666 oporteret

627 3702 973 3772 requiescere
992 3696 1015 3749 Ἰ

1030 3789 1233 3846 XLVII.
1277 3783 1597 3844 DIODORO.

702 3888 964 3943 Putabam
999 3897 1050 3941 te
1086 3895 1385 3955 martyrum
1411 3883 1550 3948 apud
1584 3894 1684 3933 uos
1732 3875 1929 3931 ciuium
1958 3870 2203 3940 comple-

627 3982 794 4044 visse,
842 3986 898 4033 et
955 3991 1100 4047 aegre
1139 3977 1270 4029 dare
1312 3973 1468 4027 nobis
1519 3969 1731 4023 felicem
1769 3968 1843 4021 tui
1900 3975 2200 4035 aspectum.

629 4071 709 4127 Tu
743 4083 871 4123 vero
930 4068 1262 4139 (quanquam
1318 4063 1466 4117 larva
1515 4061 1568 4116 in
1614 4058 1820 4115 somnis
1850 4058 1964 4109 visa
2012 4054 2205 4108 merito

627 4163 894 4231 trepidas,
953 4167 1011 4215 et
1035 4156 1332 4226 auspicium
1387 4153 1686 4210 formidans
1719 4150 1913 4207 merito
1939 4150 2081 4203 diem
2111 4160 2207 4217 ap-

626 4255 800 4325 pellas
826 4250 1118 4320 nefastum)
1164 4257 1314 4303 tanto
1344 4248 1563 4301 laboras
1600 4243 1749 4309 odio,
1810 4252 1870 4296 ut
1918 4249 2202 4311 pr0pterea

626 4360 698 4400 ne
731 4344 936 4399 amicos
962 4342 1178 4410 quidem
1205 4339 1389 4394 videre
1423 4336 1588 4401 velis;
1636 4344 1692 4390 et
1717 4333 1963 4389 ostendis
1995 4341 2207 4401 tempus
2232 4364 2280 4421 ,ο

626 4438 767 4491 iram
793 4434 1014 4489 auxisse
1039 4432 1219 4502 potius
1251 4444 1414 4499 quam
1473 4427 1830 4483 destruxisse.
1897 4423 2024 4479 Haec
2073 4424 2203 4478 olim

624 4528 725 4585 tibi
760 4540 975 4595 semper
1000 4523 1363 4593 praedicebam
1391 4535 1511 4589 qua:
1547 4532 1693 4573 nunc
1731 4519 2092 4573 acciderunt:
2128 4519 2205 4571 vi-

624 4621 762 4674 dens
807 4617 951 4671 enim
996 4623 1050 4669 te
1105 4614 1367 4668 molestos
1442 4611 1538 4665 tibi
1591 4621 1968 4678 aversantem,
2031 4609 2203 4665 eheu!

624 4723 769 4779 saepe
783 4708 978 4779 saepius
1004 4703 1320 4762 dictitabant
1343 4702 1460 4760 fore
1488 4712 1567 4768 ut,
1586 4701 1754 4757 semel
1783 4718 1812 4756 ιι
1843 4703 1998 4756 nubis
2027 4701 2205 4756 divul-

626 4818 752 4870 sus,
780 4800 893 4870 jam
936 4814 1042 4855 non
1088 4798 1321 4867 amplius
1345 4812 1449 4851 non
1484 4797 1670 4852 videre
1707 4796 1894 4851 velles.
1943 4794 2058 4850 Non
2091 4796 2207 4865 ipse

626 4895 868 4967 Achilles
912 4891 1099 4947 taudiu
1154 4892 1328 4945 iratus
1362 4900 1445 4945 est
1479 4889 1724 4955 Achivis,
1776 4890 1870 4944 sed
1914 4900 2204 4957 postquam

624 5003 721 5044 eos
741 4985 989 5041 absentia
1020 4998 1118 5039 sua
1153 4980 1367 5047 afﬂixit,
1416 4982 1635 5037 tandem
1681 4981 1880 5036 iterum
1928 4981 2094 5036 cessit
2150 4989 2208 5035 ut

623 5080 910 5150 oportebat
937 5064 993 5132 et
1022 5086 1261 5131 mutatus
1296 5084 1401 5130 est.
1439 5073 1576 5130 Fato
1603 5075 1769 5145 igitur
1796 5074 2004 5145 gratias
2030 5073 2206 5128 habeo

622 5171 766 5241 quod
785 5183 892 5223 non
919 5166 1161 5237 Thetyda
1184 5165 1387 5220 habeas
1418 5172 1671 5229 matrem,
1684 5162 1892 5231 jamdiu
1916 5161 2061 5217 enim
2086 5174 2207 5230 per-

624 5263 823 5319 niciem
851 5270 1095 5315 nostram
1145 5258 1398 5326 petiisses
1422 5266 1476 5310 et
1511 5256 1886 5325 impetrasses.

1128 5348 1359 5404 XLVIII.
1398 5346 1705 5403 IRENEO.

692 5443 956 5502 Zonnaani
997 5441 1360 5497 familiaribus
1410 5455 1585 5495 meam
1623 5438 1993 5494 conciliabant
2037 5439 2204 5492 bene-

626 5537 944 5600 volentiam,
976 5535 1210 5606 primum
1238 5547 1352 5599 vos,
1384 5542 1440 5589 et
1468 5542 1590 5602 post
1629 5533 2022 5602 experientiam
2046 5530 2205 5598 juve-

628 5645 757 5683 num
784 5636 978 5682 natura
1010 5645 1024 5683 :
1063 5628 1170 5681 tuis
1203 5626 1346 5681 enim
1406 5640 1502 5695 per
1546 5634 1600 5680 te
1634 5623 1871 5679 amicitia
1903 5624 2202 5694 conjuncti,

2233 3012 2277 3069 C

2308 1774 2405 1827 xui
2444 1773 2545 1843 τὴν
2591 1772 2910 1844 ἀποτροπὴν
2955 1773 3332 1845 ὑφορώμενος.
3358 1774 3501 1845 Ἐγὼ
3547 1776 3607 1829 δὲ
3647 1776 3906 1831 τοσοῦτον

2307 1865 2499 1937 ἀπέχω
2532 1865 2627 1920 τοῦ
2674 1866 2889 1936 κόμπου
2936 1868 3033 1919 xui
3080 1868 3425 1938 πραγμάτων
3476 1871 3636 1941 ὲρᾷν,
3671 1873 3772 1924 καὶ
3799 1873 3905 1924 τῶν

2308 1959 2514 2028 ἐτέρων
2557 1957 2906 2028 εὐδαιμονίαν
2954 1957 3172 2025 ζηλοῦν,
3204 1960 3347 2013 ὥστε
3382 1961 3589 2032 καίπερ
3643 1964 3713 2016 οὐ
3766 1966 3904 2018 κατὰ

2309 2051 2434 2104 νοῦν
2474 2049 2688 2118 πράξας
2731 2049 2968 2103 ἐνταῦθα
2993 2090 3008 2114 ,
3045 2050 3298 2105 τοσοῦτον
3343 2054 3495 2121 ὅμως
3546 2056 3904 2125 ὲκαρτέρτςσα

2309 2141 2503 2213 χρόνον
2523 2157 2536 2170 ·
2571 2142 2663 2195 xui
2696 2141 2793 2195 νῦν
2818 2143 3118 2214 ἐπειδήπερ
3149 2145 3586 2213 ἐπαγγέλλονται
3625 2165 3722 2218 μοι
3754 2150 3905 2217 ποιή-

2310 2250 2424 2284 σειν
2462 2230 2532 2285 τὰ
2563 2233 2899 2303 μέτρια,οὐχ
2926 2233 3155 2303 ἕρμαιον
3183 2233 3425 2303 ἡγοῦμαι
3454 2234 3697 2302 κούφαις
3719 2235 3905 2298 ἁπλῶς

2309 2324 2494 2378 ἐλπίσι
2539 2325 2802 2396 βασιλέως
2840 2326 2995 2380 πόλιν
3031 2326 3182 2392 ίδεῖν,
3211 2328 3305 2381 καὶ
3332 2327 3504 2380 ταῦτα
3536 2328 3639 2397 τῆς
3667 2330 3902 2398 ἡσυχίας

2308 2415 2472 2485 ἐρῶν,
2501 2419 2595 2469 καὶ
2628 2417 2756 2486 μίαν
2801 2418 3008 2484 ταύτην
3055 2417 3401 2487 εὐδαιμονίαν
3443 2419 3782 2488 ἡγούμενος,
3811 2418 3904 2472 xui

2307 2508 2404 2562 τοῦ
2441 2507 2738 2572 Βυζαντίου
2769 2509 2903 2579 πρὸς
2935 2508 3144 2561 ἔννοιαν
3173 2508 3312 2570 ὅλως
3333 2507 3504 2562 ἐλθὼν
3523 2510 3681 2573 ὅπως
3695 2510 3900 2577 ἑφόδιον

2308 2599 2530 2673 εὕροιμι
2558 2598 2653 2653 τοῦ
2682 2616 2816 2653 ποτε
2837 2600 3183 2671 πραγμάτων
3210 2598 3317 2664 ἔξω
3336 2599 3618 2669 γενέσθαι,
3642 2601 3744 2654 καὶ
3766 2599 3901 2655 θειο-

2309 2695 2475 2765 τέρας
2505 2690 2812 2747 ἀπολαῦσαι
2843 2690 2991 2763 ζωῆς
3012 2707 3026 2722 ·
3053 2692 3194 2763 πλὴν
3221 2693 3322 2746 οὐκ
3347 2693 3489 2763 ἐρῶν
3506 2694 3623 2747 τῶν
3647 2695 3901 2766 πραγμῷ

2308 2802 2418 2839 των
2439 2784 2662 2854 τίθεμαι
2693 2783 2756 2838 τὸ
2786 2781 3011 2837 δοκοῦν·
3041 2783 3162 2837 οὐδὲ
3193 2787 3302 2854 γὰρ
3337 2782 3560 2854 αίρετδν
3586 2785 3615 2838 δ
3650 2785 3732 2857 μὴ
3767 2783 3895 2839 Θεοῦ

2308 2875 2522 2945 δέχεται
2571 2873 2749 2945 νεῦμα
2773 2890 2789 2907 ο
2835 2875 2931 2929 καὶ
2970 2874 3045 2946 μὴ
3079 2874 3364 2947 γινόμενον
3411 2876 3687 2943 ἕκαστον,
3723 2878 3785 2931 τὸ
3827 2878 3897 2949 μὴ

2309 2967 2442 3020 Θεὸν
2465 2966 2612 3037 ἔχειν
2641 2966 2970 3022 ἐπαινοῦντα
2998 2968 3149 3039 δηλοῖ
3168 2984 3182 2998 '
3208 2968 3398 3041 ὥσπερ
3431 2970 3535 3023 κᾶν
3564 2986 3619 3023 τι
3651 2970 3896 3040 γένηται,

2313 3058 2390 3131 μὴ
2416 3060 2579 3113 πάθει
2611 3058 3042 3129 συνεζευγμένον
3067 3058 3188 3131 Θεῷ
3221 3059 3441 3123 πάντως
3465 3059 3648 3113 ἐδόκει
3683 3062 3781 3113 xui
3808 3059 3899 3128 γέ-

2308 3165 2433 3218 γονε
2455 3165 2469 3183 ·
2500 3150 2595 3203 καὶ
2619 3147 2746 3203 οὔτε
2774 3166 2827 3202 τι
2861 3148 2937 3221 μὴ
2961 3146 3151 3202 δοκοῦν
3178 3148 3304 3203 ⁴ἐστι
3337 3149 3617 3218 γενέσθαι,
3646 3149 3777 3205 οὔτε
3806 3167 3897 3219 γε-

2307 3241 2609 3312 γενημένον
2643 3242 2718 3313 μὴ
2753 3242 2931 3296 δοκεῖν
2950 3255 2966 3273 ⁸
2993 3242 3134 3296 ὥστε
3165 3241 3221 3296 εἴ
3245 3260 3298 3296 τι
3326 3243 3435 3295 τῶν
3468 3244 3899 3314 ἐπηγγελμένων

2308 3331 2571 3403 προϐαίη,
2590 3330 2886 3402 μένειν,ξὼς
2899 3330 3180 3396 ἔοικε,δεί,
3194 3330 3291 3385 καὶ
3312 3330 3622 3397 ἀντιλέγειν
3641 3334 3748 3384 οὐκ
3772 3331 3896 3399 ἔχω·

2308 3426 2359 3478 εί
2391 3425 2447 3478 δὲ
2477 3424 2627 3492 λόγοι
2651 3424 2827 3478 ταῦτα
2856 3425 2951 3477 καὶ
2977 3424 3186 3493 οἴχεται
3232 3425 3266 3494 ὴ
3312 3423 3421 3476 τῶν
3462 3424 3538 3493 μὴ
3586 3423 3896 3493 γενομένων

2308 3516 2544 3587 ἀνάγκη,
2572 3517 2670 3586 τὴν
2697 3515 2793 3569 τοῦ
2821 3515 2955 3569 Θεοῦ
2980 3516 3221 3569 δείκνυσι
3245 3515 3449 3585 ψῆφον,
3478 3516 3556 3577 ὼς
3581 3516 3731 3584 ὑμᾶς
3758 3515 3895 3568 ἲέναι

2309 3608 2673 3662 κελεύουσανο
2726 3610 2775 3662 εί
2812 3608 2922 3681 γὰρ
2960 3607 3035 3680 μὴ
3066 3608 3224 3661 τοῦτο
3255 3609 3472 3671 πάντως
3513 3606 3584 3661 ἂν
3628 3608 3889 3679 ὑπῆρξεν,

2307 3703 2393 3771 ἐφ’
2418 3698 2499 3765 οἷς
2527 3719 2596 3774 με
2631 3700 2813 3772 μένειν
2843 3702 3043 3771 ὲχρῆνς

2766 3800 2771 3805 ·
2879 3789 3012 3843 ΜΖ’.
3047 3791 3351 3861 ΔΙΟΔΩΡῼ.

2384 3884 2564 3954 ’ᾨμην
2602 3898 2661 3936 σε
2680 3877 2780 3946 τὴν
2802 3881 2912 3935 τῶν
2940 3882 3235 3953 μαρτύρων
3258 3884 3436 3953 παρίὴ
3448 3887 3544 3954 μῖν
3577 3885 3886 3941 ἐπιτελέςαι

2310 3977 2649 4046 πανήγυριν,
2699 3974 2792 4027 xui
2828 3973 3030 4028 διδόναι
3087 3975 3243 4045 μόλις
3299 3977 3434 4044 ἡμῖν
3464 3976 3773 4047 εὐτυχῆσαι
3826 3982 3884 4050 τῇ

2308 4065 2429 4137 θέᾳ.
2458 4066 2532 4119 Σὺ
2559 4065 2616 4119 δὲ
2644 4063 2747 4118 κᾶν
2779 4064 2912 4134 δναρ
2942 4065 3060 4136 ἴδῃς
3080 4065 3170 4118 τὸν
3200 4068 3437 4136 μαιμᾶν,
3469 4067 3543 4129 ὡς
3571 4067 3745 4135 ἔοικε,
3766 4072 3887 4123 δυσ-

2306 4158 2615 4230 χεραίνεις,
2670 4158 2767 4210 καὶ
2827 4157 2922 4211 τὸν
2955 4157 3146 4211 οἰωνὸν
3202 4157 3391 4221 δεδιὼς
3441 4160 3739 4231 ἀποφράδα
3796 4161 3887 4227 τὴν

2307 4251 2523 4322 ἡμέραν
2565 4249 2782 4312 καλεῖς·
2839 4248 2984 4302 οὕτω
3037 4265 3120 4303 σοι
3154 4249 3321 4304 πάλαι
3348 4251 3443 4303 xui
3480 4252 3777 4324 πόρρωθεν
3832 4252 3890 4305 τὸ

2313 4345 2470 4413 μῖσος
2493 4342 2834 4406 ἐνέστακται,
2886 4340 2962 4403 ὡς
3007 4341 3094 4393 διὰ
3129 4340 3289 4395 τοῦτο
3344 4341 3480 4411 μηδὲ
3522 4343 3653 4407 τοὺς
3706 4343 3885 4413 φίλους

2306 4436 2509 4492 ἐθέλειν
2543 4436 2677 4506 ὀρᾷν
2695 4450 2710 4465 ’
2746 4434 2840 4487 xui
2863 4433 3159 4503 διελέγχεις
3187 4433 3280 4487 τὸν
3313 4435 3505 4504 χρόνον
3528 4434 3772 4500 αὔξοντα
3801 4434 3887 4488 θυι

2311 4529 2408 4601 μὸν
2438 4528 2659 4599 μᾶλλον,
2694 4526 2727 4598 ἢ
2774 4524 3071 4596 διελέγχειν
3109 4525 3290 4579 εἰδότα
3312 4541 3327 4556 ·
3373 4528 3550 4581 ταῦτα
3588 4527 3885 4598 προῦλεγον

2307 4622 2414 4684 ἀεὶ,
2445 4620 2617 4674 ταῦτα
2667 4618 2761 4672 xui
2788 4618 3047 4687 γέγονεν·
3087 4618 3230 4688 ὁρῶν
3259 4616 3367 4690 γάρ
3417 4635 3478 4671 σε
3509 4618 3600 4673 διὰ
3634 4620 3769 4682 τοὺς
3802 4621 3887 4673 λυο

2307 4711 2545 4774 ποῦντας
2562 4709 2767 4764 καὶτὸν
2795 4708 2919 4761 τότε
2944 4708 3452 4778 ἀποστρεφόμενον,
3469 4709 3597 4776 ’io'b,
3630 4710 3739 4776 ἰοὺ,
3764 4711 3887 4764 πολ-

2306 4800 2462 4863 λάκις
2484 4798 2642 4867 ἔφην,
2665 4796 2741 4859 ὡς
2776 4795 2921 4864 ἅπαξ
2949 4799 3083 4868 ἡμῖν
3105 4796 3466 4866 ἀπαλλαγεὶς,
3487 4798 3590 4852 οὐκ
3616 4799 3888 4871 ἐθελήσεις

2306 4886 2464 4950 αὖθις
2516 4890 2680 4960 δρᾷν’
2732 4886 2852 4941 ἀλλ’
2901 4886 3023 4941 οὐδὲ
3058 4887 3339 4959 ’Δχιλλεὺς
3391 4889 3649 4943 τοσοῦτον
3702 4891 3888 4963 χρόνον

2307 4980 2576 5052 ἐθυμοῦτο
2604 4982 2720 5043 τοῖς
2746 4978 3016 5049 Ἀχαιοίςο
3056 4979 3195 5033 ἀλλὰ
3235 4978 3485 5049 λυπήσας
3532 4979 3719 5043 ἀπὼν,
3757 4978 3888 5045 εἶξιν

2308 5069 2487 5135 αὖθις,
2531 5071 2608 5134 ὡς
2653 5070 2782 5136 ἔδει,
2817 5071 2912 5124 xui
2945 5070 3305 5140 μετεϐάλετοο
3344 5072 3507 5142 χάριν
3551 5071 3601 5126 δ’
3626 5072 3724 5126 οὖν
3749 5074 3888 5143 ὅμως

2306 5160 2424 5219 οἶδα
2448 5168 2510 5236 τῇ
2541 5165 2678 5235 τύχῃ
2705 5164 2788 5218 ὅτι
2808 5163 2885 5234 μὴ
2917 5163 3079 5216 Θέτιν
3109 5163 3253 5234 ἔχεις
3288 5166 3534 5235 μητέραο
3562 5166 3738 5219 πάλαι
3788 5167 3887 5234 γὰρ

2309 5256 2375 5309 ἂν
2404 5256 2552 5325 ηὔξω
2580 5256 2675 5308 xui
2701 5253 3097 5323 ἀπολώλειμεν.

2830 5349 2972 5402 MH'.
3006 5348 3360 5421 ΕΙΡΗΝΜῼ.

2380 5441 2504 5504 Τοῖς
2537 5439 2667 5510 περὶ
2694 5439 2997 5494 Ζὼνναινον
3025 5438 3122 5509 τὴν
3141 5440 3280 5511 ἐμὴν
3313 5439 3528 5496 εὔνοιαν
3549 5445 3805 5511 ἐνεποίει,
3831 5444 3887 5499 τὺ

2311 5535 2410 5606 μὲν
2440 5533 2656 5605 πρῶτον
2681 5533 2861 5604 ὑμεῖς,
2901 5530 3044 5602 μετὰ
3072 5532 3129 5586 δὲ
3177 5533 3276 5605 τὴν
3315 5538 3511 5605 πεῖραν
3536 5539 3649 5591 τῶν
3675 5541 3810 5593 νέων
3852 5539 3883 5605 ὴ

2309 5627 2503 5698 φύσις*
2535 5627 2631 5682 xui
2661 5626 2768 5681 τῶν
2805 5627 3035 5699 πρώτων
3062 5626 3153 5684 διὰ
3190 5628 3248 5681 σὲ
3284 5629 3567 5702 τυχόντες,
3605 5632 3666 5686 τὸ
3713 5631 3883 5686 τελευ-
