4000 6314
264 227 402 296 2757

1706 237 2115 307 EPISTOLAZ.

3391 258 3526 329 2758

261 357 413 404 τοῖον
438 340 579 403 οὗτοι
612 349 677 402 δι’
708 351 904 414 αὐτοὺς
937 351 1213 406 ὲνεποίουν
1244 351 1333 405 τὸν
1385 352 1565 424 ἔρωτα
1590 370 1602 383 ·
1651 373 1819 425 κοσμε

1951 357 2186 413 finaliter
2224 358 2273 414 lti
2300 359 2532 430 juvenes
2569 376 2665 433 per
2696 364 2905 436 seipsos
2939 368 3068 426 mihi
3125 370 3529 442 inspiraverunt

262 442 371 511 γὰρ
405 441 600 506 αὑτοὺς
636 443 696 496 τὸ
727 443 826 515 μὲν
870 444 1083 515 πρῶτον
1107 444 1310 514 σπουδή
1334 461 1345 472 ·
1382 448 1482 515 τὴν
1515 445 1572 498 δὲ
1606 447 1841 517 σπουδὴν

260 534 360 585 οὑκ
387 533 629 603 ἐλέγχειν
656 530 795 588 οἶδεν
821 536 854 606 ἡ
887 535 1082 604 φύσις·
1114 534 1255 589 ὥστε
1288 537 1338 589 εί
1371 537 1447 607 μὴ
1482 537 1840 608 προμηνύσας

259 624 471 694 ἔτυχες,
509 625 615 678 [σθ’
672 626 738 681 ἂν
775 626 1186 699 ἐπιστευσάμην
1220 629 1295 693 ὼς
1328 629 1464 701 πρὸς
1492 630 1553 682 σὲ
1593 632 1655 682 τὸ
1685 630 1842 699 γένος

260 716 612 782 συνάπτουσι,
648 717 727 788 τῷ
760 718 1069 792 χαρακτῆρι
1109 720 1210 790 τῆς
1248 719 1464 789 φύσεως
1493 721 1838 792 στοχασάμε-

257 826 343 872 vo;
365 826 376 839 ’
414 809 531 863 ἀλλ’
558 805 616 864 εὖ
653 810 717 879 γέ
768 828 862 864 σου
889 810 983 864 τοῦ
1035 811 1230 880 γένους
1267 813 1316 864 εί
1360 811 1587 866 τοιαῦτα
1631 813 1839 868 τίκτειν

254 900 583 956 ἐπίσταταιο
632 904 734 971 τὴν
784 902 883 972 μὲν
913 897 1009 956 οὖν
1057 901 1197 974 ἐμὴν
1233 901 1461 973 γνώμην
1514 904 1837 976 ὲρρωμένην

257 992 365 1046 ἴσθι
398 997 511 1057 τοῖς
545 995 684 1058 νέοις
705 1011 719 1026 ο
755 997 803 1047 εί
835 995 891 1048 δὲ
926 996 1020 1047 καὶ
1048 994 1278 1067 δύναμιν
1307 996 1692 1069 ὑπουργοῦσαν
1725 996 1843 1069 ἔχω

251 1087 320 1156 τῇ
344 1084 647 1160 πρρθυμία,
679 1085 819 1140 θεῶν
850 1088 908 1140 ὲν
936 1086 1162 1156 γούνασι
1198 1086 1420 1141 κείσθω.

421 1156 436 1160 ⁷
528 1156 682 1229 Men
723 1176 1025 1248 ΖΑΧΑΡΙᾼ
1058 1178 1178 1230 ΚΑΙ
1219 1176 1530 1249 onmno.

327 1260 398 1319 Ὀ
421 1266 582 1330 καλὸς
607 1266 859 1335 Ἰωάννης
888 1269 996 1322 κάκ
1021 1268 1116 1322 τοῦ
1138 1270 1331 1337 γένους
1367 1270 1512 1341 ὑμᾶς
1538 1272 1833 1344 ἀπαιτήσει

249 1356 350 1426 τὴν
376 1356 611 1421 εῦνοιαν,
640 1359 751 1412 κάκ
791 1360 889 1429 τῆς
918 1360 1050 1431 παρ’
1079 1359 1206 1429 ἐμοὶ
1233 1364 1685 1432 συμφοιτήσεως·
1716 1364 1832 1418 ἐστι

249 1447 360 1519 γὰρ
393 1449 646 1503 Λεοντίου
683 1453 811 1513 παῖς
832 1465 846 1479 ο
891 1452 940 1502 εί
968 1450 1247 1504 Διονύσιον
1283 1452 1399 1505 ῐστε
1428 1453 1528 1522 τῆς
1554 1453 1832 1524 ἡμετέρας

245 1541 440 1612 τίτθης
465 1541 555 1594 τὸν
572 1543 762 1613 ἄνδρα,
792 1543 988 1597 τούτου
1009 1544 1251 1613 πέφυκεν
1297 1544 1548 1614 ἀδελφὸς,
1580 1548 1608 1599 ὁ
1637 1547 1829 1600 τούτου

246 1634 430 1703 πατήρ
452 1651 466 1664 ο
493 1634 579 1687 ἵνα
600 1635 800 1705 καίπερ
825 1635 1045 1700 εἰδότες,
1072 1636 1373 1708 ὑπομνήσω
1400 1638 1490 1690 τὸν
1508 1636 1797 1707 ἄνθρωπον
1813 1652 1829 1670 ο

1945 464 2232 506 amorem:
2277 454 2623 509 commendat
2652 457 2795 512 enim
2832 474 2928 515 eos
2978 463 3211 539 primum
3259 467 3523 534 studium,

1945 540 2185 594 Studium
2243 557 2374 596 vero
2435 545 2732 613 reprimere
2788 550 2964 603 nescit
3043 562 3258 610 natura.
3329 554 3406 610 Ita
3445 569 3524 622 ut,

1943 632 2154 687 etiamsi
2193 648 2283 687 me
2319 651 2424 688 non
2456 637 2899 704 praemonuisses,
2931 653 3117 697 certus
3148 644 3369 701 fuissem
3396 647 3524 703 illos

1945 723 2040 776 tibi
2083 739 2282 794 genere
2337 728 2577 799 coujugi,
2646 728 2825 784 indole
2884 741 3132 788 naturam
3200 751 3520 808 agnoscens.

1939 813 2090 868 Felix
2117 830 2291 886 genus
2328 828 2499 886 tuum,
2554 821 2697 890 quod
2737 823 2866 876 talia
2885 826 3330 893 scitprodttcere.
3366 830 3518 884 Scito

1941 903 2107 973 igitur
2124 906 2254 958 mihi
2291 906 2344 960 in
2387 924 2578 979 magna
2602 924 2725 966 esse
2753 912 3130 968 benevolentia
3157 915 3259 969 hos
3305 917 3522 972 adoles-

1939 1007 2165 1062 centes;
2191 997 2236 1049 si
2275 1008 2453 1052 autem
2484 999 2628 1053 vires
2651 998 2802 1054 bona:
2838 1002 3098 1055 voluntati
3128 1007 3521 1074 respondentes

1943 1086 2195 1151 habeam,
2225 1088 2326 1141 hoc
2356 1090 2406 1142 in
2444 1093 2664 1144 deorum
2698 1101 2996 1161 potestates
3027 1107 3340 1164 reponatur.

2180 1178 2372 1235 XLIX.
2416 1178 2793 1239 ZACHARUE
2823 1184 2908 1238 ET
2932 1184 3269 1243 PHILIPPO.

2006 1268 2240 1326 Pulcher
2271 1271 2509 1328 Joannes
2532 1285 2768 1329 vestram
2795 1278 3033 1346 requiret
3057 1281 3513 1349 benevolentiam,

1939 1370 2050 1415 tum
2073 1373 2293 1432 propter
2328 1379 2498 1434 genus
2526 1381 2708 1430 suum,
2765 1378 2876 1421 tum
2909 1380 3131 1438 propter
3189 1388 3401 1428 mecum
3434 1376 3512 1428 fa-

1940 1452 2332 1509 miliaritatem.
2383 1457 2646 1511 Eslenim
2700 1457 2841 1513 filius
2882 1459 3119 1527 Leontii,
3176 1466 3329 1531 cujus
3361 1478 3515 1537 pater

1935 1541 2036 1597 fuit
2062 1542 2232 1595 frater
2271 1542 2535 1616 Dionysii,
2564 1548 2698 1601 avia:
2732 1554 3147 1618 nostraetnariti,
3169 1555 3320 1610 vobis
3350 1555 3515 1613 forsi-

1938 1643 2028 1687 tan
2061 1636 2292 1705 ttoti(nt,
2329 1637 2374 1692 si
2410 1639 2765 1708 cognovistis,
2821 1645 3137 1697 memoriam
3196 1647 3315 1716 ejus
3363 1648 3513 1704 vobis

243 1725 295 1775 εἰ
320 1722 375 1776 δὲ
402 1724 497 1776 καὶ
527 1723 603 1795 μὴ
626 1724 802 1780 ταῦτα
822 1726 1055 1797 προσῆν,
1080 1726 1296 1790 πάντως
1323 1729 1520 1781 οἰκεῖον
1544 1729 1819 1800 ἡγήσασθε

1934 1729 2228 1798 revocent).
2260 1729 2412 1795 Quod
2444 1732 2486 1784 si
2530 1733 2643 1786 hac
2669 1734 2808 1787 ratio
2857 1751 2961 1788 non
3012 1737 3234 1804 valeret,
3290 1742 3514 1797 omnino

243 1813 525 1885 θιασώτην
552 1815 844 1888 ἡμέτερον,
880 1819 974 1870 καὶ
999 1816 1092 1870 τὸν
1126 1818 1258 1888 παρ’
1282 1818 1407 1889 ἐμοὶ
1436 1819 1596 1890 χορὸν
1620 1820 1829 1890 ἐκπλη-

246 1906 530 1975 ρώσαντα·
571 1908 768 1961 οὐκοῦν
827 1908 902 1981 μὴ
963 1909 1187 1979 μέλλετε
1239 1910 1331 1963 τὸν
1389 1912 1510 1963 νέον
1552 1907 1611 1965 εῦ
1651 1915 1828 1966 ποιεῖν

241 1995 438 2065 ἔχοντα
458 1998 796 2068 πανταχόθεν
826 1999 1183 2071 ὀφειλομένην
1209 1999 1307 2072 τὴν
1340 2000 1583 2055 εὑνοιαν·
1635 2003 1827 2057 σιωπῶ

241 2088 354 2160 γὰρ
384 2089 564 2158 λέγειν
597 2090 670 2155 ὡς
694 2092 787 2146 καὶ
814 2091 893 2164 τῷ
918 2093 1109 2165 τρόπῳ
1136 2094 1263 2158 τοὺς
1290 2094 1533 2165 ὁρῶντας
1561 2097 1825 2167 ἐπάγεται

239 2180 524 2252 ὲρυθριᾷν,
555 2181 712 2246 εἰδὼς
745 2184 873 2254 πρίν
899 2202 953 2238 τι
983 2188 1077 2239 καὶ
1106 2186 1289 2256 λέγειν
1337 2187 1433 2241 καὶ
1488 2186 1824 2257 φθέγγεσθαι

242 2270 463 2341 μέτρια,
493 2271 572 2342 τῷ
602 2274 778 2345 καιρῷ
806 2276 930 2338 τοὺς
950 2276 1144 2344 λόγους
1172 2277 1409 2349 μετρῶν,
1441 2278 1535 2331 καὶ
1578 2280 1674 2331 τὸν
1698 2279 1825 2334 νοῦν

239 2363 382 2434 ὑπὲρ
410 2362 508 2434 τὴν
538 2365 755 2434 ἡλικίαν
776 2366 1152 2438 κτησάμενος·
1183 2369 1212 2420 ὁ
1244 2368 1301 2422 δὲ
1334 2369 1527 2441 μιαρὸς
1550 2368 1823 2442 Θεόδωρος

236 2454 334 2507 τὸν
372 2453 602 2509 πλοῦτον
631 2458 763 2527 ἡμῖν
818 2460 1180 2523 ὲπανατείνας
1236 2461 1397 2515 πάλιν
1433 2462 1595 2516 ἀνέδυ
1618 2502 1632 2528 ,
1682 2464 1824 2535 τάχα

238 2549 546 2615 καταγνοὺς
576 2548 770 2602 ἑαυτοῦ
802 2552 959 2624 εἰπερ
980 2569 1033 2605 τι
1067 2552 1346 2623 προειπὼν
1366 2555 1708 2625 ἀληθεύσειε,
1726 2555 1824 2609 καὶ

238 2639 378 2709 πρὸς
405 2640 581 2712 πέρας
611 2641 824 2708 ἐνέγκοι
855 2648 945 2696 τὸν
972 2642 1150 2713 λόγον.

751 2821 833 2873 ιν.
872 2820 1029 2873 τυιΣ
1051 2821 1323 2876 ΑΥτοιΣ.
1705 2885 1711 2890 ς

313 2912 483 2966 Πάλιν
516 2913 645 2984 ὑμῖν
673 2913 982 2985 ἐπιστολὴν,
1044 2915 1139 2968 καὶ
1171 2914 1333 2969 πάλιν
1383 2916 1569 2987 ἔτερος
1620 2915 1776 2987 ὄχλος
1801 2934 1817 2950 ο

1933 1821 2255 1876 familiarem
2291 1823 2522 1878 dttxiStis
2547 1826 2831 1879 convivam
2894 1838 3158 1893 nostram,
3223 1832 3313 1899 qui
3368 1835 3511 1903 apttd

1931 1930 2016 1967 me
2045 1914 2214 1968 choro
2247 1914 2512 1971 interfuit.
2544 1915 2734 1971 Nonne
2760 1918 2923 1988 igitur
2954 1921 3089 1975 bene
3116 1924 3395 1992 excepturi
3424 1938 3514 1980 es-

1932 2003 2293 2074 tisjnvenem,
2329 2008 2413 2060 cui
2453 2008 2793 2064 enmimodas
2817 2010 2888 2065 ob
2911 2025 3103 2065 causas
3147 2012 3378 2068 debetur
3413 2014 3511 2069 beo

1930 2097 2281 2151 nevolentia?
2312 2097 2446 2152 Silet
2470 2101 2613 2154 enim
2644 2102 2710 2155 de
2742 2102 2860 2171 ejus
2892 2103 3156 2169 moribus,
3221 2104 3313 2171 qui
3344 2106 3513 2160 omni-

1931 2188 2030 2241 bus
2072 2188 2387 2243 videntibus
2416 2189 2678 2259 pudorem
2706 2192 3015 2248 incutiuut:
3057 2209 3183 2247 num
3222 2195 3329 2249 scit
3358 2206 3513 2251 ante-

1934 2292 2098 2346 quam
2135 2278 2390 2348 loquatur
2421 2283 2722 2337 decentiam
2754 2284 3068 2346 observare.
3111 2302 3391 2342 sermones
3413 2303 3511 2359 ap-

1929 2377 2004 2421 tat
2041 2369 2489 2437 circumstantiis,
2515 2372 2928 2443 intelligentiam
2959 2377 3121 2432 habet
3154 2388 3310 2434 :etate
3343 2396 3507 2451 supe-

1928 2462 2146 2515 riorem.
2168 2462 2415 2532 Nequam
2448 2480 2577 2520 vero
2607 2463 2949 2536 Theodorus,
3009 2470 3292 2537 pecuniam
3350 2474 3508 2529 nobis

1925 2550 2220 2620 pollicitus,
2263 2568 2292 2605 a
2342 2566 2503 2622 pacto
2534 2556 2758 2610 recessit
2789 2574 2802 2611 :
2828 2572 2948 2611 eum
3001 2557 3186 2613 forsan
3221 2563 3507 2628 paenituis-

1923 2652 2008 2696 set
2040 2643 2084 2697 si
2119 2642 2170 2696 in
2208 2645 2492 2712 promissis
2518 2644 2706 2700 fuisset
2739 2648 3006 2703 veridicos
3036 2658 3089 2703 et
3136 2650 3280 2705 dicta
3321 2652 3386 2706 ad
3409 2652 3497 2709 el-

1923 2730 2129 2787 fectum
2155 2733 2421 2788 duxisset.

2528 2826 2589 2882 L.
2634 2826 2910 2883 EISDEM.

1992 2916 2203 2971 Rursus
2222 2931 2360 2970 nova
2398 2918 2552 2972 vobis
2594 2919 2844 2987 epistola,
2896 2937 3086 2977 rursus
3138 2924 3283 2979 aliud
3330 2942 3500 2998 nego-

235 3006 397 3059 ἔοικα
426 3006 534 3077 γάρ
566 3023 669 3060 που
699 3005 795 3060 τοῦ
843 3007 1017 3061 αἰτεῖν
1067 3010 1141 3078 μὴ
1183 3008 1324 3079 τάχα
1363 3009 1564 3079 μέτρον
1591 3010 1811 3077 εἰδέναι,

1927 3015 2058 3060 ιιιιιιι
2092 3023 2106 3060 :
2145 3007 2362 3060 videtur
2397 3021 2483 3061 me
2512 3009 2777 3075 precibus
2803 3009 3017 3061 modum
3076 3009 3353 3078 imponere
3375 3028 3502 3067 nes-

230 3095 375 3149 ἀλλὰ
412 3096 635 3165 φθάνειν
663 3099 758 3153 ἀεὶ.
777 3099 892 3161 τοῖς
914 3097 1190 3169 δευτέροις
1217 3099 1285 3151 τὰ
1312 3099 1676 3169 προλαϐόντα,
1719 3117 1815 3170 γε-

1927 3098 2058 3162 eire,
2103 3101 2197 3152 sed
2230 3098 2532 3167 praevenire
2561 3113 2777 3168 semper
2830 3100 3224 3167 posterioribus
3255 3103 3501 3169 priores;

233 3188 336 3257 λᾷν
354 3204 413 3239 τε
439 3188 702 3256 ἀλλήλους
728 3188 819 3240 καὶ
844 3187 1046 3256 λέγειν,
1101 3188 1176 3248 ὡς
1212 3190 1459 3259 κρεῖττον
1490 3185 1558 3260 ἦν
1595 3190 1819 3244 σιωπῶν

233 3280 270 3349 ἢ
304 3281 528 3342 πυκνοῖς
560 3278 769 3349 βάλλων
805 3282 916 3343 τοῖς
957 3280 1282 3351 γράμμασιν
1304 3295 1317 3308 '
1350 3280 1468 3334 ἀλλ’
1519 3282 1670 3351 ὅμως
1709 3282 1817 3336 κᾶν

231 3370 520 3443 διατριϐὴν
573 3372 703 3441 ὑμῖν
760 3371 986 3443 παρέχω
1038 3373 1135 3425 καὶ
1182 3371 1413 3441 γέλωτα,
1462 3376 1671 3445 σιωπᾷν
1717 3376 1818 3429 οὐκ

230 3460 527 3529 ἀνέξομαιο
569 3461 647 3524 ὡς
676 3461 743 3515 ἂν
774 3462 931 3531 ὑμεῖς
953 3460 1158 3514 εἴποιτε
1192 3461 1386 3534 τέχνης
1425 3461 1513 3516 ἀεὶ
1539 3462 1598 3516 τὸ
1636 3462 1816 3517 λαλεῖν

232 3551 392 3621 παρὰ
422 3551 520 3620 τῆς
534 3552 729 3622 τέχνης
751 3551 957 3605 λαλῶν⁶
989 3553 1085 3605 καὶ
1109 3553 1280 3607 ταῦτά
1305 3569 1387 3606 σοι
1415 3553 1530 3607 νυνὶ
1558 3553 1818 3624 πράγμα-

230 3661 327 3707 τος
360 3647 439 3708 είς
461 3648 736 3716 ἡμετέραν
758 3646 946 3717 χρείαν
977 3647 1214 3719 ὁρῶντος
1233 3662 1247 3677 ⁶
1278 3650 1325 3701 οἱ
1359 3649 1469 3718 γὰρ
1511 3647 1643 3718 παρ’
1682 3650 1814 3718 ἡμῖν

230 3735 461 3803 λογάδες
502 3737 817 3806 ψηφίσματι
873 3738 1038 3807 κοινῷ
1091 3737 1191 3807 τὴν
1246 3740 1512 3809 μεγίστην
1569 3740 1815 3804 ἀξιοῦσιν

228 3828 431 3897 ἀρχὴν,
465 3827 648 3899 ῥᾴδιον
694 3826 974 3881 ἐπινεῦσαι
1032 3830 1286 3899 πρᾶγμα,
1325 3829 1507 3882 πλεῖον
1540 3831 1600 3882 τὸ
1659 3848 1814 3901 σιτη-

232 3919 416 3990 ρέσιόν
470 3928 561 3989 μοι
609 3920 916 3989 χορηγῆσαι
971 3919 1303 3991 δυνάμενον·
1350 3921 1561 3975 αἰτοῦσι
1598 3923 1657 3975 δὲ
1719 3924 1813 3977 καὶ

227 4011 471 4074 παλαιὰς
494 4010 777 4075 συντάξεις
813 4010 1179 4082 βεϐαιωθῆναι
1217 4016 1329 4078 τοῖς
1380 4012 1809 4085 διαδεξαμένοις,

228 4107 327 4159 καὶ
353 4105 518 4175 ψιλὴν
552 4106 863 4176 μεταθεῖναι
888 4105 1261 4176 προσηγορίαν
1282 4123 1299 4139 ο
1333 4105 1507 4160 ταῦτα
1546 4109 1643 4178 τὴν
1675 4108 1811 4174 ὑμε-

223 4196 400 4265 τέραν
436 4195 696 4264 ἀναμένει
718 4195 957 4264 σπουδήν
978 4209 992 4224 ⁸
1022 4194 1196 4248 ταῦτα
1210 4196 1352 4266 πρὸς
1368 4196 1543 4267 πέρας
1568 4197 1814 4264 ἐνεγκόν-

223 4303 342 4351 τες,
373 4287 539 4356 κάμοὶ
566 4285 846 4357 χαριεῖσθε
905 4286 1001 4339 καὶ
1053 4287 1168 4350 τοῖς
1221 4288 1512 4357 αἰτήσασιν
1555 4288 1701 4358 ὑμᾶς
1741 4289 1810 4342 δι’

1920 3202 1983 3243 ac
2013 3188 2370 3257 probabiliter
2397 3189 2541 3244 inter
2562 3204 2658 3243 vos
2677 3190 2867 3244 ridetis
2900 3189 3141 3245 dicentes
3177 3191 3501 3248 mihisatius

1918 3297 2041 3337 esse
2065 3282 2226 3338 silere
2264 3297 2427 3351 quam
2452 3281 2664 3336 crebris
2707 3284 2962 3352 persequi
2996 3282 3332 3338 voslitleris.
3395 3282 3505 3339 Ve-

1920 3385 2248 3441 rumtamen,
2276 3375 2491 3429 etiamsi
2525 3375 2802 3429 fastidium
2860 3375 3013 3430 vobis
3054 3386 3305 3444 praestem
3339 3386 3395 3432 et
3427 3378 3502 3431 ri-

1919 3479 2038 3519 sum
2083 3475 2268 3519 tacere
2295 3481 2403 3519 non
2451 3474 2662 3535 potero,
2722 3475 2979 3535 tanquam
3028 3465 3073 3520 si
3122 3466 3316 3521 dicatis
3366 3469 3501 3522 artis

1916 3570 2035 3612 esse
2060 3571 2277 3627 semper
2307 3556 2453 3626 loqui
2503 3565 2656 3611 extra
2707 3567 2879 3611 artem
2919 3555 3152 3624 loquens
3185 3566 3239 3611 et
3280 3557 3498 3627 quidem

1924 3646 2107 3715 agitur
2136 3660 2281 3700 nunc
2315 3648 2382 3700 de
2437 3660 2498 3700 re
2536 3647 2603 3700 ad
2640 3659 2815 3699 meam
2849 3645 3138 3698 utilitatem
3190 3657 3496 3713 spectante.

1915 3735 2131 3791 Etenim
2170 3737 2271 3790 viri
2306 3737 2448 3805 apud
2478 3752 2578 3792 nos
2607 3737 2764 3794 electi
2812 3737 3085 3792 communi
3145 3753 3229 3790 me
3275 3740 3498 3793 decreto

1915 3844 2165 3898 suprema
2197 3830 2492 3898 dignantur
2516 3828 2881 3884 auctoritate:
2906 3826 3060 3894 cuius
3085 3826 3303 3896 quidem
3330 3844 3492 3882 excr-

1915 3921 2100 3975 citinm
2137 3920 2293 3974 facile
2328 3930 2435 3982 est,
2463 3935 2529 3974 ae
2554 3922 2831 3976 meliorem
2892 3921 3023 3997 mihi
3066 3920 3267 3976 victum
3318 3931 3497 3990 potest

1913 4011 2289 4081 suppeditare;
2322 4021 2517 4077 rogant
2543 4026 2673 4065 vero
2714 4012 2969 4079 antiquas
3017 4010 3325 4067 confirmari
3362 4026 3496 4081 pen-

1912 4101 2094 4156 siones
2131 4102 2197 4154 iis
2216 4100 2307 4169 qui
2332 4108 2674 4166 receperunt,
2704 4110 2758 4154 et
2789 4100 3093 4175 simplicius
3145 4103 3340 4158 mutari
3391 4117 3493 4157 no-

1914 4204 2058 4246 men.
2101 4190 2157 4244 ιιι
2182 4199 2412 4245 vestram
2450 4199 2636 4243 manet
2678 4204 2865 4244 curam
2895 4206 2909 4244 :
2943 4192 3046 4245 hoc
3090 4193 3363 4262 negotium
3426 4196 3494 4248 ad

1913 4280 2074 4336 finem
2101 4281 2384 4345 ducentes,
2440 4290 2753 4350 pergratum
2784 4280 2997 4335 facietis
3037 4292 3093 4336 et
3139 4284 3270 4338 mihi
3307 4293 3361 4340 et
3389 4286 3492 4341 illis

228 4374 369 4445 ἐμοῦ
393 4391 406 4406 °
442 4379 491 4429 εί
519 4375 577 4429 δὲ
604 4375 781 4430 ταῦτα
812 4376 1112 4449 παρίδοιτε,
1157 4375 1321 4430 διπλᾶ
1376 4394 1468 4446 μοι
1518 4379 1808 4448 συμὸαίνει

1927 4374 2005 4443 qui
2048 4389 2145 4443 per
2174 4390 2263 4428 me
2288 4373 2609 4428 sollicitant.
2657 4373 2713 4427 Si
2751 4387 2882 4428 vero
2933 4372 3242 4443 negligatis,
3293 4376 3491 4445 duplex

227 4462 448 4530 παθεῖν,
506 4465 601 4517 καὶ
631 4462 692 4517 τὸ
743 4463 819 4534 μὴ
854 4467 1037 4534 τυχεῖν
1070 4465 1173 4535 τῆς
1210 4466 1446 4531 ἐλπίδος,
1500 4468 1597 4520 καὶ
1644 4468 1708 4521 τὸ
1739 4470 1807 4522 δι’

224 4554 386 4625 ὑμῶν
417 4555 493 4626 μὴ
523 4558 703 4626 τυχεῖν
724 4570 739 4587 ⁸
771 4550 846 4610 ὧν
877 4555 940 4608 τὸ
970 4555 1069 4626 μὲν
1107 4557 1391 4628 αἰσχύνην.
1429 4560 1488 4611 τὸ
1519 4558 1576 4612 δὲ
1604 4559 1809 4630 ζημίαν

224 4645 552 4715 ἑργάζεται·
583 4646 699 4699 ἀλλ’
728 4646 1098 4718 εὐτυχήσομεν
1128 4648 1362 4714 πάντως,
1382 4648 1517 4702 Θεοῦ
1543 4651 1642 4720 μὲν
1671 4653 1805 4706 ἄνω-

225 4740 322 4791 θεν
341 4737 705 4804 ὲπινεύοντος,
736 4739 890 4810 ὑμῶν
909 4740 966 4792 δὲ
990 4740 1380 4795 διακονούντων
1408 4745 1472 4814 τῇ
1502 4745 1683 4815 χρείᾳ,
1706 4745 1811 4817 ψη-

224 4830 528 4901 φιζομένης
556 4830 613 4883 δὲ
640 4830 738 4901 τῆς
778 4830 1041 4902 μεγίστης
1068 4832 1264 4901 ἀρχῆς.

668 5008 826 5064 NA'..
848 5008 1003 5061 ΤΟΙΣ
1034 5007 1305 5061 ΛΥΤΟΙΣ.

296 5101 563 5155 Τοσοῦτον
591 5101 741 5171 ἡμᾶς
768 5100 831 5153 τὸ
857 5102 1020 5170 τάχος
1041 5099 1352 5171 κατέπληξε
1375 5100 1475 5171 τῆς
1530 5101 1803 5173 ὑμετέρας

223 5199 488 5268 σπουδῆς,
538 5198 613 5261 ὼς
653 5197 751 5260 τὰς
780 5196 993 5266 ἡμέρας
1030 5196 1288 5266 ἀριθμεῖν
1331 5196 1390 5261 ἐξ
1413 5188 1474 5249 οὗ
1504 5197 1803 5267 πεπόμφα-

223 5309 326 5365 μεν
356 5290 427 5344 τὰ
459 5289 809 5359 ψηφίσματα,
845 5288 937 5340 καὶ
974 5286 1172 5358 μικροῦ
1201 5287 1312 5340 δεῖν
1343 5288 1490 5357 ὑμᾶς
1535 5288 1803 5352 νικῶντας

223 5383 311 5436 τὸν
349 5382 540 5451 χρόνον
571 5380 753 5449 εὑρεῖν
775 5394 790 5409 ⁸
840 5376 1094 5431 τοσοῦτόν
1123 5379 1271 5430 ἐστιν
1306 5378 1530 5446 ἀγαθῶν
1557 5378 1803 5447 ἀδελφῶν

218 5470 615 5545 περιάχθεσθαι
644 5470 875 5541 σπουδῇ,
923 5468 1115 5540 κέρδος
1176 5469 1497 5540 ἡγουμένων
1554 5470 1699 5539 ἅπερ
1735 5470 1801 5527 ἂν

219 5568 475 5637 ἀλλήλοις
494 5565 631 5637 πρὸς
653 5563 919 5631 εὐθυμίαν
944 5562 1274 5633 πορίσωνται
1298 5577 1314 5592 ’
1348 5560 1411 5613 τὸ
1433 5560 1490 5614 δὲ
1520 5561 1616 5614 καὶ
1641 5563 1801 5632 νικῆ-

222 5676 315 5715 σαι
334 5658 443 5713 τῶν
465 5656 800 5727 αἱτηθέντων
823 5656 921 5724 τὴν
934 5655 1146 5725 χρείαν,
1186 5654 1278 5707 καὶ
1304 5651 1477 5705 πλείω
1495 5656 1800 5724 παρασχεῖν

1912 4466 2087 4535 patiar
2123 4465 2558 4533 tnalum,nempe
2597 4465 2740 4534 quod
2773 4478 2890 4533 spe
2936 4463 3228 4519 frustratus
3259 4466 3390 4530 sim,
3436 4476 3493 4521 et

1910 4556 2051 4625 quod
2082 4555 2182 4610 sint
2204 4569 2301 4625 per
2321 4570 2414 4610 vos
2446 4553 2742 4615 frustratus
2773 4569 2785 4605 :
2819 4569 3052 4624 quorum
3120 4555 3271 4625 prius
3320 4558 3490 4626 pudo-

1913 4664 2049 4714 rem,
2078 4647 2349 4717 posterius
2370 4646 2771 4701 incommodum
2792 4648 2923 4701 mihi
2944 4643 3216 4702 all'erretis
3242 4648 3336 4703 sed
3368 4648 3509 4755 [οη-γ

1909 4754 2000 4794 ces
2025 4739 2247 4793 omnino
2269 4740 2473 4793 erimus
2496 4778 2512 4804 ,
2582 4739 2691 4793 Deo
2754 4738 2970 4793 cmlitus
2997 4748 3289 4803 annuente,
3338 4740 3489 4794 Vobis

1909 4830 2557 4910 tttilitati‘servientibus,
2607 4840 2662 4885 et
2698 4831 2920 4885 decreta
2968 4828 3101 4884 mihi
3137 4843 3347 4884 summa
3394 4844 3491 4898 po-

1910 4930 2122 4976 testate.

2515 5013 2601 5069 Ll.
2640 5012 2915 5069 EISDEM.

1976 5106 2210 5163 Tantam
2242 5106 2399 5161 nobis
2419 5105 2674 5159 celeritas
2696 5106 2864 5157 vestri
2909 5101 3077 5157 studii
3106 5099 3275 5155 movit
3316 5101 3488 5157 admi-

1908 5201 2202 5262 rationem,
2240 5207 2299 5252 ut
2319 5199 2436 5253 dies
2464 5212 2815 5252 numeremus
2831 5211 2895 5249 ex
2917 5210 3026 5265 qtto
3049 5192 3301 5264 sulfragia
3330 5196 3452 5251 misi
3471 5226 3484 5236 -

1904 5307 2044 5356 mus,
2095 5306 2156 5345 ac
2193 5300 2403 5344 tantum
2449 5303 2556 5342 non
2610 5288 2949 5342 inveniamus
2999 5301 3094 5339 vos
3140 5293 3352 5353 tempus
3410 5289 3488 5339 vi-

1902 5382 2043 5436 cisse
2072 5399 2085 5434 :
2118 5394 2296 5450 usque
2343 5379 2479 5434 adeo
2509 5378 2881 5433 sollicitudine
2938 5375 3077 5430 allici
3107 5384 3191 5430 est
3222 5375 3485 5429 bonorum

1902 5474 2233 5528 amicorum!
2283 5472 2493 5541 Quippe
2552 5472 2643 5541 qui
2694 5458 2910 5525 lucrum
2962 5470 3165 5524 habent
3223 5469 3485 5539 quidquid

1901 5567 2005 5621 sibi
2041 5567 2276 5621 invicem
2324 5565 2585 5621 benevole
2633 5561 2958 5631 largiuntur.
3014 5561 3249 5616 Vinci-re
3304 5570 3483 5613 autem

1902 5656 2179 5712 concessis
2216 5656 2406 5727 petita,
2468 5665 2523 5711 et
2550 5655 2673 5726 plus
2695 5661 2955 5721 praestare
2984 5668 3148 5723 quam
3170 5650 3484 5722 voluitpos-
