3966 6318
521 198 662 263 2⁸159

1818 179 2175 243 PROCOPII
2203 180 2446 240 GAZ.F.I

3659 163 3797 230 2760

524 310 724 372 iulans,
759 316 1017 376 quantam
1051 300 1288 356 ostendit
1349 297 1766 365 benignitateml
1816 293 1957 364 Ergo
2005 305 2103 345 ne-

2281 292 2309 342 ὁ
2337 291 2569 360 αἰτήσας
2605 287 2886 357 ήϐούλετο,
2924 286 3094 354 πόσην
3136 285 3236 336 οὐκ
3268 281 3530 350 ἐμφαίνει
3582 278 3683 350 τὴν
3709 278 3793 331 εῦ-

523 417 628 473 qne
675 417 768 453 vos
823 397 1084 450 desinatis
1140 395 1262 447 talia
1321 393 1519 454 facere,
1581 402 1757 457 neque
1793 401 1890 440 nos
1933 386 2000 439 de
2039 383 2108 436 iis

524 495 751 547 multum
788 490 1032 560 gloriari.

1027 579 1130 631 LII.
1173 569 1601 628 IllER()NY;\IO.

595 677 698 741 Tu,
768 675 994 744 optime,
1028 689 1055 724 a
1096 670 1252 722 nobis
1299 666 1599 736 hrofeetus,
1671 663 1818 733 prior
1867 658 2105 714 debuisti

527 765 681 820 nobis
709 767 968 825 scribare,
1009 769 1063 812 el
1092 761 1290 810 tht'Cl'c
1310 773 1406 808 nos
1425 755 1564 808 scire
1600 753 1884 820 cupientes
1909 763 1976 801 an
2008 747 2104 801 lae-

537 870 624 910 tu~
651 859 744 908 tibi
789 861 950 906 luerit
980 849 1284 919 Neptunus,
1327 857 1381 901 et
1409 847 1530 900 navi
1560 857 1664 898 tuae
1697 857 1850 896 mare
1902 853 2109 894 strave‘

530 963 620 1012 ιιι,
651 966 716 1001 an
749 945 1090 1001 Alexandria:
1119 956 1379 1012 prospere
1410 953 1469 992 se
1491 953 1576 992 res
1597 934 1902 994 habuerim,
1934 948 2002 985 an
2029 931 2110 984 iit-

529 1053 742 1106 gi-utcui
765 1034 940 1087 NJqu
971 1032 1200 1085 feliciter
1228 1029 1546 1090 transieris,
1591 1041 1656 1080 an
1689 1022 1882 1079 ﬂoride
1925 1023 1980 1076 in
2016 1031 2106 1074 tua

454 1130 468 1146 ‘
533 1128 823 1183 n-sideutia
862 1139 912 1178 te
937 1125 1157 1186 habeas,
1203 1139 1268 1173 an
1307 1121 1582 1189 supersint
1615 1131 1956 1172 nummorum
1995 1129 2111 1183 my-

535 1221 734 1282 riadcs,
771 1235 838 1270 an
870 1218 1064 1270 domus
1101 1226 1188 1268 tua
1242 1211 1582 1282 Egyptiacis
1608 1211 1848 1264 abundet
1875 1210 2112 1262 muneri-

541 1314 662 1365 bus.
691 1312 810 1362 Ila-r
841 1308 1079 1362 scribere
1101 1305 1354 1368 debuisti,
1384 1319 1448 1357 ac
1467 1302 1730 1372 promissa
1749 1299 1974 1369 implere
2000 1298 2115 1368 qui-

539 1405 637 1456 bus
687 1403 976 1454 missurum
1005 1410 1055 1452 te
1077 1397 1333 1468 epistolas
1363 1407 1419 1449 et
1445 1397 1650 1448 amicos
1673 1408 1946 1462 nunquam
1973 1393 2113 1445 obli-

537 1506 716 1548 turum
760 1492 1124 1561 pollicebar-is.
1173 1487 1251 1542 Tu
1294 1503 1420 1541 vero
1472 1503 1558 1540 tuo
1583 1487 1748 1541 etiam
1785 1484 2113 1540 scribentem

538 1587 797 1652 despicis,
839 1584 1136 1652 dedignaris
1163 1581 1299 1632 meis
1329 1581 1662 1646 reSpoudere
1709 1578 1978 1646 epistolis,
2033 1588 2116 1632 et-

552 1681 695 1731 enim
727 1677 834 1743 jam
861 1689 935 1726 ειιι
957 1673 1152 1725 undam
1182 1671 1275 1724 libi
1299 1671 1472 1723 mitto.
1497 1671 1743 1722 Siadhuc
1768 1669 1972 1732 silebis,
2006 1667 2116 1720 lor-

545 1772 686 1823 sit..u
746 1768 960 1822 tertiam
991 1766 1168 1819 adhuc
1194 1764 1498 1826 mittemus,
1551 1763 1723 1816 donec
1764 1771 1814 1814 te
1848 1761 2120 1815 factorum

544 1864 765 1932 pudeat,
793 1870 1048 1926 tuamque
1071 1855 1308 1926 linguam
1331 1856 1549 1909 tandem
1573 1853 1868 1908 solvamus.

1079 2033 1213 2088 LIII.
1241 2031 1592 2086 AGAPETO.

619 2123 834 2177 l’etiltts
867 2135 998 2188 ergo
1031 2135 1092 2174 es
1125 2121 1530 2174 accusationem
1560 2119 1898 2190 subripiendi
1943 2135 2130 2190 spera-

560 2225 691 2276 tam,
731 2226 784 2266 et
813 2214 863 2264 in
889 2211 1027 2264 alios
1075 2209 1418 2277 retorquendi
1465 2209 1694 2263 crimina
1727 2225 1848 2280 qua}
1867 2209 2007 2265 alius
2031 2209 2129 2266 tibi

543 2307 691 2376 jnsle
717 2303 1063 2358 intendisset.
1093 2298 1226 2354 Nam
1247 2300 1374 2355 olim
1397 2300 1680 2356 habitabas
1704 2301 2090 2358 Alexandriam
2113 2319 2128 2358 :

552 2401 654 2452 hac
681 2412 805 2449 ιντο
842 2395 1026 2448 relicta
1067 2393 1286 2457 silebas,
1307 2401 1362 2447 et
1392 2407 1488 2463 pro
1515 2402 1601 2447 tua
1626 2403 1778 2463 parte
1803 2403 1948 2449 tuam
1967 2395 2131 2450 etiam

555 2493 772 2545 celabas
798 2505 891 2558 pra
911 2489 1167 2542 semiam.
1205 2485 1309 2540 Sed
1346 2484 1578 2541 feliciter
1626 2487 1791 2551 fama,
1849 2503 1968 2556 qua:
1997 2487 2134 2542 nihil

557 2583 756 2635 bonum
793 2582 961 2632 latere
979 2579 1128 2641 sinit,
1163 2588 1216 2630 et
1255 2577 1449 2630 tuirtttu
1481 2579 1749 2633 habebant
1778 2594 1874 2632 cur
1915 2579 2133 2634 sileres.

552 2675 612 2728 Si
635 2676 700 2726 ad
729 2673 828 2726 rite
851 2672 1253 2725 observandum
1295 2685 1513 2724 sacrum
1549 2669 1680 2724 illud
1720 2669 2040 2740 Pythagorae
2063 2673 2137 2726 si-

553 2769 779 2831 lentium
816 2785 830 2821 :
866 2774 943 2830 at,
983 2765 1322 2833 inquiebam,
1353 2763 1590 2818 rhetoris
1621 2777 1728 2817 non
1760 2775 1844 2818 est
1871 2765 2057 2820 silere.
2079 2765 2136 2820 Si

556 2876 688 2915 vero
731 2871 933 2914 terram
989 2877 1111 2930 qua:
1140 2871 1191 2915 te
1217 2868 1534 2928 receperat,
1584 2869 1842 2930 tanquam
1875 2861 1977 2914 diis
2001 2860 2132 2914 iuvi-

2209 397 2392 448 νοιαν;
2440 382 2566 450 μήτ’
2591 375 2682 432 οὖν
2712 381 2869 449 ὑμεῖς
2898 377 3180 448 παύσησθε
3232 373 3466 427 τοιαῦτα
3497 370 3792 432 ποιεῦντες,

2213 476 2347 544 μήτε
2385 474 2527 542 μέγα
2564 473 2776 543 φρονῶν
2810 472 2902 522 ἐπὶ
2932 470 3145 532 τούτοις
3174 468 3306 536 ἐγώ.

2726 565 2852 618 NB’.
2905 563 3286 632 ΙΕΡΩΝΥΜῼ.

2277 659 2344 711 Σὲ
2371 658 2490 727 μὲν,
2523 651 2568 710 ὦ
2596 656 2864 726 βέλτιστε,
2899 657 2989 708 τὴν
3012 655 3071 721 ἐξ
3097 655 3259 723 ήμῶν
3281 654 3582 724 ἀπάραντα
3612 656 3800 726 κατάρ-

2213 769 2330 822 χειν
2361 749 2469 802 ἐδει
2509 748 2874 819 γραμμάτων,
2905 750 3002 801 καὶ
3033 747 3310 827 διδάσκειν
3343 747 3546 800 εἰδέναι
3581 746 3800 800 ποθοῦν·

2211 859 2332 905 τας,
2369 842 2422 893 εἴ
2452 858 2536 893 σοι
2559 840 2784 908 γέγονεν
2821 840 3061 908 εὐμενὴς
3093 840 3120 891 ὁ
3154 839 3448 901 Ποσειδὼν,
3479 839 3581 892 καὶ
3610 842 3678 907 τῇ
3721 837 3803 906 νηῒ

2211 936 2310 1007 τὴν
2364 935 2636 988 θάλατταν
2693 933 3089 1002 ὑπεστόρεσεν·
3139 934 3188 984 εἰ
3223 934 3290 984 τὰ
3350 931 3497 984 κατὰ
3528 930 3633 1000 τὴν
3663 930 3806 982 Ἀλε-

2215 1029 2439 1100 ξάνδρου
2469 1029 2696 1096 γέγονεν
2729 1027 2934 1095 εὐμενῆ
2963 1041 2975 1054 ·
3030 1028 3078 1078 εί
3106 1025 3198 1078 τὸν
3231 1025 3402 1078 πολὺν
3451 1025 3654 1076 Νεῖλον
3705 1027 3798 1079 ἀν-

2215 1122 2487 1184 έπλευσας
2511 1119 2754 1190 εὐτυχῶς
2771 1135 2787 1151 ο
2828 1119 2876 1170 εί
2904 1117 2974 1170 τὰ
2999 1117 3096 1186 τῆς
3126 1117 3416 1186 διατριϐῆς
3433 1115 3640 1185 εὐθαλῆ
3666 1133 3679 1144 ’
3721 1116 3814 1168 καί

2217 1231 2298 1266 σοι
2321 1213 2508 1265 λοιπὸν
2540 1213 2598 1263 ἐν
2631 1209 2860 1281 μυριάσι
2877 1208 2938 1261 τὸ
2965 1210 3228 1279 νόμισμα,
3257 1209 3352 1260 κοιλ⁵
3371 1209 3466 1259 τον
3489 1203 3648 1260 οἷκον
3670 1205 3813 1275 ἔχεις

2215 1303 2536 1371 Αἰγυπτίοις
2573 1301 2844 1372 πλήθοντα
2877 1301 3072 1371 δώροις
3096 1316 3110 1330 ·
3147 1301 3320 1353 ταῦτα
3348 1300 3588 1370 γράφειν
3619 1300 3810 1370 ἐχρῆν,

2217 1396 2314 1450 καὶ
2353 1394 2454 1456 τὰς
2475 1394 2804 1462 ὑποσχέσεις
2833 1391 3096 1462 πληροῦν,
3122 1393 3179 1443 ἐν
3207 1387 3297 1452 αἷς
3322 1391 3518 1444 πολλαὶ
3549 1390 3659 1459 μὲν
3688 1392 3812 1442 ἐπι-

2219 1485 2576 1555 στολαὶ,λήθη
2610 1485 2665 1538 δὲ
2691 1484 2799 1539 τῶν
2831 1483 3003 1554 φίλων
3030 1477 3209 1552 ούκῆν
3230 1497 3244 1511 ·
3277 1485 3342 1534 σὺ
3363 1482 3418 1534 δὲ
3442 1481 3540 1534 καὶ
3561 1479 3814 1534 ἐπιστέλ-

2221 1578 2404 1638 λοντος
2443 1579 2711 1646 παρορᾷς,
2747 1577 2846 1629 οὐκ
2875 1575 3074 1628 ἐθέλων
3103 1574 3431 1644 ἀμείϐεσῗαι
3485 1573 3812 1642 γράμμασισ

2224 1668 2512 1739 τοιγαροῦν
2557 1669 2658 1738 ήδη
2685 1669 2782 1720 καὶ
2811 1668 3074 1738 δευτέραν
3109 1667 3403 1720 ἐπέστειλα
3425 1682 3442 1696 ·
3485 1663 3593 1717 κᾶν
3623 1664 3704 1716 ἐτι
3739 1679 3817 1716 σι-

2224 1761 2420 1832 γὴσῃς,
2475 1759 2616 1829 τάχα
2667 1759 2762 1812 καὶ
2813 1758 3008 1828 τρίτην
3055 1757 3466 1827 προσθήσομεν,
3497 1756 3606 1818 ἕως
3648 1754 3709 1808 σέ
3739 1770 3816 1815 τις

2225 1850 2517 1921 ἐπεισέλθῃ
2545 1849 2654 1902 τῶν
2676 1848 2974 1920 δρωμένων
3028 1849 3214 1915 αἰδὼς,
3244 1849 3342 1902 καὶ
3373 1845 3473 1918 τὴν
3505 1845 3610 1916 σὴν
3637 1843 3819 1914 φωνὴν

2228 1943 2600 2012 εὐτυχήσομεν

2773 2035 2899 2088 NI".
2936 2034 3281 2104 ΑΓΛΠΗΤῼ.

2302 2128 2486 2192 Δεινδς
2515 2127 2625 2196 ἄρα
2651 2143 2734 2187 τις
2763 2120 2927 2198 ἦσθα,
2989 2126 3327 2198 κατηγορίαν
3359 2125 3709 2195 ὑφαρπάζειν
3739 2126 3806 2178 1:1-

2232 2221 2557 2292 πιζομένην,
2592 2221 2688 2276 καὶ
2731 2219 2906 2276 ταῦτα
2932 2219 3229 2291 προφέρειν
3251 2220 3366 2283 τοῖς
3396 2219 3607 2281 ἄλλοις.
3650 2215 3733 2283 ο’ς
3763 2221 3820 2273 iu

2231 2329 2318 2376 τις
2345 2311 2568 2374 δικαίως
2595 2311 2870 2382 ἐχρήσατο
2892 2310 3032 2364 κατὰ
3055 2309 3150 2362 σοῦ
3171 2327 3185 2340 ·
3219 2309 3390 2362 πάλαι
3423 2310 3525 2378 μὲν
3547 2310 3662 2378 γὰρ
3680 2305 3823 2379 εἶχες

2233 2403 2334 2474 τὴν
2354 2401 2732 2473 Ἀλεξάνδρου,
2757 2401 2855 2456 καὶ
2876 2401 3084 2471 ταύτην
3128 2399 3419 2453 ἀπολιπὼν
3473 2401 3695 2468 ἐσίγας,
3729 2402 3818 2453 καὶ

2234 2494 2296 2546 τὸ
2329 2493 2422 2546 σὺν
2453 2493 2620 2565 μέρος
2656 2491 2948 2556 ἐλάνθανες
2977 2493 3072 2545 καὶ
3113 2490 3337 2560 παρών·
3382 2492 3499 2545 ἀλλ’
3528 2491 3594 2546 εὖ
3626 2509 3696 2560 γε
3729 2493 3822 2561 τῆς

2238 2586 2448 2656 φήμης,
2479 2587 2513 2656 ἢ
2543 2583 2654 2638 τῶν
2682 2584 2924 2654 ἀρίστων
2951 2585 3018 2655 ἐᾷ
3070 2582 3357 2637 λανθάνειν
3385 2583 3562 2648 οὐδὲν,
3597 2582 3740 2654 αὕτη
3769 2601 3824 2636 οε

2242 2680 2486 2749 παρόντα
2530 2681 2816 2750 μεμήνυκε
2841 2697 2855 2713 '
2883 2679 2978 2733 καὶ
3011 2679 3315 2750 θαυμάζειν
3355 2675 3504 2750 εἶχον
3550 2679 3676 2732 ἀνθ’
3707 2681 3824 2733 ὅτου

2239 2772 2304 2841 δὴ
2336 2773 2432 2825 καὶ
2454 2773 2647 2843 σιγᾷς·
2685 2771 2734 2824 εἰ
2768 2771 2864 2842 μὲν
2893 2771 3090 2842 σεμνὸν
3135 2770 3297 2824 τοῦτο
3349 2771 3444 2824 καὶ
3500 2770 3823 2841 Πυθαγόρου

2245 2864 2504 2936 νομίζων,
2538 2863 2652 2917 ἀλλ’
2681 2863 2743 2916 οὐ
2779 2865 3008 2934 ῥήτορος
3038 2861 3225 2930 ἔλεγον
3253 2863 3288 2933 ή
3346 2863 3512 2934 σιγήο
3552 2865 3608 2916 εί
3632 2863 3692 2916 δέ
3735 2864 3825 2932 τήν

559 2970 675 3006 sam
721 2965 776 3007 et
811 2953 1127 3006 barathrum
1145 2967 1288 3021 πει-θ
1334 2952 1634 3020 patereris,
1687 2952 1975 3023 oportebat
2015 2951 2137 3008 sola.

2253 2955 2480 3009 ἐλοῦσαν
2508 2954 2583 3018 ὡς
2607 2955 2748 3018 θεοῖς
2771 2953 2976 3024 ἐχθρὰν
3006 2955 3102 3008 καὶ
3131 2954 3406 3023 βάραθρον
3427 2953 3826 3025 ἐδυσχέραινες.

557 3045 714 3107 timn,
743 3046 810 3098 ab
835 3043 1028 3099 amicis
1061 3055 1266 3112 petere.
1316 3043 1470 3098 Unde
1513 3043 1718 3098 nullum
1771 3059 1837 3096 ex
1893 3044 1976 3097 his
2005 3056 2143 3112 prae-

563 3139 802 3190 ιυχιῖιιυε
842 3134 1220 3197 admittebant,
1266 3133 1358 3188 sed
1393 3133 1636 3188 dicebam
1663 3133 1842 3204 potius
1871 3141 1923 3187 te
1953 3147 2143 3202 super-

563 3228 751 3288 biisse.
785 3237 1106 3296 veteresque
1128 3227 1331 3278 amicos
1362 3223 1475 3292 jam
1524 3239 1620 3295 pro
1651 3224 1817 3279 nihilo
1849 3233 2139 3293 reputare:

561 3334 871 3388 quanquam
920 3318 1192 3386 regionem
1231 3327 1374 3368 tuam
1408 3316 1520 3382 ipse
1574 3315 1907 3378 habitabant,
1957 3329 2020 3368 ac
2046 3328 2143 3382 pa-

567 3426 684 3462 rtltu
721 3409 911 3460 aberat
951 3407 1080 3474 quin
1110 3405 1333 3458 fratrem
1383 3415 1532 3458 tuum
1580 3405 1759 3458 ridere
1815 3404 2144 3460 nescientem

567 3499 914 3565 pa-dagogutu
961 3493 1236 3548 haberem.
1277 3493 1402 3548 Haec
1430 3507 1639 3547 mecura
1669 3495 1996 3564 recOgitans,
2040 3510 2146 3550 non

565 3598 966 3656 exspectassem
1019 3594 1070 3640 te
1130 3601 1307 3640 meum
1373 3587 1550 3640 subito
1607 3585 1719 3640 fore
1750 3595 2145 3642 accusatorem.

571 3679 724 3735 Unde
759 3690 878 3732 tuas
921 3679 1278 3740 liberast-uin
1305 3678 1410 3732 risu
1436 3678 1788 3748 aspiciebam,
1827 3687 1884 3732 et.
1913 3677 2151 3733 mirabar

567 3773 708 3842 quod
737 3772 1006 3824 rhetorica
1034 3779 1234 3822 tantam
1267 3779 1550 3838 ιινωειαιὈι
1599 3770 1918 3838 potentiam,
1979 3778 2038 3823 ut
2084 3768 2150 3823 ad

566 3861 938 3916 defensionem
984 3876 1265 3915 recurrere
1315 3875 1542 3930 cogerer
1577 3875 1678 3929 ego
1703 3861 1792 3932 qui
1823 3861 1952 3916 olim
1986 3859 2149 3915 verba

569 3965 662 4008 tua
693 3955 1013 4008 criminatus
1037 3966 1205 4009 eram.
1243 3953 1407 4008 Sacra
1471 3955 1573 4010 ista
1631 3956 1923 4024 sophistica
1968 3969 2034 4010 ne
2068 3955 2151 4007 vi-

573 4046 654 4098 ris
717 4045 938 4113 quidem
1013 4041 1254 4110 ejusdem
1315 4045 1449 4098 artis
1503 4043 1698 4112 parcit,
1773 4043 1864 4098 sed
1929 4059 2023 4098 eos
2083 4045 2150 4097 ad

577 4135 782 4200 glauca:
805 4131 1040 4186 Palladis
1081 4135 1292 4198 mbem,
1327 4142 1385 4186 ut
1411 4134 1582 4199 aiunt,
1618 4133 1837 4202 relegat.
1889 4131 1994 4186 Mei
2023 4147 2152 4204 ergo

576 4226 672 4279 lilii
729 4225 830 4294 (sic
866 4223 1010 4278 enim
1056 4240 1207 4278 meos
1256 4227 1489 4280 vocabas
1537 4225 1836 4293 sermones)
1885 4225 1950 4279 ad
1987 4234 2039 4280 te
2073 4225 2153 4279 ire

577 4323 855 4382 verentur,
879 4317 969 4385 qui
1005 4317 1110 4370 scis
1133 4317 1294 4369 etiam
1347 4317 1578 4371 latentes
1609 4317 1860 4386 detegere
1907 4315 2148 4372 mendas.
2185 4297 2229 4351 θ

1075 4405 1208 4460 LIV.
1267 4405 1659 4462 ΙιΟΒΟΤΙΙΕΟ.

654 4497 734 4550 Me
758 4495 864 4563 iam
892 4506 1133 4564 paratum
1173 4498 1356 4563 |it'ittt.t'
1395 4509 1496 4550 tute
1546 4501 1870 4563 respondete
1895 4497 2156 4564 epistolae,

573 4586 691 4651 ᾕρεε
722 4584 1028 4652 praevenisti
1071 4588 1365 4636 secundam
1392 4585 1654 4639 mittendo
1684 4603 1695 4637 :
1727 4588 1860 4640 adeo
1921 4591 1972 4638 in
2028 4587 2158 4653 ipsis

572 4677 743 4734 etiam
798 4676 994 4730 litteris
1043 4677 1262 4731 vincere
1319 4676 1580 4732 festinas!
1644 4681 1734 4742 At,
1801 4682 2034 4748 inquies,
2059 4695 2160 4735 cur

578 4777 729 4825 tanta
761 4769 952 4822 morat
979 4769 1088 4823 Cur
1112 4769 1200 4824 illa
1242 4771 1512 4824 scribendi
1540 4770 1724 4824 dilatio
1750 4772 1762 4824 ί
1827 4769 1941 4825 Non
1984 4779 2160 4839 potest

579 4861 744 4917 homo
769 4861 1031 4930 quidquid
1067 4862 1176 4914 vnlt
1209 4860 1406 4928 facere,
1468 4860 1561 4915 sed
1597 4876 1823 4916 necesse
1852 4869 1938 4916 est
1968 4863 2162 4916 cedere

580 4961 638 5006 et
693 4951 958 5005 inservire
1028 4953 1246 5006 utilitati
1302 4964 1354 5004 et
1403 4964 1586 5022 patere
1659 4954 2084 5007 etrcuntstautiis
2143 4969 2155 5004 :

573 5059 701 5114 qua:
735 5044 950 5113 quidem
994 5059 1098 5099 non
1133 5047 1262 5100 dant
1305 5047 1562 5114 quidquid
1627 5048 1822 5115 cuique
1882 5046 2031 5112 libet,
2065 5046 2159 5099 sed

581 5137 723 5204 quod
762 5135 828 5188 ad
863 5137 1146 5190 utilitatem
1191 5153 1412 5192 necesse
1449 5148 1532 5192 est
1563 5153 1900 5193 mensurare.
1950 5136 2162 5192 Hacte-

511 5287 516 5291 _
573 5245 685 5284 itus
727 5229 891 5298 igitur
922 5230 1124 5284 invitus
1143 5241 1193 5283 et
1219 5245 1360 5300 δραι-ε
1385 5231 1532 5296 silui,
1588 5247 1709 5285 cum
1744 5231 2045 5297 praesertim
2069 5232 2159 5282 ad-

582 5321 858 5373 mirationi
897 5321 1120 5375 habeam
1167 5331 1314 5374 tuum
1367 5323 1606 5375 studium
1639 5324 1854 5392 quando
1892 5325 2030 5390 apud
2065 5337 2163 5378 nos

581 5425 728 5478 eras,
760 5423 1199 5478 perseverantem
1234 5413 1398 5468 etiam
1418 5423 1538 5481 post
1596 5425 1743 5468 tuum
1775 5414 1977 5469 abitum
2014 5424 2160 5469 tuam

578 5514 712 5566 erga
743 5515 828 5555 me
865 5502 1313 5569 benevolentiam,
1351 5515 1600 5560 exortum
1641 5517 1828 5562 contra
1877 5517 1929 5562 te
1976 5509 2159 5562 odium

582 5601 638 5643 et
693 5591 970 5663 antiquam
1003 5594 1234 5649 fortunae
1268 5595 1550 5651 malitiam.
1597 5595 1703 5663 Tu,
1759 5599 1900 5654 velut
1943 5599 2162 5670 Sapiens

2245 3041 2412 3112 ἐχρῆν
2441 3041 2568 3112 περὶ
2587 3040 2697 3094 τῶν
2722 3041 2892 3111 φίλων
2914 3041 3272 3112 παραμυθίαν
3314 3043 3492 3096 αίτεῖν
3515 3058 3532 3072 ·
3559 3043 3692 3098 ὅθεν
3717 3045 3829 3098 τού-

2245 3150 2352 3187 των
2387 3131 2487 3202 μὲν
2513 3133 2688 3199 οὐδὲν,
2741 3132 2931 3202 ἔλεγον
2981 3133 3039 3186 δέ
3073 3133 3274 3204 μᾶλλον
3302 3133 3381 3199 ὡς
3433 3135 3606 3198 πολὺς
3643 3136 3827 3209 ego“,

2247 3225 2341 3278 καὶ
2371 3225 2494 3288 τοὺς
2551 3224 2720 3278 πάλαι
2750 3224 3038 3294 φιλτάτους
3072 3225 3238 3296 λῆρον
3285 3223 3428 3280 εἶναι
3477 3228 3701 3293 δοκεῖς·
3744 3234 3830 3285 καὶ

2246 3315 2421 3369 ταῦτα
2450 3317 2548 3386 τὴν
2589 3316 2816 3369 ἑλοῦσαν
2842 3317 3028 3381 οἰκῶν,
3059 3319 3150 3370 καὶ
3177 3316 3376 3387 μικροῦ
3415 3317 3532 3372 δεῖν
3557 3319 3656 3372 ὑπ’
3681 3321 3828 3374 ἁδελ-

2250 3407 2337 3479 φῷ
2373 3409 2448 3478 μὴ
2473 3409 2702 3476 γελῶντι
2732 3409 3278 3477 παιδαγωγούμενος·
3307 3409 3486 3462 ταῦτα
3516 3412 3644 3463 κατ’
3667 3412 3828 3481 ipsa.

2249 3501 2340 3554 τὸν
2365 3501 2582 3564 ἐννοῶν,
2614 3501 2713 3554 οὐκ
2763 3500 2829 3554 ἂν
2853 3501 3066 3572 ήλπικά
3106 3517 3164 3554 σε
3212 3504 3525 3572 κατήγορον
3572 3502 3828 3572 ἐξαίφνης

2254 3593 2414 3646 ἰδεῖνο
2445 3592 2568 3644 ὅθεν
2591 3592 2936 3663 προσεγέλων
2967 3592 3038 3644 τὰ
3064 3593 3393 3663 γράμματα,
3424 3595 3522 3646 καὶ
3549 3593 3655 3662 τὴν
3683 3597 3830 3664 ῥητο-

2255 3682 2412 3754 ρικὴν
2435 3682 2742 3751 ἐθαύμαζον
2770 3683 3041 3752 τοσαύτην
3067 3683 3410 3753 χορηγοῦσαν
3432 3685 3540 3754 τὴν
3562 3685 3646 3748 ἐξε
3659 3685 3826 3746 υσίαν,

2251 3773 2318 3828 δι’
2349 3775 2416 3844 ἣν
2445 3773 2743 3840 ἀπολογίαν
2773 3773 3019 3844 ἐζήτουν,
3055 3777 3083 3827 ὁ
3121 3775 3290 3828 πάλαι
3319 3775 3400 3843 τῷ
3427 3775 3576 3846 λόγῳ
3604 3793 3830 3842 κατηγο-

2257 3865 2365 3936 ρῶν
2389 3881 2405 3896 ο
2437 3864 2607 3918 ταῦτα
2634 3865 2733 3934 τῆς
2769 3865 3088 3935 σοφιστικῆς
3115 3866 3184 3918 τὰ
3230 3865 3425 3936 σεμνὰ,
3458 3867 3558 3918 καὶ
3581 3867 3708 3920 οὐδὲ
3732 3866 3830 3919 τῶν

2253 3954 2563 4025 ὁμοτέχνων
2595 3953 2873 4022 ἐφείσατο,
2891 3953 3127 4021 γλαῦκα,
3151 3956 3340 4024 φησὶν,
3369 3955 3644 4025 ’Δθήναζε
3661 3972 3832 4026 mpe-

2255 4044 2578 4112 πέμπουσα·
2619 4041 2669 4094 οἱ
2697 4039 2754 4094 δὲ
2802 4041 2928 4110 ἐμοὶ
2977 4042 3164 4104 παῖδες
3227 4041 3426 4109 (οὕτως
3459 4043 3571 4110 γὰρ
3627 4042 3830 4102 ἐκάλεις

2256 4136 2382 4197 τοὺς
2437 4133 2650 4204 λόγους)
2688 4131 2824 4202 πρὸς
2865 4133 2924 4186 σέ
2979 4135 3169 4202 φοιτᾷν
3208 4133 3530 4204 ἐρυθριῶσι,
3598 4133 3832 4203 ἐλέγχειν

2256 4227 2436 4280 εἰδότα
2478 4228 2572 4281 καὶ¹
2602 4227 2971 4281 λανθάνουσαν
3004 4227 3304 4298 ἀμορφίαν.

2665 4455 2669 4459 ,
2812 4403 2934 4454 ΝΔ’.
2969 4401 3288 4474 ΔΩΡΟΘΕῼ.

2332 4495 2470 4564 Ἤδη
2507 4513 2574 4566 με
2617 4495 2877 4564 μέλλοντα
2928 4493 3062 4564 πρὸς
3121 4495 3221 4563 τὴν
3275 4495 3553 4566 προτέραν
3611 4497 3832 4566 γράφειν

2257 4589 2569 4658 ἐπιστολὴν,
2604 4587 2816 4654 φθάσας
2866 4587 3027 4650 αὐτος
3067 4587 3164 4640 καὶ
3215 4586 3480 4657 δευτέραν
3525 4587 3828 4657 ἐπέθηκας·

2259 4679 2401 4734 οῦτω
2429 4682 2531 4732 κάν
2559 4681 2671 4741 τοῖς
2716 4679 3010 4749 γράμμασι
3042 4678 3241 4748 ἐπείγῃ
3271 4680 3452 4750 νικᾷν.
3499 4679 3666 4732 Ἀλλὰ
3687 4677 3770 4742 τίς
3809 4681 3834 4729 ὸ

2261 4775 2474 4846 χρόνος,
2502 4775 2667 4844 ἐρεῖς,
2720 4772 2869 4842 καὶὴ
2897 4771 2992 4824 τοῦ
3025 4769 3100 4842 μή
3131 4770 3366 4839 γράφειν
3398 4769 3677 4841 ἀναϐολής
3729 4771 3834 4824 0:3:

2261 4868 2406 4919 ἐστιν
2445 4867 2729 4936 ἄνθρωπον
2776 4864 2925 4928 ὅντα,
2979 4863 3242 4934 πράττειν
3286 4863 3389 4916 ὃσα
3439 4880 3527 4925 τις
3573 4863 3832 4932 βούλεται,

2261 4958 2375 5011 ἀλλ’
2413 4959 2627 5026 ἀνάγκη
2663 4954 3000 5028 παρέχεσθαι
3033 4953 3130 5006 καὶ
3154 4951 3429 5016 δουλεύειν
3457 4955 3528 5021 τῇ
3564 4953 3730 5024 χρείᾳ
3751 4957 3834 5002 καὶ

2263 5049 2547 5104 πείθεσθαι
2570 5049 2646 5119 τῷ
2676 5048 2853 5118 καιρῷ
2875 5064 2887 5077 ·
2919 5049 2946 5101 ὁ
2973 5047 3031 5098 δέ
3066 5046 3279 5100 δίδωσιν
3312 5045 3411 5116 οὐχ
3436 5046 3540 5099 ὅσα
3560 5062 3648 5108 τις
3680 5045 3832 5100 θέλει.

2261 5145 2374 5198 ἀλλ’
2397 5145 2499 5197 ὅσα
2522 5141 2658 5212 πρὸς
2686 5139 2784 5210 τὴν
2812 5140 3002 5210 χρείαν
3033 5138 3244 5207 ἀνάγκη
3279 5138 3519 5208 μετρεῖν.
3549 5135 3718 5214 ταῦτ’
3737 5135 3835 5204 ἄρα

2267 5237 2456 5306 μέχρις
2491 5235 2590 5302 τῆς
2611 5233 2706 5286 νῦν
2726 5232 2876 5286 ἄκων
2909 5231 3034 5301 μὲν,
3069 5231 3290 5284 σιωπῶν
3317 5229 3362 5284 δ’
3391 5225 3484 5283 οσῖιν
3515 5229 3666 5298 ὅμως
3693 5230 3837 5299 mea.

2267 5348 2374 5400 μην
2393 5347 2406 5360 ·
2435 5327 2614 5382 καίτοι
2639 5325 2940 5396 θαυμάζειν
2960 5323 3100 5396 ἔχων
3125 5325 3224 5394 τὴν
3245 5325 3334 5377 ὅτε
3362 5324 3494 5394 παρ’
3532 5325 3668 5394 ήμίν
3703 5318 3839 5391 ἦσθα

2267 5421 2523 5490 σπουδὴν,
2545 5421 2645 5490 τὴν
2665 5419 2852 5489 ἐπειδὴ
2877 5419 3037 5471 πάλιν
3055 5417 3296 5488 ἀνήχθης
3321 5418 3403 5470 ἐτι
3439 5433 3530 5484 μοι
3559 5416 3836 5483 διαμένει.-

2269 5530 2367 5566 σαν
2395 5511 2634 5573 εὖνοιαν,
2675 5509 2764 5562 τὺν
2783 5507 2924 5562 κατὰ
2958 5507 3052 5560 σοῦ
3088 5505 3363 5560 συστάντα
3402 5505 3596 5575 φθόνον
3627 5506 3718 5556 καὶ
3745 5503 3836 5569 τὴν

2268 5601 2436 5654 πάλαι
2465 5600 2562 5669 τῆς
2591 5599 2760 5668 τύχης
2783 5597 3078 5669 ἐπιϐουλήν
3098 5614 3112 5628 ο
3149 5597 3243 5651 καὶ
3267 5595 3344 5660 ὡς
3374 5595 3604 5666 σώφρων
3643 5594 3834 5663 ἀνήγου
