4000 6314
301 286 444 356 275.1
562 330 566 333 .
1752 268 2167 355 Episrom.‘
3332 360 3340 367 .
3372 327 3389 342 ο
3418 306 3557 370 2762

310 404 586 471 τὸνλόγον
619 401 920 474 γινόμενος,
969 401 1063 456 καὶ
1114 402 1179 472 τῇ
1235 400 1362 471 περὶ
1418 398 1591 454 ταῦτα
1622 400 1858 474 φλυαρίς

1988 407 2164 464 factus
2181 409 2396 480 dignius
2420 410 2749 481 loquebaris,
2805 417 2859 465 et
2894 411 3051 483 nugis
3073 413 3217 471 circa
3253 417 3368 473 haec
3403 422 3551 476 vale-

307 496 521 567 χαίρειν
552 494 742 560 είπὼν,
770 495 1137 566 αἱρησάμενος
1161 495 1273 555 τοῖς
1300 493 1468 547 πᾶσιν
1521 492 1854 548 ὲλαττοῦσθα

1983 498 2186 563 dixisti,
2239 514 2303 555 ac
2346 502 2580 559 ntaluisti
2626 499 2879 556 omnibus
2911 504 3191 574 minorari,
3255 518 3314 564 ιιι
3368 526 3553 567 musas

309 588 534 656 μᾶλλον,
563 587 652 641 ἴνα
670 603 733 638 κε
744 585 938 659 ρδάνῃς
974 585 1074 648 τὰς
1118 585 1348 656 μούσας·
1376 583 1490 638 ἀλλ’
1519 583 1668 637 ὄναιο
1685 583 1878 638 θᾶττον

304 677 508 750 ἔρωτος
539 675 824 748 μουσικοῦ,
843 677 939 729 καὶ
953 673 1205 728 τοσοῦτον
1225 672 1408 738 λάϐοις
1423 672 1618 726 ὁπόσον
1644 672 1846 735 ἐθέλοις
1860 689 1873 703 ·

302 770 398 824 καὶ
423 769 600 838 γένοιο
636 769 731 838 τῆς
752 765 1132 836 προλαϐούσης
1169 764 1443 834 διαϐολῆς,
1471 764 1520 815 εί
1542 763 1643 833 μὲν
1670 763 1879 832 ἀληθὴς

298 857 369 931 ἦν
391 900 407 926 ,
439 859 910 929 σωφρονέστερος’
961 860 1013 911 εί
1050 857 1108 910 δὲ
1162 856 1383 926 ψευδὴς,
1442 853 1836 925 εὐτυχέστερος
1859 868 1875 885 ο

296 953 449 1015 ὅπως
479 951 508 1003 ὁ
533 951 671 1020 μετὰ
699 949 873 1002 ταῦτα
902 948 1016 1018 βίος
1045 948 1120 1019 μὴ
1139 947 1308 1018 ψευδῆ
1339 944 1590 1014 διαϐολὴν
1623 942 1876 1014 ὲπιδέξη-

295 1058 418 1097 ταιο
448 1041 583 1096 ἀλλὰ.
619 1041 843 1111 φανείης
875 1039 1039 1093 πάλιν
1067 1041 1272 1101 ἐκεῖνος
1297 1039 1327 1092 ὁ
1359 1039 1622 1108 πρότερον
1646 1052 1661 1068 ·
1702 1035 1878 1099 οὕτως

294 1135 407 1205 γὰρ
454 1134 521 1189 ἂν
563 1133 880 1205 ήνωθέντων
913 1132 1017 1185 τῶν
1062 1132 1248 1203 ἄκρων
1299 1132 1571 1186 διόλλυται
1604 1129 1665 1183 τὸ
1703 1127 1875 1200 μέσον

294 1224 459 1277 ἑκατέ
469 1240 546 1295 ρῳ
577 1223 641 1294 μέ
651 1240 733 1294 ρει
775 1222 1123 1292 βαλλόμενον.
1304 1306 1309 1309 _

562 1368 571 1377 ,
853 1313 983 1367 NE’.
1014 1313 1347 1383 ΣΤΕΦΑΝῼ.

372 1408 493 1460 Ἔτι
531 1408 727 1478 σιγᾷ;;
757 1405 965 1459 ἐτιτῶν
999 1406 1362 1477 ἠμελημένων
1393 1406 1593 1475 ἡμεῖς;
1629 1404 1724 1457 καὶ
1765 1402 1871 1472 μὴν

289 1499 462 1553 πάλαι
494 1515 557 1568 γε
586 1500 806 1562 πυκνοῖς
827 1499 973 1569 ἡμᾶς
992 1494 1135 1569 εἶχες
1158 1500 1271 1561 τοῖς
1303 1497 1625 1566 γράμμασιν
1646 1510 1660 1525 ·
1685 1495 1779 1549 καὶ
1802 1489 1871 1564 ἦν

284 1592 511 1663 ἥδιστον
540 1591 601 1644 τὸ
642 1591 827 1659 κτῆμα
874 1588 1248 1659 φθεγγομένου
1307 1586 1566 1649 πολλάκις
1607 1584 1829 1639 ἀκούειν
1853 1598 1867 1612 ο

286 1682 430 1737 ἀλλὰ
446 1681 542 1735 νῦν
572 1681 833 1751 ἐξαίφνης
869 1680 1028 1751 σιγᾷς
1052 1681 1147 1734 καὶ
1170 1679 1269 1748 τῆς
1292 1679 1487 1749 ἡδονῆς
1504 1676 1697 1747 ἐστερή
1708 1674 1864 1745 μεθα’

285 1866 495 1930 ἐκεῖνα,
526 1863 736 1918 καὶτὸν
759 1863 977 1919 πάντων
1005 1880 1094 1933 μοι
1134 1862 1391 1932 φίλτατον
1419 1860 1864 1934 προσαπολέσθκι

278 1957 462 2012 δοκῶ·
493 1957 558 2010 σὺ
583 1957 639 2010 δὲ
669 1956 905 2027 μάλιστα
936 1956 1038 2027 μὲν
1060 1956 1153 2010 καὶ
1191 1955 1253 2008 τὸ
1286 1954 1491 2025 βιϐλίον
1519 1953 1861 2016 ἀπόστειλον,

286 2050 383 2102 καὶ
421 2049 543 2118 περὶ
578 2048 676 2118 τῆς
709 2047 923 2111 εὐνοίας
957 2047 1230 2118 ἀπολίπῃς
1260 2046 1458 2117 μηδέν’
1498 2046 1546 2098 εξ
1576 2045 1634 2098 δὲ
1671 2043 1767 2114 μὴ.
1795 2043 1867 2096 τὰ

279 2137 419 2205 γοῦν
446 2137 619 2207 φίλοις
645 2132 789 2193 εἶναι
812 2137 1117 2207 διαμενέτω
1129 2155 1141 2169 ·
1175 2137 1312 2204 δόξω
1342 2135 1451 2205 γὰρ
1496 2134 1639 2188 οὕτω
1667 2150 1866 2186 πεπον-

278 2228 440 2280 θέναι
471 2227 636 2298 μηδέν
662 2246 675 2260 ο
705 2228 945 2296 δήλωσον
968 2227 1033 2282 δέ
1069 2244 1159 2298 μοι
1193 2227 1290 2281 καὶ
1331 2228 1479 2290 ὅπως
1508 2226 1639 2296 ὑμῖν
1672 2223 1785 2295 ἔχει
1805 2222 1867 2277 τὸ

279 2316 698 2392 φροντιστήριον
713 2338 725 2352 ·
758 2321 853 2376 καὶ
869 2322 917 2375 εί
940 2319 1144 2391 πλῆθος
1160 2321 1434 2391 ὀμιλητῶν
1460 2336 1543 2372 σοι
1565 2316 1868 2389 περιφράτ-

278 2430 370 2466 τει
399 2413 459 2466 τὸ
491 2413 750 2484 θέατρον·
795 2414 888 2467 καὶ
911 2413 974 2466 τὺ
1009 2412 1074 2484 δὴ
1116 2412 1405 2484 μέγιστον,
1434 2411 1482 2464 εί
1513 2408 1731 2480 πλούτῳ
1765 2426 1863 2463 κο-

285 2508 418 2574 μᾷς,
454 2504 547 2558 καί
575 2521 656 2558 σοι
696 2505 881 2560 λοιπὸν
923 2506 1005 2569 είς
1055 2503 1298 2575 χιλιάδας
1334 2502 1647 2574 ἀριθμεῖται
1676 2501 1750 2555 τὸ.
1773 2500 1861 2555 νόν

289 2611 491 2667 ιιισμα.

817 2688 963 2756 Νςν.
1004 2676 1282 2760 namNa.
1667 2772 1671 2775 τ

352 2779 427 2833 ‘El
463 2781 573 2842 τοῖς
594 2780 793 2850 ἐρῶσιν
817 2781 1000 2851 ἡμέρα
1032 2781 1129 2850 μία
1160 2780 1298 2852 πρὸς
1328 2779 1506 2851 γῆρας
1535 2779 1718 2851 ἀρκεῖ,
1759 2779 1862 2833 οὐκ

282 2871 359 2927 ἂν
396 2871 620 2940 φθάνοις
661 2872 910 2943 ἀριθμῶν
933 2873 1106 2928 ὁπόσα
1134 2873 1198 2945 δὴ
1229 2873 1650 2943 γεγηράκαμενο
1693 2871 1862 2925 πάλαι

265 2962 388 3033 ξμὶν
414 2958 556 3034 ἦμεν
578 2951 991 3032 εὐδαίμοεθες,σέ
1005 2981 1063 3018 τε
1087 2965 1319 3036 ὁρῶντες
1332 2965 1434 3018 καὶ
1457 2965 1568 3018 τῶν
1598 2964 1706 3017 σῶν
1732 2964 1861 3017 ἀντ-

1980 589 2352 649 lucrifaceres.
2407 595 2476 649 At
2536 594 2742 650 utinam
2801 596 2962 651 citius
3019 596 3215 654 fruaris
3276 615 3549 658 musarum

1980 694 2186 747 amore,
2216 691 2271 738 et
2306 691 2514 739 tantum
2558 685 2745 755 capias
2798 695 3054 759 quantum
3099 688 3356 758 volueris,
3404 708 3467 748 ac
3501 704 3552 750 te

1987 768 2152 825 faciat
2186 774 2500 841 praecedens
2555 777 2856 841 accusatio,
2922 778 2967 832 si
3021 779 3236 848 quidem
3293 797 3418 839 vera
3455 786 3546 852 sil,

1979 859 2386 931 sapientiorem,
2424 866 2468 921 si
2504 881 2632 922 vero
2653 868 2813 935 falsa,
2870 870 3166 931 feliciorem
3198 896 3213 945 ;
3250 878 3323 935 ita
3359 889 3419 935 ιιι
3452 889 3541 937 tua

1980 948 2238 1021 deinceps
2267 955 2374 1009 vita
2401 955 2509 1026 iam
2546 960 2745 1015 nullam
2804 965 2992 1018 subeat
3022 965 3212 1023 falsam
3243 977 3548 1029 accusatio-

1979 1051 2127 1104 nem,
2162 1041 2256 1095 sed
2310 1043 2450 1098 idem
2495 1046 2695 1103 iterum
2736 1053 2971 1111 videaris
3021 1058 3111 1126 qui
3146 1058 3291 1116 fuisti
3338 1072 3494 1119 antea
3532 1082 3547 1117 :

1979 1127 2062 1183 sic
2091 1131 2236 1185 enim
2280 1134 2447 1191 unitis
2480 1136 2689 1194 duabus
2740 1148 3001 1203 extremis
3046 1151 3280 1208 medium
3315 1155 3549 1223 perime-

1981 1225 2067 1271 tur
2099 1227 2327 1291 utraque
2357 1234 2510 1293 parte
2537 1243 2878 1296 percussum.

2506 1318 2615 1375 LV.
2636 1321 3019 1382 STEPHANO.

2028 1400 2235 1461 ,Adhuc
2256 1407 2419 1464 silcs-l
2454 1412 2632 1470 adhuc
2687 1430 2786 1473 nos
2850 1420 3204 1493 negligim’ur!
3264 1426 3403 1482 Olim
3462 1438 3547 1484 ta-

1979 1508 2101 1549 men
2135 1496 2444 1568 frequentes
2474 1503 2730 1565 mittebas
2761 1511 2922 1567 nobis
2950 1513 3185 1585 litteras,
3241 1529 3296 1575 et
3347 1521 3546 1590 jucun-

1976 1585 2262 1645 dissimum
2306 1591 2504 1648 bonum
2544 1606 2663 1652 erat
2700 1606 2756 1656 te
2800 1601 3284 1682 loquentemasatpe
3313 1585 3541 1686 audire;

960 1680 1028 1751 ᾷς
1052 1681 1147 1734 καὶ
1170 1679 1269 1748 τῆς
1292 1679 1487 1749 ἡδονῆς
1504 1679 1697 1747 ἐστερὴ
1708 1679 1858 1745 μεθα¹

960 1771 1181 1843 βιϐλίων
1203 1772 1496 1844 ἀπήλαυσα
1515 1787 1529 1802 ο
1562 1769 1745 1841 ζητῶν
1765 1767 1858 1836 γὰρ

1976 1679 2070 1734 sed
2095 1695 2236 1736 nunc
2258 1684 2442 1740 subito
2471 1686 2625 1754 siles,
2676 1700 2730 1746 et
2776 1693 2863 1748 illa
2893 1696 3170 1768 voluptate
3217 1679 3416 1771 privati
3449 1679 3543 1763 su;

1979 1781 2121 1824 mus.
2155 1769 2305 1827 lianc
2334 1774 2500 1843 igitur
2527 1792 2593 1833 ex
2626 1779 2781 1837 libris
2815 1785 2921 1841 tuis
2951 1790 3067 1844 ceni
3087 1791 3381 1844 utilitatem
3408 1815 3422 1844 ε
3447 1798 3543 1844 Ima

285 1773 517 1828 τοιαῦτα
546 1773 654 1826 τῶν
685 1772 939 1844 χρηστῶν
960 1772 1181 1843 βιϐλίων
1203 1772 1496 1844 ἀπήλαυσα
1515 1787 1529 1802 ο
1562 1772 1745 1853 ζητῶν
1765 1785 1800 1836 γ

1979 1781 2121 1824 mus.
2155 1769 2305 1827 lianc
2334 1774 2500 1843 igitur
2527 1792 2593 1833 ex
2626 1779 2781 1837 libris
2815 1785 2921 1841 tuis
2951 1790 3067 1858 cepi
3087 1769 3382 1850 utilitatem
3408 1815 3422 1851 :
3447 1798 3547 1854 hos

1971 1857 2114 1912 enim
2144 1875 2422 1933 quaerens,
2451 1868 2829 1928 charissimam
2859 1878 3100 1934 omnium
3132 1882 3266 1937 mihi
3310 1886 3544 1943 amicum

1968 1949 2217 2006 amisisse
2275 1954 2482 2012 videor.
2516 1958 2598 2015 Tu
2633 1963 2977 2030 potissimum
2998 1968 3143 2027 hunc
3176 1974 3306 2030 mihi
3343 1977 3541 2032 librum

1968 2039 2145 2109 aufer,
2213 2045 2306 2100 sed
2339 2047 2403 2102 de
2462 2057 2551 2104 tua
2593 2052 2965 2113 benevolentia
3026 2061 3247 2119 minime
3286 2066 3541 2137 deﬁcias;

1967 2130 2052 2185 sin
2111 2133 2310 2202 minus,
2372 2139 2563 2196 saltem
2606 2144 2660 2200 in
2694 2147 2933 2203 amicitia
2976 2167 3406 2225 perseverantius,
3461 2164 3546 2219 sic

1968 2222 2111 2277 enim
2151 2225 2285 2281 nihil
2320 2244 2520 2298 .passus
2550 2235 2681 2292 mihi
2729 2239 2975 2298 videbor.
3016 2243 3203 2302 lndica
3233 2264 3363 2306 vero
3393 2222 3541 2309 mihi

1968 2316 2238 2383 quomodo
2266 2332 2328 2375 se
2351 2322 2546 2378 habeat
2576 2328 2783 2394 schola,
2822 2345 2892 2386 an
2933 2334 3218 2392 multitudo
3247 2338 3538 2412 discipulo-

1968 2408 2177 2497 rumad
2217 2420 2269 2465 te
2304 2413 2628 2471 audiendum
2656 2419 2911 2488 confluat,
2943 2439 3008 2480 ac
3037 2426 3285 2497 inprimis
3312 2408 3537 2491 antdivi-

1969 2496 2058 2552 tiis
2089 2496 2349 2570 luxuries,
2384 2513 2439 2560 et
2466 2506 2689 2565 residua
2731 2511 2825 2568 tibi
2853 2520 3080 2586 pecunia
3113 2534 3209 2591 per
3245 2523 3408 2580 millia
3434 2542 3537 2583 nu-

1968 2600 2230 2647 meretur.

2516 2692 2653 2751 LVI.
2725 2696 2995 2760 SABINO.

2037 2777 2095 2835 Si
2130 2783 2437 2840 amantibus
2479 2789 2633 2845 unica
2674 2792 2792 2850 dies
2821 2797 2890 2851 ad
2921 2799 3133 2855 senium
3162 2802 3381 2872 sufﬁcit,
3408 2821 3538 2878 sup-

1963 2878 2155 2938 putare
2185 2887 2290 2928 non
2319 2877 2529 2937 valeres
2556 2896 2817 2955 quantum
2843 2894 3209 2954 senuerimus.
3245 2895 3384 2953 Olim
3414 2877 3539 2969 qui—

1963 2961 2082 3018 dem
2101 2964 2288 3024 felices
2305 2984 2544 3040 eramus,
2573 2986 2625 3031 te
2646 2979 2892 3038 videntes
2910 2991 2963 3038 et
2986 2991 3072 3039 tua
3103 2961 3494 3058 amplectentes
3518 3012 3544 3061 ;.

262 3051 562 3122 εχόμενοι·
590 3052 685 3106 καὶ
745 3048 814 3122 ἦν
843 3055 976 3124 ἡμῖν
1004 3053 1188 3107 πάντα
1217 3054 1452 3126 χρηστὰ,
1486 3054 1610 3123 ϐῲις
1641 3054 1855 3158 ἡδίσῖη,

1966 3065 2018 3111 et
2056 3068 2211 3115 erant
2270 3060 2429 3119 nobis
2479 3070 2660 3125 omnia
2708 3072 2880 3140 utilia,
2941 3048 3540 3145 aspecmsu-ammnissi.

265 3144 430 3214 ’λόγοι
451 3144 884 3215 κατακηλοῦντες
933 3144 1032 3217 τὴν
1074 3147 1265 3218 ἀκοὴν,
1327 3145 1520 3219 γνώμη
1547 3145 1858 3220 χορηγοῦσα

1966 3163 2105 3217 mus,
2127 3166 2407 3215 sermones
2436 3161 2679 3217 auditum
2709 3144 3036 3233 excitantes,
3101 3166 3333 3228 animus
3372 3174 3537 3232 bene-

276 3241 382 3312 τὴν
411 3241 625 3296 εὔνοιαν
644 3258 658 3274 ο
690 3242 784 3297 καὶ
813 3243 845 3295 ὂ
868 3242 918 3295 τί
938 3261 1020 3306 τις
1039 3243 1224 3297 ἐπόθει
1246 3242 1428 3307 καλὸνς
1454 3242 1615 3313 ἤρκει
1638 3238 1775 3311 πρὸς
1801 3238 1861 3292 σὲ

283 3331 445 3402 μόνον
478 3332 602 3387 ίδεῖν
617 3347 632 3362 ⁸
667 3331 801 3386 ἀλλὰ
820 3332 915 3386 νῦν
934 3331 1192 3403 ἐξαίφνης
1215 3333 1411 3405 ἔρημοι
1433 3332 1650 3386 πάντων
1675 3331 1858 3402 ἡμεῖς,

277 3421 405 3477 ὅθεν
435 3423 743 3495 ἠπόρημαι,
793 3424 1014 3478 καὶτὸν
1071 3423 1240 3494 μῦθον
1294 3423 1439 3495 ἐρῶ·
1491 3423 1586 3477 καὶ
1615 3421 1860 3493 Περσεὺς

272 3516 490 3580 ἐκεῖνος
514 3517 781 3587 εὐξαίμην
806 3517 1058 3586 γενέσθαι
1079 3532 1092 3549 ·
1126 3517 1268 3587 τάχα
1316 3516 1426 3588 γὰρ
1473 3516 1539 3570 ἃν
1587 3515 1732 3587 ὲξείη
1768 3532 1858 3586 μοι

281 3608 480 3678 μικρὸν
499 3609 865 3680 ἀναπταμένῳ
887 3607 1327 3680 παραμυθεῖσθαι
1359 3607 1449 3662 τὸν
1477 3606 1655 3678 ἔρωτα
1675 3644 1690 3660 .
1711 3645 1726 3660 .
1745 3644 1760 3660 .
1780 3606 1858 3678 (ι)

275 3699 546 3765 διεδέξχτο
574 3699 743 3770 θυμός
767 3716 781 3732 ο
825 3701 933 3754 ίδοὺ
955 3700 1064 3770 γάρ
1096 3717 1162 3770 με
1195 3699 1291 3753 καὶ
1324 3698 1526 3768 πτεροῦ
1558 3701 1586 3753 ὁ
1622 3698 1854 3762 πόθος...

274 3794 377 3847 καὶ
407 3793 573 3864 μῦθος
600 3795 939 3865 γεγένημαι·
986 3793 1082 3847 καὶ
1114 3793 1214 3846 ὅσα
1262 3791 1320 3844 δὲ
1369 3792 1614 3846 ποθοῦσα
1647 3792 1858 3847 διάνοια

281 3888 352 3957 ῥα
373 3927 384 3940 .
494 3885 668 3939 ἐθέλει
686 3901 701 3916 ο
726 3886 828 3956 ἡδη
858 3885 913 3939 δέ
941 3901 1025 3939 σοι
1073 3884 1165 3938 καὶ
1193 3883 1325 3954 ὄναρ
1353 3883 1495 3953 ἥσθη
1547 3882 1670 3937 ίδών
1691 3899 1705 3915 ’
1760 3885 1855 3939 καὶ

276 3978 476 4032 ἀναστ.
495 4015 539 4031 ..
562 3979 629 4048 τῇ
664 3976 761 4049 θέᾳ
778 3995 790 4008 ·
816 3973 877 4031 εὖ
910 3977 967 4030 δὲ
998 3977 1168 4031 ποιῶν
1193 3975 1286 4030 τὸν
1342 3977 1577 4048 φέροντα
1604 3976 1703 4048 τὴν
1728 3977 1853 4030 ὲπι·

280 4069 476 4140 στολὴν
494 4108 507 4122 .
535 4110 547 4123 .
571 4106 587 4122 .
622 4070 717 4123 καὶ
747 4068 1067 4139 βεϐαιώσεις
1099 4069 1168 4141 ἢν
1195 4068 1336 4140 ἔχων
1387 4069 1686 4141 ἐτύγχανες
1715 4068 1855 4137 γνὼ-

282 4179 420 4233 μην.
447 4200 495 4216 ..
541 4164 591 4215 εί
620 4161 800 4226 δέξαιο
837 4162 1144 4233 γράμματα
1193 4160 1325 4233 παρ’
1351 4160 1537 4244 ἡμῶν,
1563 4161 1717 4216 οὐδὲν
1740 4161 1769 4215 ὅ
1799 4179 1852 4216 τι

267 4257 358 4329 μὴ
397 4255 595 4328 ῥᾳδίως
634 4255 901 4327 ποιήσεις.

792 4419 927 4489 "Nz'.
963 4424 1366 4504 [EPONYMQJ

348 4522 519 4592 Ὅσης
556 4540 647 4577 σου
675 4524 772 4592 τῆς
801 4525 1133 4595 κατηγορίας
1187 4523 1586 4594 ἀπηλαύσαμεν
1634 4525 1685 4578 οἱ
1716 4524 1852 4579 ἁλα-

275 4615 427 4680 ξύνες
446 4618 626 4686 ἡμεῖς,
654 4618 748 4670 καὶ
776 4618 896 4672 λίαν
928 4620 1179 4686 σοφισταὶ
1236 4618 1331 4672 καὶ
1363 4615 1646 4680 νοσοῦντες
1683 4616 1853 4689 ὑπερ-

274 4704 433 4774 οψίαν
476 4705 534 4757 ἐν
574 4707 778 4777 μετρίῳ
836 4707 915 4777 τῷ
953 4708 1226 4779 σχήματι·
1282 4709 1378 4762 καὶ
1417 4707 1516 4760 οὐκ
1549 4706 1615 4760 ἂν
1667 4706 1851 4777 ἔχοιμι

273 4794 453 4862 λέγειν
484 4795 583 4871 ὅσα
609 4796 730 4850 καθ’
762 4799 912 4868 ἡμᾶς
965 4799 1361 4871 συνεφόρησας,
1418 4798 1608 4869 ὥσπερ
1656 4796 1848 4864 καιρὸν

275 4887 441 4943 πάλαι
468 4865 646 4958 ζητῶν
663 4887 747 4956 ἐφ’
768 4865 901 4959 ἡμῖν
920 4865 1127 4961 ἐγεῖραι
1148 4865 1247 4962 Διξὴν
1266 4890 1511 4959 γλῶτταν
1533 4907 1548 4922 ο
1576 4865 1702 4944 δθεν
1727 4889 1851 4945 οὐδὲ

271 4983 544 5054 πρόφασιν
569 4982 783 5055 δικαίαν
835 4981 1054 5048 λαϐὼν,
1090 4984 1170 5045 είς
1227 4983 1392 5052 μέσον
1435 4983 1589 5051 ἄγεις
1614 4981 1649 5036 ἃ
1679 4982 1849 5036 πάλαι

271 5073 529 5145 κρύπτων
556 5072 862 5136 ἐλάνθανεςο
881 5073 933 5126 τί
962 5074 1092 5143 γὰρ,
1125 5074 1244 5126 εἰπέ
1275 5091 1384 5143 μοι,
1402 5074 1595 5138 δεινὸν,
1635 5076 1684 5127 εί
1712 5073 1851 5143 πρὸς

274 5168 334 5220 σὲ
379 5166 607 5237 γράφων
634 5166 941 5236 Προκόπιος
987 5165 1298 5237 Ἱερωνύμῳ
1357 5167 1570 5238 χαίρειν
1607 5166 1850 5237 ἐπέγρα-

270 5272 409 5325 φονς
447 5258 532 5321 Ὣς
583 5259 682 5329 μὲν
707 5258 815 5330 γὰρ
859 5258 1083 5330 ἀρχαῖος
1110 5260 1139 5311 ὁ
1184 5258 1368 5329 νόμος,
1422 5258 1529 5329 ἔχω
1578 5258 1848 5329 δήπουθεν

270 5349 637 5421 ὁμολογοῦντα
659 5350 725 5404 ἂν
747 5350 841 5404 καὶ
874 5348 953 5405 σέ.
1002 5348 1140 5403 Ἀλλ’
1166 5349 1317 5403 οὐδὲν
1350 5349 1447 5412 δεῖ,
1478 5355 1602 5425 φῂς,
1629 5349 1729 5420 τὴν
1750 5347 1846 5403 νῦν

270 5441 703 5505 ἐπιπολάζουσαν
732 5439 958 5514 ἐκϐῆναι
1008 5441 1318 5512 συνήθειαν.
1357 5441 1567 5495 Οὐκοῦν
1605 5441 1845 5513 κατηγά-

270 5549 381 5607 ρει,
411 5532 514 5586 κᾶν
545 5534 590 5588 εί
612 5531 710 5604 τὴν
736 5533 831 5587 νῦν
860 5534 1166 5604 κρατοῦσαν
1199 5535 1409 5605 τρυφὴν
1434 5536 1514 5597 εἰς
1537 5533 1845 5607 σεμνότητὰ

335 5715 415 5784 (ι)
448 5712 665 5769 lliadore
690 5712 895 5782 aliquot
920 5712 1077 5768 verba
1098 5726 1449 5771 evanuerunt.

673 5806 944 5866 Ρηιιοι..
976 5806 1091 5867 Gn.
1133 5808 1503 5873 LXXXVII.

1878 4445 1931 4502 'D

1960 3241 2208 3334 volentiae
2237 3249 2537 3321 prodigus;
2568 3267 2632 3309 ac
2653 3256 2698 3310 si
2729 3257 2855 3326 quis
2880 3259 3009 3328 quid
3051 3261 3260 3330 pulchri
3290 3276 3534 3334 cuperet,

1960 3333 2096 3389 satis
2127 3348 2246 3393 erat
2301 3349 2353 3397 te
2386 3343 2733 3402 "solummodo
2764 3350 3031 3420 aspicere.
3081 3357 3147 3408 At
3166 3370 3320 3412 nunc
3349 3333 3533 3415 conte?

1960 3426 2083 3480 stim
2115 3430 2358 3487 omnium
2388 3436 2543 3505 egeni
2572 3440 2975 3507 sumus;~unde
3005 3441 3057 3496 in
3080 3458 3303 3502 ‘surmna
3346 3465 3534 3507 neces-

1960 3517 2120 3577 sitate
2141 3536 2349 3588 versor.
2376 3536 2441 3581 et
2474 3527 2712 3584 fabulam
2740 3532 2913 3589 dicam
2959 3552 2974 3590 :
3032 3535 3270 3596 Perseus
3302 3542 3391 3599 ille
3417 3558 3536 3599 esse

1956 3619 2202 3679 optarem
2228 3626 2250 3668 ἐ
2283 3614 2466 3672 forsan
2497 3619 2642 3674 enim
2697 3622 2830 3678 mihi
2866 3625 3092 3684 daretur
3124 3633 3397 3699 paululum
3435 3651 3532 3691 to.

1956 3699 2118 3759 laudo
2153 3719 2329 3760 meum
2365 3707 2528 3764 solari
2556 3724 2919 3770 amorem..:..
2948 3722 3224 3775 successit
3254 3722 3354 3789 ira,
3404 3740 3531 3782 ecce

1956 3793 2098 3847 enim
2133 3794 2231 3850 ala:
2259 3797 2707 3856 desiderium.....
2756 3812 2810 3859 et
2846 3804 3022 3863 fabula
3041 3808 3226 3865 factus
3270 3827 3427 3880 sum;
3477 3829 3531 3872 et

1956 3883 2215 3954 quidquid
2248 3888 2475 3956 cupiens
2527 3890 2860 3950 animus"...
2931 3896 3144 3953 volebat
3184 3917 3198 3954 :
3244 3901 3357 3970 jam
3402 3919 3531 3960 vero

1955 3973 2172 4042 gavisus
2199 3987 2283 4032 est
2310 3991 2375 4033 eo
2399 3979 2543 4048 quod
2578 3981 2810 4039 vidisset
2855 3984 2909 4041 in
2941 3986 3286 4046 somnis....‘..
3351 3995 3525 4060 visui;

1955 4064 2093 4122 bene
2114 4076 2293 4124 autem
2329 4070 2535 4126 habens
2561 4086 2685 4129 eum
2705 4077 2794 4145 qui
2813 4077 2928 4133 'fert
2951 4078 3090 4136 hanc
3119 4083 3526 4154 epistolam.....

1955 4165 2008 4211 et
2023 4158 2371 4216 conﬁrmabis
2385 4161 2529 4216 illam
2544 4179 2702 4234 quam
2721 4167 2959 4225 habebas
2977 4171 3498 4234 benevolentiam...
3512 4221 3528 4238 .

1955 4249 1999 4302 ai
2052 4254 2327 4323 acceperis
2374 4254 2584 4313 litteras
2606 4271 2644 4311 -a
2675 4258 2853 4327 nobis,
2918 4262 3052 4318 nihil
3098 4279 3206 4320 non
3259 4266 3419 4326 facile
3453 4270 3533 4327 fa.

1955 4338 2085 4395 cies.

2414 4436 2585 4494 LVII.
2631 4437 3061 4502 lllERONYMO.

2028 4522 2167 4591 Quot
2198 4535 2308 4581 a‘te
2362 4530 2802 4588 accusationibus
2846 4534 3167 4605 impetimur
3230 4556 3328 4598 nos
3368 4545 3523 4601 vani-

1952 4611 2122 4682 loqui,
2152 4629 2249 4670 nos
2282 4617 2559 4687 sophistae,
2622 4637 2723 4679 nos
2769 4626 3022 4695 superbia
3073 4628 3385 4689 laborantes
3424 4640 3527 4691 sub

1954 4704 2199 4763 modesto
2234 4706 2443 4764 habitu.
2508 4710 2618 4767 Nec
2650 4728 2861 4783 possem
2897 4717 3101 4774 referre
3128 4730 3262 4789 quot
3296 4724 3525 4780 crimina

1954 4796 2005 4851 in
2046 4812 2146 4854 nos
2195 4802 2557 4869 congesseris,
2602 4805 2755 4873 quasi
2806 4808 3150 4865 occasionem
3204 4810 3523 4881 jamdudum

1952 4891 2235 4959 auspicans
2267 4892 2501 4965 linguam
2558 4911 2747 4956 contra
2817 4916 2916 4957 nos
2960 4904 3212 4962 acuendi.
3256 4906 3413 4964 Unde
3462 4926 3526 4966 ne

1947 4985 2153 5054 justum
2182 4987 2396 5058 quidem
2432 4999 2754 5060 praetextam
2782 4994 3047 5066 allegans,
3105 4997 3159 5052 in
3196 4999 3372 5054 medio
3400 5015 3527 5071 pro«

1950 5076 2061 5133 fers
2083 5093 2202 5149 qua:
2228 5079 2355 5134 olim
2391 5074 2606 5138 n'éscius
2640 5084 3045 5142 dissimulabas.
3076 5087 3215 5155 Quid
3249 5074 3416 5158 enim,
3442 5096 3526 5148 dir.

1951 5168 2250 5238 mihi,quid
2290 5172 2509 5238 mirum,
2542 5172 2586 5227 si
2606 5174 2704 5229 tibi
2736 5176 3003 5248 scribens,
3031 5179 3170 5237 hanc
3187 5182 3522 5239 adhibuerim

1952 5259 2289 5316 formulam:
2329 5261 2625 5334 Procopius
2682 5264 3014 5340 Hieronymo
3066 5272 3333 5328 salutem?
3376 5274 3529 5331 Hum:

1948 5351 2090 5416 enim
2114 5351 2288 5409 fuisse
2313 5353 2592 5425 antiquum
2626 5373 2831 5414 morem
2853 5370 2967 5418 tute
2993 5367 3295 5423 conﬁteris.
3324 5369 3392 5423 At
3424 5385 3529 5427 non

1954 5442 2172 5509 licebat,
2204 5445 2440 5517 inquies,
2476 5463 2619 5505 nunc
2656 5452 2929 5522 vigentem
2965 5459 3269 5528 transgredi
3299 5474 3432 5517 cons
3457 5479 3529 5510 Ie-

1952 5537 2216 5593 tudinem.
2257 5537 2401 5609 Ergo
2435 5540 2599 5597 etiam
2643 5541 2773 5598 vitio
2802 5550 2954 5601 verte
2983 5545 3030 5601 si
3056 5549 3177 5621 quis
3210 5560 3528 5620 regnantem

2983 5816 3126 5912 ετ
