4000 6314
522 282 676 343 σέτω
1161 348 1170 360 ι
1847 285 2193 347 mecum
2220 288 2460 348 GAZrEI
3633 297 3770 366 276i

522 412 664 450 nnm-
693 394 967 448 mollitiem
1007 395 1069 446 ad
1109 393 1388 462 pristinam
1443 397 1762 463 gravitatem
1829 414 2064 453 l't‘VOt‘al't

2188 419 2270 466 τις
2301 403 2398 473 τὴν
2425 401 2658 474 ἀρχαίαν
2680 404 2976 475 ἐπανάγειν
2997 409 3155 482 ἐθέλῃ
3176 425 3190 440 ⁶
3225 409 3328 466 κᾶν
3369 411 3418 464 εἰ
3448 412 3546 480 τὴν
3582 431 3768 482 ponat-

525 493 668 554 \’t'li',
708 505 770 542 ac
795 488 837 542 si
869 487 988 554 quis
1035 487 1293 539 musicam
1327 485 1379 538 iu
1411 486 1804 540 cantilenarum
1855 491 2064 558 ineptias

2181 495 2283 563 κῆν
2329 497 2664 550 ἐκπεσοῦσαν
2718 501 2798 562 el;
2834 499 3029 564 ὕθλους
3093 501 3294 570 μελῶν,
3331 504 3428 556 καὶ
3466 503 3763 576 δημοτικὴν

517 597 564 638 et
627 585 902 653 vulgarem
963 579 1294 649 proterviam
1351 576 1634 631 cadentem
1673 580 1737 631 ad
1781 580 2064 649 Tcrpattdr

2181 577 2444 654 φλδαρίαν
2478 589 2526 639 εί
2553 589 2653 659 τὴν
2679 589 3032 662 Τερπάνδρου
3065 593 3272 661 μοῦσαν
3322 591 3482 659 αὖθις
3504 596 3722 664 ἐνέγκοι
3742 613 3758 627 ·

516 696 724 732 musam
755 676 1002 731 reducat.
1066 674 1184 742 Ipse
1227 685 1406 728 autem
1459 673 1602 727 unde
1653 671 1810 726 nobis
1838 674 2064 727 amicitia

2177 674 2338 738 αὐτὸς
2363 675 2420 728 δέ
2441 676 2605 732 πόθεν
2629 681 2778 748 ἡμῖν,
2805 681 2942 751 πρὸς
2960 682 3156 750 φιλίου,
3184 686 3383 756 σεμνὸς
3409 681 3550 739 εἶναι
3567 685 3759 754 δοκεῖς,

512 775 706 838 dignus
737 769 958 832 videris,
1001 767 1209 837 siquod
1240 766 1462 820 verbum
1511 766 1711 820 dixeris
1751 766 2064 829 Atticorum,

2175 764 2301 840 si}:
2329 768 2486 836 ῥῆμα
2536 769 2799 836 φθέγξαιο
2835 770 2943 824 τῶν
2985 774 3248 827 Ἀττικῶν
3299 775 3396 830 καὶ
3424 776 3613 847 τύχοις
3654 778 3762 832 τῶν

511 877 564 916 et
595 864 903 916 laudatores
932 859 1162 924 invenis,
1203 867 1456 926 tanquam
1481 871 1543 911 ex
1571 857 1794 924 antiquo
1818 874 1967 911 more
2007 858 2064 910 li-

2175 853 2576 924 ἐπαινούντων,
2615 861 2690 922 ὡς
2726 863 2955 930 ἀρχαῖον
2997 863 3306 935 καθέστηκε
3357 867 3534 937 παρὸν
3590 867 3761 936 ἔμφο-

512 959 675 1010 citum
722 954 796 1007 sit
851 950 1060 1020 impleri
1107 948 1432 1019 quibusdam
1463 948 1645 1004 verbis
1693 950 2064 1003 communibus

2183 946 2392 1013 ρείσθαι
2421 948 2529 1001 τῶν
2556 950 2618 1002 ἐκ
2643 949 2855 1021 τριόδου
2903 953 3191 1021 ῥημάτων*
3234 957 3330 1008 καὶ
3369 956 3545 1008 ταῦτα
3575 959 3762 1028 φέρειν

511 1061 715 1115 easque
746 1044 797 1096 in
842 1051 1018 1095 rostra
1067 1039 1244 1094 ferre?
1280 1039 1462 1106 Quare
1508 1039 1873 1110 igiturjuvcni
1933 1041 2073 1095 assi-

509 1140 642 1192 dens
689 1133 868 1190 credis
915 1131 1114 1200 aliquid
1164 1145 1416 1200 magnum
1467 1131 1531 1183 ad
1579 1130 1829 1183 Aristidis
1890 1130 2069 1198 Magni

507 1229 755 1287 conferre
782 1225 925 1280 sicut
944 1224 1058 1291 ipse
1089 1222 1367 1290 loquaris?
1396 1220 1463 1275 Ut
1492 1222 1618 1290 quid
1647 1220 1898 1276 Polemon
1928 1223 2071 1276 asia-

507 1323 629 1376 tieis
664 1315 984 1372 commentis
1019 1296 1274 1366 'veterem
1321 1312 1568 1380 purgavit
1614 1311 1918 1366 rhetoricen
1962 1311 2069 1368 ‘PSi

507 1426 636 1469 tunc
687 1409 952 1466 exsistere
987 1405 1197 1460 fortuna
1219 1404 1311 1457 tibi
1343 1404 1600 1468 dedisset,
1633 1403 1814 1459 forsan
1846 1419 2071 1460 accusa-

512 1508 738 1567 tionem,
774 1509 832 1555 ut
859 1508 1007 1570 puto,
1070 1497 1329 1551 adversus
1363 1495 1510 1548 illum
1553 1495 1879 1550 intentasses
1910 1512 1974 1551 ex
2005 1511 2072 1551 eo

504 1593 648 1662 quod
671 1589 1116 1646 consuetudinem
1156 1595 1530 1654 transgressus
1563 1584 1631 1638 ad
1656 1586 1935 1653 antiquam
1960 1600 2072 1638 mu-

509 1680 678 1738 sicam
710 1677 987 1734 redeundo
1017 1676 1205 1729 thraso
1244 1687 1366 1728 esse
1423 1673 1701 1728 voluisset.
1756 1673 1932 1744 Atque
1963 1675 2070 1729 uti-

2171 1035 2263 1086 ἐπὶ
2310 1037 2401 1090 τοῦ
2446 1040 2727 1109 ρήματος;
2771 1041 2803 1111 ἢ
2845 1043 2900 1094 τί
2926 1043 3060 1114 δῆτα
3102 1043 3210 1097 τῶν
3260 1047 3564 1116 μειρακίων
3627 1063 3762 1118 προ-

2171 1127 2534 1197 καθεζόμενος
2567 1129 2668 1182 οἴει
2715 1149 2768 1184 τι
2827 1133 2971 1200 μέγα
3011 1133 3224 1203 φρονῶν
3269 1135 3600 1206 Ἀριστείδου
3659 1135 3756 1190 τοῦ

2173 1218 2316 1270 πάνυ
2351 1219 2489 1286 πρὸς
2537 1222 2780 1281 ἔπαινον.
2813 1223 2863 1274 εἰ
2886 1223 3064 1291 λέγοις
3093 1225 3168 1289 ὡς
3204 1225 3397 1293 αὑτός
3434 1227 3468 1294 ἢ
3492 1228 3757 1296 Πολέμων

2171 1307 2270 1375 τῆς
2331 1307 2582 1379 Ἀσιανῆς
2616 1313 2945 1380 ιτερατείας
3011 1313 3110 1383 τὴν
3161 1315 3395 1384 ἀρχαίαν
3457 1318 3755 1388 ῥητορικὴν

2175 1397 2450 1468 ἐκάθηρεν
2470 1415 2483 1463 ;
2505 1400 2554 1451 εί
2585 1399 2642 1453 δέ
2665 1417 2744 1453 σοι
2765 1401 2887 1454 τότε
2923 1402 3171 1469 γενέσθαι
3198 1403 3473 1473 παρέσχεν
3495 1408 3531 1473 ἡ
3557 1407 3750 1476 τέχνη,

2173 1486 2313 1556 τάχα
2341 1505 2430 1556 μοι
2474 1489 2568 1542 καὶ
2591 1491 2810 1560 γραφὴν
2836 1493 3234 1560 ἐπενέγκασθαι
3259 1495 3380 1546 κατ’
3413 1495 3652 1560 ἐκείνου,
3670 1495 3756 1549 δο-

2170 1581 2286 1640 κεῖς
2308 1579 2392 1632 ὅτι
2421 1581 2489 1632 τὰ
2527 1581 2732 1652 συνήθη
2763 1583 3028 1652 παριδὼν,
3058 1581 3271 1648 ἀλαζὼν
3309 1582 3449 1638 εἷναι
3483 1585 3754 1655 βούλεται,

2175 1671 2312 1738 πρὸς
2333 1671 2568 1741 ἀρχαίαν
2587 1674 2922 1742 ἀναγόμενος
2955 1675 3194 1745 μοῦσανο
3233 1677 3344 1729 εἴθε
3391 1677 3450 1730 δέ
3484 1678 3582 1730 καὶ
3623 1679 3758 1748 τράο

514 1791 638 1829 nam
695 1784 878 1826 mensa
943 1768 1238 1822 etiamnum
1277 1766 1486 1834 vigeret
1535 1765 1815 1820 laconica!
1860 1766 2064 1819 utinam

2173 1763 2310 1826 πεςα
2343 1765 2436 1817 νῦν
2463 1760 2618 1828 αὖθις
2639 1766 2855 1836 ἐκράτει
2876 1768 3190 1838 Λακωνικὴ,
3215 1770 3306 1820 καὶ
3333 1763 3403 1839 ἦν
3426 1769 3560 1838 ἡμῖν
3583 1767 3613 1823 ό
3642 1767 3756 1839 βίας

503 1865 657 1919 nobis
684 1864 858 1916 victus
883 1867 1050 1922 esset,
1079 1868 1136 1912 ut
1161 1857 1284 1912 olim
1308 1858 1444 1926 apud
1479 1855 1692 1931 Persas,
1735 1871 1906 1922 maza,
1936 1871 2075 1926 aqua

501 1970 552 2010 et
584 1951 942 2009 nasturtium!
995 1948 1119 2004 Haec
1142 1962 1268 2002 vero
1291 1949 1415 2017 quis
1437 1963 1576 2003 nunc
1609 1949 1787 2016 vigere
1801 1947 2002 2002 sineret
2023 1948 2074 2001 in

505 2061 642 2100 terra
675 2059 796 2114 quae
849 2051 901 2096 te
927 2040 1166 2108 recepit?
1197 2037 1314 2094 Non
1351 2048 1570 2108 pmpter
1605 2040 1873 2107 patientia:
1901 2047 2078 2093 trans-

501 2137 856 2207 gressionem,
883 2133 975 2187 sed
1007 2133 1133 2199 quia
1169 2131 1294 2182 talia
1340 2144 1482 2198 mgre
1516 2131 1764 2199 producit
1810 2130 1921 2184 suis
1979 2131 2076 2184 ha-

503 2226 823 2280 bitatoribus
893 2233 1054 2278 terra.
1113 2223 1183 2274 At
1237 2221 1588 2275 nihilominus
1629 2222 1741 2291 ipse
1794 2221 2070 2277 mollitiem

504 2313 877 2384 A‘Zgyptiacam
907 2310 1118 2364 discens
1153 2310 1356 2388 patrios
1387 2308 1594 2364 deseris
1627 2324 1830 2376 mores,
1887 2319 1940 2365 tu
1980 2311 2071 2379 qui

499 2402 947 2458 comitetudinem
980 2399 1184 2454 servari
1219 2398 1486 2468 praecipis,
1548 2401 1711 2454 etiam
1749 2401 1868 2470 plus
1907 2414 2067 2474 quam

499 2499 670 2550 decet.
705 2491 789 2547 Me
835 2500 1014 2546 autem
1065 2489 1372 2544 thrasonem
1421 2503 1634 2554 vocare,
1707 2491 1830 2560 quia
1877 2509 2067 2548 nomen

502 2600 647 2643 tuum
673 2593 794 2654 post
824 2597 1001 2637 meum
1031 2581 1172 2636 forte
1237 2580 1450 2652 scripsi,
1508 2582 1611 2636 hoc
1657 2584 1902 2650 congruit
1961 2599 2065 2637 non

501 2680 634 2732 bene
679 2673 874 2729 scienti
915 2669 1057 2742 quod
1091 2671 1323 2742 primum
1354 2681 1438 2726 est
1483 2671 1674 2726 ordine
1715 2686 1820 2726 non
1855 2686 2069 2742 semper

497 2782 618 2822 esse
646 2765 878 2834 primum
904 2762 1098 2834 pretio,
1136 2778 1240 2818 non
1263 2777 1390 2817 vero
1413 2765 1666 2817 convenit
1687 2761 1897 2817 docenti
1936 2762 2065 2818 illud

499 2856 877 2914 Dt-inosthenis
907 2855 962 2910 in
985 2870 1093 2924 quo
1113 2870 1172 2910 se
1196 2869 1452 2910 exercere
1490 2855 1667 2910 solent
1707 2855 1883 2925 pueri,
1923 2855 2067 2910 vide-

501 2951 622 3007 licet
650 2951 942 3014 actionem,
989 2946 1238 3013 quamvis
1286 2946 1644 3015 posteriorem
1677 2947 1866 3002 ordine
1899 2963 2062 3016 quam

497 3045 854 3100 elocutionem
900 3049 958 3096 et
1005 3049 1236 3110 gestum,
1296 3039 1532 3108 priorem
1595 3041 1770 3095 tamen
1830 3039 2062 3095 ellieacia

2179 1854 2254 1919 ὡς
2282 1856 2448 1910 πάλαι
2469 1859 2583 1921 τοῖς
2613 1859 2852 1928 Πέρσαις
2882 1859 3030 1928 μάζα
3051 1860 3145 1913 καὶ
3175 1859 3320 1932 ὕδωρ
3347 1860 3444 1914 καὶ
3462 1861 3750 1932 κάρδαμαί

2175 1947 2350 2001 ταῦτα
2377 1949 2431 2002 δὲ
2449 1949 2544 2002 καὶ
2567 1948 2662 2002 νῦν
2687 1949 2745 2003 ἐν
2766 1949 2958 2020 ἐλούσῃ
2984 1951 3068 2014 τίς
3095 1951 3193 2004 ίδοι
3216 1951 3527 2022 κρατοῦντα
3555 1955 3622 2022 τῇ
3651 1955 3750 2022 σῇς

2176 2038 2234 2090 οὐ
2275 2038 2362 2092 διά
2393 2039 2687 2111 καρτερίας
2718 2040 3046 2112 ὑπερϐολὴν,
3077 2042 3193 2096 ἀλλ’
3214 2045 3296 2098 ὅτι
3325 2043 3567 2098 τοσαῦτα
3603 2043 3756 2114 μόλις

2175 2132 2527 2201 χορηγείτοῖς
2548 2130 2846 2185 ἐνοικοῦσιν
2880 2133 2912 2202 ή
2952 2132 3026 2202 γῆ
3050 2149 3064 2162 ·
3107 2132 3220 2186 ἀλλ’
3245 2134 3396 2204 ὅμως
3424 2134 3589 2196 αὐτὸς
3620 2149 3753 2204 τρυε

2178 2219 2283 2290 φὴν
2309 2219 2614 2288 Αἰγυπτίαν
2644 2220 2832 2290 μαθὼν
2865 2221 3181 2286 ἀπολείπεις
3217 2223 3286 2279 τά
3309 2224 3518 2295 πάτρια
3544 2240 3559 2255 ⁸
3595 2225 3624 2278 ὀ
3653 2240 3751 2292 φυ-

2173 2306 2387 2363 λάττειν
2403 2309 2471 2364 τὰ
2501 2311 2706 2382 συνήθη
2735 2312 3198 2382 νομοθετῶν,’κᾶν
3221 2311 3327 2379 ἔξω
3369 2314 3464 2368 τοῦ
3508 2313 3750 2384 πρέπον-

2171 2414 2262 2462 τος
2283 2416 2296 2431 ο
2323 2399 2386 2452 τὸ
2416 2399 2474 2453 δέ
2498 2402 2593 2454 καὶ
2622 2400 2856 2464 ἀλαζόνα
2888 2419 2954 2474 με
2984 2404 3190 2470 καλεῖν,
3221 2405 3306 2457 ὃτι
3361 2421 3421 2456 σε
3458 2405 3598 2474 μετά
3650 2404 3748 2474 τὴν

2169 2491 2408 2565 ἐμαυτοῦ
2429 2495 2798 2567 προσηγορίαν
2823 2497 3005 2566 φέρων
3030 2497 3294 2562 ὑπέταξα,
3328 2496 3506 2550 ἔοικεν
3535 2500 3594 2552 οὐ
3625 2499 3743 2553 λίαν

2169 2581 2396 2646 εἰδότος·
2425 2583 2502 2650 ὡς
2541 2587 2600 2640 οὐ
2651 2587 2713 2640 τὸ
2742 2587 2955 2658 πρῶτον
2987 2591 3054 2660 τῇ
3093 2589 3266 2657 τάξει,
3317 2581 3412 2644 καὶ
3444 2595 3541 2664 τῆς
3578 2593 3743 2662 τιμῆς

2168 2671 2280 2742 ἔχει
2310 2675 2528 2740 πάντως
2555 2677 2623 2730 τά
2645 2677 2868 2750 πρῶτα·
2901 2678 3022 2732 οὐδέ
3055 2679 3124 2733 τά
3143 2680 3522 2750 Δημοσθένους
3547 2685 3740 2738 εἰδέναι

2169 2765 2490 2836 ποιουμένου
2549 2767 2691 2836 ἀπερ
2749 2768 2978 2840 μελετᾷν
3039 2769 3208 2824 εἴωθε·
3234 2771 3303 2824 τὰ
3346 2773 3635 2842 παιδάριω
3667 2775 3736 2836 ὡς

2167 2852 2275 2924 ἀρα
2300 2853 2361 2906 τὺ
2385 2854 2664 2924 πράττειν,
2691 2856 2786 2912 τοῦ
2806 2858 2988 2926 λέγειν
3025 2859 3120 2912 καὶ
3153 2863 3484 2930 χειροτονεῖν
3515 2861 3736 2932 ὕστερον

2165 2942 2224 2996 ὂν
2254 2947 2317 3015 τῇ
2348 2944 2520 3011 τάξει,
2547 2947 2813 3019 πρότερον
2840 2951 2904 3019 τῇ
2932 2948 3158 3018 δυνάμει
3183 2952 3278 3003 καὶ
3301 2952 3555 3022 κρεῖττόν
3570 2953 3734 3007 ἐστιν.

2167 3037 2305 3090 Είδέ
2345 3037 2562 3102 πάντως
2614 3038 2931 3103 ἀλαζονείαν
2987 3041 3056 3096 τὰ
3111 3041 3338 3095 τοιαῦτα
3387 3047 3734 3116 κατηγορεῖς,

497 3151 620 3190 esse
659 3149 723 3188 ac
771 3132 1070 3188 meliorem.
1159 3128 1310 3196 Quod
1349 3131 1392 3185 si
1446 3130 1721 3200 praefatam
1780 3129 2064 3186 formulam

2169 3127 2371 3197 καιρὸς·
2403 3129 2644 3192 καὶτοὺς
2681 3130 2849 3183 πάλαι
2905 3133 3280 3202 κεχρημένους
3331 3134 3410 3204 τῷ
3452 3136 3602 3205 νόμῳ
3643 3137 3737 3207 τῆς

497 3241 722 3296 prorsus
750 3225 1037 3293 superbam
1060 3236 1183 3277 esse
1219 3237 1440 3290 arguas,
1471 3222 1624 3278 locus
1643 3232 1726 3278 est
1756 3237 1851 3276 eos
1876 3222 2063 3286 etiam,

500 3317 591 3387 qui
627 3313 932 3383 hujusmodi
963 3313 1364 3380 inscriptionem
1397 3312 1522 3366 olim
1551 3313 1600 3366 in
1625 3327 1780 3366 usum
1805 3311 2069 3366 adhibue-

503 3416 652 3473 runt,
708 3407 761 3458 in
808 3403 1072 3474 superbia:
1108 3403 1295 3458 morbo
1329 3401 1488 3456 simul
1552 3416 1760 3457 mecum
1820 3417 2065 3472 compre-

504 3498 743 3553 bendere
770 3515 783 3550 :
812 3508 1040 3562 quorum
1065 3505 1290 3548 caeteros
1316 3494 1748 3563 pratermittens,
1784 3493 2064 3550 Socratem

497 3589 678 3643 citabo
726 3598 780 3642 et
831 3586 1132 3652 Platonem,
1198 3587 1289 3656 qui
1342 3585 1738 3656 philosophiam
1793 3595 1900 3640 tam
1958 3585 2072 3640 alte

501 3687 908 3749 promoverunt.
936 3676 1005 3732 At
1035 3676 1103 3731 de
1137 3676 1532 3745 vaniloquentia
1573 3691 1638 3731 ex
1670 3677 1754 3734 his
1811 3677 1942 3747 ipsis
1982 3679 2065 3732 in.

501 3770 777 3824 tellexisti.
845 3765 992 3823 Cave
1021 3775 1198 3822 autem
1235 3781 1301 3819 ne
1330 3767 1382 3819 in
1429 3775 1591 3822 temet
1637 3767 1891 3837 evagines
1939 3783 2062 3836 pro-

497 3861 667 3915 verbii
699 3859 954 3931 gladium.
989 3857 1122 3912 Num
1153 3858 1314 3928 igitur
1335 3857 1387 3910 id
1404 3857 1626 3927 antiquo
1656 3873 1754 3912 usu
1789 3868 2059 3928 receptum

498 3964 598 4019 est,
631 3952 879 4006 videlicet
905 3952 1048 4020 quod
1074 3961 1148 4014 te,
1181 3950 1248 4005 de
1269 3964 1404 4004 nave
1438 3949 1522 4002 vix
1553 3964 1852 4022 egressum,
1881 3951 2060 4005 statim

497 4044 830 4099 clamoribus
881 4041 1128 4096 barbaris
1201 4041 1470 4108 prosecuti
1530 4039 1729 4094 fuerint
1781 4038 2061 4110 Egyptia-

497 4151 611 4188 rum
645 4135 818 4204 pueri,
850 4143 905 4188 et
937 4145 1111 4188 cauus
1132 4131 1364 4186 adfuerit
1387 4131 1528 4186 haud
1560 4131 1734 4186 minor
1759 4145 1916 4200 quatn
1939 4147 2058 4187 eum

493 4227 620 4281 olim
650 4240 842 4281 currus
893 4224 1028 4294 ipsis
1079 4237 1371 4292 prosperus
1419 4221 1575 4290 Apim
1628 4213 1954 4288 adveheret;
2007 4231 2058 4276 et

493 4319 634 4389 quod
667 4320 732 4374 de
759 4319 877 4372 istis
905 4319 1085 4371 animo
1133 4305 1338 4370 elatus‘
1371 4315 1504 4368 mihi
1548 4327 1765 4382 parvam
1795 4311 2058 4367 habitanti

493 4413 678 4464 urbem
702 4409 809 4463 vile
838 4423 1030 4462 nomen
1063 4406 1299 4471 dederis,
1341 4419 1404 4458 ac
1431 4402 1788 4471 simpliciores
1829 4403 1926 4456 tibi
1957 4405 2056 4458 νὶδί

493 4498 699 4553 fuerint
758 4497 931 4566 patria
986 4505 1040 4548 et
1092 4508 1230 4548 uxor
1283 4464 1338 4547 et.
1403 4464 1721 4560 puer-ipse;
1774 4506 2054 4561 meamque
2091 4464 2132 4517 θ

499 4587 888 4658 philosophiam
930 4601 1026 4655 pro
1045 4585 1208 4639 meris
1239 4582 1492 4637 habueris
1530 4582 1760 4647 deliriis,
1789 4582 1912 4652 quia
1929 4582 2056 4636 mihi

497 4697 600 4734 non
650 4679 962 4748 astrepebat
1007 4691 1111 4731 vox
1173 4689 1332 4731 sensu
1368 4690 1581 4739 carens,
1640 4687 1674 4728 ο
1704 4671 1944 4742 Jupiter!
2005 4686 2058 4728 et

492 4772 718 4828 barbara
746 4770 960 4839 lingua;
996 4782 1058 4823 ac
1081 4779 1130 4824 te
1159 4767 1495 4838 potissimum
1550 4764 1884 4834 reputaveris
1936 4763 2055 4818 feli-

452 4872 456 4880 '
493 4880 630 4928 rem,
657 4862 703 4916 si
738 4861 893 4930 plena
913 4874 1052 4928 pane
1083 4868 1137 4912 et
1166 4858 1420 4913 carnibus
1444 4857 1536 4911 tibi
1582 4855 1775 4911 domus
1803 4855 2058 4911 ostende-

492 4953 682 5007 batur?
718 4950 874 5004 Vides
911 4949 1186 5019 quantulis
1216 4947 1391 5005 elatus
1435 4945 1624 5011 fueris,
1689 4955 1744 5000 tu
1794 4947 1883 5016 qui
1926 4947 2055 5000 mihi

491 5043 969 5111 nunc'superbiam
996 5041 1312 5109 exprobras.
1370 5039 1495 5094 [Lee
1556 5050 1734 5094 autem
1783 5039 1928 5104 dico,
1961 5057 2055 5109 per

487 5136 642 5190 ili-os!
687 5149 790 5190 non
835 5133 974 5202 quod
1013 5143 1100 5185 tua
1153 5131 1294 5186 dicta
1339 5131 1614 5200 corrigere
1661 5131 1822 5184 velim
1856 5133 2057 5203 (neque

485 5232 628 5282 enim
656 5229 758 5282 hoc
787 5243 916 5280 mea:
940 5239 1062 5280 esse
1091 5223 1444 5294 philosophiae
1463 5223 1738 5291 arbitror),
1771 5224 1865 5278 sed
1903 5225 2054 5292 quia,

485 5322 528 5374 si
557 5320 778 5390 possim,
810 5317 1186 5372 modestiorem
1209 5315 1303 5370 tibi
1333 5315 1567 5384 linguam
1586 5313 1872 5369 ostendere
1902 5316 2047 5368 volo.

491 5409 709 5474 Verum,
745 5417 801 5462 ut
829 5422 930 5461 non
960 5407 1067 5460 vim
1104 5405 1384 5459 verborum
1413 5418 1653 5458 meorum
1679 5403 2050 5473 obstupescas,

486 5499 645 5566 longe
693 5500 828 5552 absit
855 5513 918 5551 ne
951 5499 1071 5551 talia
1107 5498 1260 5552 nobis
1291 5495 1624 5566 exprobres;
1677 5510 1821 5559 nam,
1896 5499 2048 5550 obte-

482 5600 598 5658 stor
623 5600 769 5644 tuum
806 5590 982 5644 Nilum
1007 5603 1060 5646 et
1093 5587 1446 5643 faventestibi
1469 5585 1706 5652 Gratias,
1742 5597 1889 5642 tuam
1940 5590 2054 5656 epi-

2166 3220 2420 3286 τοιαύτης
2449 3221 2779 3291 ἐπιγραφῆς.
2807 3223 3108 3292 ὑπεροψίας
3129 3224 3228 3278 σὺν
3251 3225 3373 3292 ἐμοὶ
3393 3227 3739 3295 περιϐάλλειν

2168 3313 2468 3380 νοσήματι·
2496 3306 2574 3366 ὧν
2593 3313 2720 3376 τοὺς
2748 3311 2936 3375 ἄλλους
2967 3314 3184 3382 παρεὶς,
3244 3315 3542 3388 Σωκράτην
3597 3319 3738 3386 λέγω

2168 3403 2264 3455 καὶ
2293 3401 2552 3457 Πλάτωνα
2579 3403 2704 3466 τοὺς
2745 3404 2856 3457 ἀνω
2885 3403 2984 3475 τὴν
3041 3405 3359 3473 φιλοσοφίαν
3405 3407 3733 3478 ἐξείραντα-ς,

2168 3493 2302 3546 ἀλλὰ
2333 3493 2461 3566 περὶ
2497 3493 2822 3560 ἀλαζονείας
2867 3495 3095 3550 αὐτόθεν
3135 3497 3470 3562 κατέλαϐες·
3529 3501 3625 3552 καὶ
3662 3501 3736 3568 μὴ

2167 3584 2306 3636 κίνει
2330 3583 2470 3637 κατὰ
2497 3583 2697 3638 σαυτοῦ
2729 3586 2827 3654 τῆς
2865 3587 3167 3656 παροιμίας
3220 3589 3320 3658 τὴν
3346 3588 3624 3660 μάχαιραν
3648 3605 3662 3618 °
3707 3592 3736 3660 ῆ

2165 3671 2301 3728 οὖσα
2326 3675 2500 3744 δήπου
2523 3675 2692 3729 πάλαι
2716 3677 2892 3730 ταῦτα
2920 3677 3277 3749 καθέστηκεν,
3311 3679 3386 3742 ὡς
3414 3679 3533 3750 ἅμα
3550 3698 3610 3734 σε
3640 3683 3738 3752 τῆς

2166 3767 2390 3830 ὁλκάδος
2435 3768 2693 3834 ἐκϐάντα,
2735 3767 3096 3840 προῦπεμπον
3119 3769 3180 3841 δὴ
3213 3772 3312 3824 σὺν
3342 3771 3439 3843 βοῇ
3468 3790 3574 3826 τινι
3603 3773 3737 3844 βαρ-

2167 3857 2318 3926 ϐάρῳ
2349 3855 2458 3911 τῶν
2495 3858 2809 3926 Αίγυπτίων
2855 3861 2904 3913 οἱ
2953 3860 3173 3923 παῖδες·
3197 3860 3292 3914 καὶ
3322 3862 3630 3933 πανήγυρις
3671 3858 3738 3932 ἦν

2165 3944 2443 4018 οὐχ’ἦττον
2477 3946 2509 4018 ἢ
2549 3949 2638 4002 ὅτε
2669 3949 2838 4002 πάλαι
2871 3949 3016 4021 φορά
3047 3966 3132 4012 τις
3157 3950 3342 4014 αὐτοῖς
3368 3951 3606 4023 εὐμενὴς
3631 3953 3739 4006 ἐδί-

2163 4039 2253 4093 δου
2281 4039 2372 4094 τὸν
2398 4041 2562 4094 Ἀπιν
2581 4057 2597 4072 ο
2625 4041 2720 4095 καὶ
2743 4041 2820 4106 ὡς
2847 4043 2940 4095 ἐπὶ
2975 4041 3186 4106 τούτοις
3215 4041 3354 4112 ὑψοῦ
3376 4043 3476 4110 τῆς
3500 4043 3738 4106 διανοίας

2164 4129 2374 4201 ἀρθεὶς,
2412 4130 2512 4200 ἐμὲ
2551 4131 2650 4201 μὲν
2673 4131 2876 4203 μικρὰν
2899 4130 3150 4185 οἰκοῦντα
3177 4132 3351 4199 πόλιν,
3384 4132 3588 4202 φαῦλον
3611 4133 3741 4187 ἐκάο

2163 4224 2277 4288 λεις
2295 4239 2310 4254 ·
2343 4223 2632 4294 ἀπέριττος
2662 4223 2718 4277 δέ
2747 4225 2897 4294 παρὰ
2927 4224 3009 4277 σοι
3049 4224 3249 4296 πατρίς
3275 4241 3336 4278 τε
3368 4225 3462 4278 καὶ
3481 4226 3621 4296 γυνὴ
3647 4229 3739 4280 καὶ

2163 4315 2223 4368 τὸ
2251 4315 2457 4368 παιδίον
2481 4315 2637 4368 αὑτό’
2664 4315 2756 4368 καί
2780 4314 2880 4369 πού
2912 4332 2980 4384 με
3005 4315 3398 4385 φιλοσοφοῦντα
3425 4316 3590 4386 λῆρον
3617 4319 3736 4371 ἐδό-

2164 4423 2310 4469 κειςο
2351 4406 2431 4458 ὅτι
2455 4423 2522 4476 με
2557 4405 2631 4476 μὴ
2656 4405 2846 4476 κρότος
2871 4400 2986 4476 εῐχε
3011 4406 3178 4470 πολὺς
3206 4406 3266 4471 ἐξ
3288 4408 3501 4478 ἀσήμου
3550 4413 3737 4480 φωνῆς

2169 4493 2233 4568 (ὦ
2250 4499 2350 4552 Ζεῦ
2369 4497 2406 4569 Ξ)
2431 4496 2526 4551 καὶ
2548 4495 2821 4568 βαρϐάρου
2839 4497 3084 4566 γλώττης
3105 4496 3200 4551 ὥν·
3219 4499 3387 4552 καὶτὸ
3400 4499 3465 4569 δὴ
3479 4499 3735 4570 μέγιστον

2162 4590 2453 4660 εὐδαίμονα
2475 4588 2668 4642 σαυτὸν
2698 4588 2930 4656 ἐκάλεις,
2957 4591 3008 4642 εί
3036 4589 3184 4642 σίτου
3220 4589 3315 4642 καὶ
3346 4589 3523 4660 κρεῶν
3549 4591 3734 4664 πλήρη

2160 4681 2258 4751 τὴν
2283 4681 2460 4733 οὶκίαν
2483 4679 2804 4746 ἀπέδειξαν·
2833 4680 2966 4750 ὁρᾷς
2985 4680 3108 4733 ὅσον
3141 4678 3235 4732 ἐπὶ
3267 4683 3521 4750 σμικροῖς
3557 4683 3732 4752 ἐπήρ.

2163 4771 2280 4838 οης,
2311 4773 2340 4822 ὁ
2365 4769 2458 4822 νῦν
2484 4768 2798 4832 ἀλαζονείας
2814 4768 3157 4840 γραφόμενος
3177 4786 3191 4802 ο
3223 4769 3317 4823 καὶ
3353 4767 3530 4824 ταῦτά
3565 4788 3731 4841 φημι,

2163 4861 2238 4928 μὰ
2274 4859 2401 4922 τοὺς
2451 4857 2604 4922 θεοὺς
2634 4859 2646 4911 !
2682 4858 2780 4912 οὐκ
2839 4857 3164 4928 ἀμείνασθαί
3196 4875 3257 4911 σε
3311 4858 3420 4912 τῶν
3470 4853 3732 4930 ῥημάτων

2159 4951 2357 5003 ἐθέλων
2386 4951 2477 5019 (οὐ
2514 4949 2620 5022 γὰρ
2651 4949 2787 5020 πρὸς
2809 4949 2908 5018 τῆς
2937 4951 3077 5020 ἐμῆς
3105 4947 3265 5003 τοῦτο
3293 4949 3465 5022 κρίνω
3513 4951 3731 5020 φιλοσο-

2159 5043 2333 5110 φίας),
2361 5041 2474 5094 ἀλλ³
2519 5041 2572 5094 εί
2609 5057 2728 5104 πως
2773 5041 3039 5112 δυναίμην
3099 5042 3469 5111 μετριωτέραν
3505 5059 3588 5096 σοι
3631 5044 3730 5112 τὴν

2157 5132 2404 5200 γλῶτταν
2434 5131 2709 5196 ἀποδεῖξαι
2765 5130 3087 5202 βουλόμενος
3108 5148 3122 5162 ·
3172 5132 3285 5185 ἀλλ’
3334 5133 3481 5196 ὅπως
3515 5132 3590 5204 μὴ
3631 5135 3728 5203 τὴν

2155 5223 2384 5296 δύναμιν
2411 5223 2518 5276 τῶν
2557 5221 2706 5292 ἐμῶν
2728 5221 2904 5290 λόγων
2951 5223 3330 5293 καταπλαγῇς,
3377 5225 3567 5295 πόρρω
3597 5226 3730 5298 γένῃ

2156 5319 2251 5372 τοῦ
2271 5319 2336 5373 τὰ
2363 5319 2586 5372 τοιαῦτα
2605 5317 2838 5388 γράφειν
2876 5319 3006 5388 ἡμῖν
3023 5333 3036 5348 ·
3071 5317 3149 5388 μά
3174 5317 3389 5388 γάρτὺν
3423 5319 3514 5372 σὸν
3537 5319 3728 5372 Νεῖλον

2159 5409 2252 5462 καὶ
2275 5408 2370 5470 τὰς
2393 5408 2673 5478 παρούσας
2705 5423 2788 5459 σοι
2817 5407 3083 5477 Χάριτας,
3113 5406 3339 5476 θέατρον
3369 5407 3588 5476 λογικὸν
3631 5409 3724 5480 τὴν

2159 5500 2256 5568 σὴν
2287 5500 2559 5568 παρέσχον
2605 5499 2916 5566 ἐπιστολὴν,
2948 5501 3051 5552 κάν
3095 5501 3161 5570 τῇ
3216 5498 3364 5568 Γάζῃ
3420 5499 3560 5570 μέσῃ
3593 5499 3722 5568 πρὸς

2159 5589 2365 5648 πάντας
2385 5586 2632 5655 ἐλέγετοο
2669 5585 2824 5653 κάγὼ
2865 5586 2962 5656 μὲν
3004 5584 3216 5648 ἀλαζὼν
3246 5585 3453 5654 ἡδόμην
3485 5586 3590 5638 ὑπὸ
3621 5585 3722 5637 τῶν
