3966 6318
294 271 437 337 2τ65

1744 262 2160 324 ΕΡΙΞΤΟΙηλΕ.

3418 264 3561 332 2766

296 382 405 433 σῶν
434 374 781 447 γραμμάτων
834 374 1197 444 καλούμενοςο
1231 376 1391 444 ἐγέλα
1440 374 1495 427 δὲ
1528 371 1587 425 τὸ
1646 368 1868 440 θέατρον

1981 375 2179 429 stolam
2212 372 2442 443 publicis
2472 385 2575 426 non
2606 370 2802 428 tradidi
2829 371 3192 437 sermonibus,
3212 381 3265 427 et
3294 373 3345 427 in
3379 377 3554 428 media

294 468 380 521 ἐπ’
404 465 557 537 ἐμοί·
606 467 669 519 σὺ
698 465 754 518 δέ
776 463 884 518 τῶν
913 452 1084 531 λόγων
1111 466 1381 538 εὐδαίμων
1408 447 1632 527 ἐδόκεις.

1972 468 2119 524 Gaza
2151 466 2293 535 apud
2327 478 2519 518 omnes
2556 478 2734 518 sermo
2763 465 2830 518 de
2852 477 2917 518 ea
2939 472 3090 529 erat;
3150 479 3214 520 ac
3240 476 3552 538 pergratum

296 568 413 611 erat
455 572 537 612 me
567 557 673 610 tuis
704 552 1229 623 litteristhrasonem
1263 569 1509 612 vocatum
1543 557 1746 626 fuisse;
1775 576 1873 633 ego
1907 560 2122 630 publico
2151 572 2299 612 eram
2336 555 2566 610 ludibrio
2586 563 2678 626 ;tu
2715 556 2768 609 in
2810 557 3150 613 sermonibus
3208 558 3338 614 felix
3406 560 3549 614 dice-

298 650 467 703 tiaris.

889 732 1023 790 Nﬂ'.
1068 736 1318 791 ΩΡΙΩΝΙ.

376 827 488 881 Ἀεί
521 845 580 881 σε
613 828 796 899 φέρων
828 831 894 901 τῇ
931 829 1121 902 μνήμῃ
1147 829 1345 899 μικροῦ
1379 848 1469 901 μοι
1500 833 1592 885 καὶ
1618 837 1870 905 παρεῖναι

291 917 463 982 δοκῶ,
517 919 611 972 καὶ
643 919 711 973 τὰ
755 919 934 973 πάντα
982 922 1237 990 παρεῖναι
1292 920 1616 991 σοφίζομαι·
1654 925 1749 977 καί
1782 941 1872 994 μοι

295 1009 631 1079 μεμνημένῳ
655 1007 831 1061 πάντα
856 1008 992 1078 πρὸς
1015 1008 1206 1079 ἡδονὴν
1234 1012 1663 1081 συνεισέρχεται,
1685 1013 1746 1065 τὸ
1762 1013 1870 1066 τῶν

290 1100 511 1168 τρόπων
542 1098 840 1161 εὐσταθὲς,
886 1100 919 1168 ή
952 1100 1080 1168 περὶ
1112 1102 1236 1161 τοὺς
1268 1100 1462 1168 λόγους
1508 1101 1732 1170 σπουδὴ,
1768 1102 1869 1173 τῆς

289 1188 615 1251 δῖανοίαςτὸ
650 1189 888 1258 μέτριον,
915 1190 1009 1241 καλ⁸
1030 1191 1092 1241 τὸ
1117 1189 1182 1259 δὴ
1218 1189 1493 1258 μέγιστον,
1522 1192 1869 1263 σωφροσύνη,

291 1280 545 1347 νεότητος
598 1282 825 1349 ἀλόγους
871 1280 1048 1349 ὁρμὰς
1099 1281 1522 1334 ἀνακύπτουσαο
1581 1285 1676 1336 καὶ
1733 1283 1869 1354 πρὸς

290 1370 524 1439 ἐμαυτὸν
548 1370 656 1422 ἔσθ’
679 1372 767 1423 ὅτε
798 1362 1082 1440 λογίζομαι
1107 1371 1181 1433 ὡς
1207 1373 1235 1424 ὁ
1264 1372 1481 1425 πάντων
1514 1373 1672 1442 ήμῶν
1703 1374 1871 1443 ὁρών-

289 1479 400 1513 των
437 1462 646 1514 τοιοῦτο
674 1463 898 1531 φανεὶς,
941 1461 1024 1524 τίς
1062 1462 1128 1515 ἂν
1170 1464 1378 1528 γένοιτο
1410 1464 1532 1516 καθ’
1576 1464 1739 1517 αὑτὸν
1774 1481 1871 1533 γε-

290 1550 498 1616 γονώςς
524 1552 734 1621 νικήσει
762 1551 891 1618 γὰρ,
917 1546 1093 1621 οἶμαι,
1122 1552 1199 1621 τῷ
1228 1552 1493 1621 φθάσαντι
1519 1553 1654 1624 πρὸς
1684 1556 1875 1608 ἐαυτὸν

294 1640 707 1709 ἁμιλλώμενος,
748 1643 897 1704 ὅπως
935 1642 1003 1693 ἂν
1038 1641 1185 1711 δείξῃ
1220 1644 1331 1704 τοῖς
1360 1641 1592 1697 ἀποῦσιν
1635 1646 1666 1713 ή
1679 1646 1767 1713 μίν
1798 1646 1875 1708 ὡς

2553 737 2734 794 LVIII.
2771 737 3025 795 ORIONI.

2046 831 2280 901 Semper
2300 842 2349 887 te
2378 833 2557 887 ferens
2600 832 2652 886 in
2710 834 2970 887 memoria
3009 846 3145 902 pene
3200 835 3329 889 mihi
3360 834 3552 892 adesse

1978 934 2128 993 puto,
2180 932 2235 977 et
2261 924 2438 977 omnia
2466 924 2656 977 adesse
2704 922 2983 987 arbitror;
3028 931 3084 976 et
3131 923 3262 977 mihi
3324 926 3553 982 memori

1975 1013 2157 1067 omnia
2200 1011 2407 1066 laetiﬁca
2436 1019 2781 1076 succurrunt,
2813 1024 2990 1064 mores
3052 1008 3191 1062 bene
3242 1010 3549 1078 compositi,

1981 1103 2282 1157 litterarum
2317 1102 2576 1167 studium,
2626 1101 2794 1155 animi
2826 1099 3147 1165 moderatio,
3188 1113 3253 1153 ac
3302 1099 3551 1170 inprimis

1979 1194 2244 1263 sapientia
2289 1194 2622 1248 inconsultos
2657 1192 2951 1257 iuventutis
3002 1192 3234 1261 impetus
3267 1202 3548 1251 coercens.

1978 1286 2152 1355 Atque
2179 1300 2387 1339 mecum
2414 1284 2708 1353 aliquando
2745 1283 2984 1351 recogito
3016 1282 3192 1351 qualis
3228 1281 3381 1337 fleret
3421 1282 3551 1336 sibi~

1974 1386 2088 1431 met
2114 1378 2352 1439 relictus,
2380 1376 2470 1446 qui
2514 1376 2669 1430 nobis
2698 1376 2951 1429 omnibus
2981 1375 3359 1443 spectantibus
3385 1373 3544 1428 talem

1975 1486 2035 1523 se
2086 1469 2323 1523 ostendit
2354 1486 2368 1524 :
2405 1468 2577 1522 vincet
2615 1467 2759 1522 enim
2791 1467 3307 1522 excellentissimum
3354 1473 3544 1519 contra
3614 1486 3625 1493 ν

1975 1558 2210 1624 seipsnm
2236 1556 2581 1621 obluctando,
2598 1564 2654 1609 ut
2671 1564 2854 1623 pateat
2871 1556 3186 1611 absentibus
3217 1555 3373 1609 nobis
3396 1554 3547 1608 illum

1975 1658 2121 1702 certe
2147 1650 2402 1703 virtutem
2432 1656 2652 1717 propter
2699 1650 2869 1716 ipsam
2909 1648 3162 1714 coluisse,
3210 1648 3302 1718 qui
3352 1662 3418 1701 ne
3448 1662 3546 1703 nos

290 1731 401 1800 ἄρα
458 1732 524 1784 δι’
575 1733 746 1804 αὐτὴν
798 1734 964 1803 ἐτίμα
1004 1734 1103 1803 τὴν
1151 1734 1383 1802 ἀρετὴν,
1416 1736 1512 1804 οὐχ
1551 1738 1699 1804 ἡμᾶς
1746 1737 1868 1799 τοὺς

1974 1736 2187 1803 quidem
2224 1743 2534 1803 spectantes
2568 1745 2801 1790 veretur.
2855 1735 3116 1802 Quamvis
3154 1746 3334 1791 autem
3387 1735 3545 1790 luxu.

288 1822 530 1891 ὁρῶντας
561 1823 879 1897 αίδούμενος
899 1840 912 1854 ⁸
941 1824 989 1875 εί
1012 1822 1068 1876 δὲ
1100 1826 1193 1876 καὶ
1231 1824 1385 1877 πόλιν
1415 1825 1527 1893 ἔχει
1554 1828 1866 1897 τρυφῶσαν,

288 1915 385 1966 καὶ
419 1896 722 1984 πολλά’τῆς
764 1914 1055 1982 ἀσελγείας
1099 1917 1167 1967 τὰ
1206 1896 1659 1985 παραδείγματα,
1712 1918 1871 1972 τοῦτο

288 2005 701 2075 φιλοτιμότερον
725 2005 890 2059 αὐτὸν
922 2006 1198 2071 ἀντιτάξει
1231 2011 1348 2070 ταῖς
1377 2008 1589 2077 ἡδοναῖς
1610 2022 1624 2036 ⁸
1652 2009 1737 2072 τίς
1760 2010 1869 2081 γὰρ

286 2096 527 2167 ἀθλητὴς
569 2097 662 2149 ἐπὶ
701 2098 763 2151 τδ
794 2099 949 2170 νικᾷν
999 2100 1398 2169 σεμνυνόμενος
1437 2101 1517 2162 είς
1564 2100 1869 2170 Ὀλυμπίαν

286 2185 481 2252 ἐλθὼν,
506 2186 601 2240 τοῦ
648 2188 858 2256 ἀγῶνος
891 2191 953 2242 τὸ
988 2190 1246 2260 μέγεθος,
1281 2192 1470 2263 καιρὸν
1526 2193 1726 2263 ῥᾷστον
1762 2195 1870 2246 είσ-

286 2281 590 2348 ηγήσεται;
623 2278 740 2333 ἀλλ’
772 2280 870 2333 οὐκ
909 2280 1168 2333 ἐπιτείνει
1201 2281 1300 2351 μὲν
1332 2282 1531 2337 αὐτίκα
1567 2282 1668 2354 τὴν
1695 2281 1871 2353 ἀσκη-

288 2384 398 2433 σιν,
432 2367 720 2437 βεϐαιὼσει
762 2369 820 2424 δὲ
852 2370 954 2433 τὰς
993 2370 1373 2442 προλαϐοῦσας
1401 2375 1466 2443 τῇ
1504 2373 1869 2439 μείζονιυιιιὶ⁹

289 2461 357 2514 σὺ
401 2462 466 2531 δὴ
511 2461 689 2531 μύσας
731 2463 832 2526 τὰς
877 2462 1190 2534 αἰσθήσεις,
1238 2464 1463 2537 ἀκλινὴς
1502 2464 1634 2533 πρὸς
1683 2467 1868 2541 πᾶσαν

286 2550 457 2622 ἀκοὴν
487 2551 583 2604 καὶ
610 2551 737 2606 θέαν
769 2553 1090 2623 γενόμενος’,
1123 2552 1320 2618 δείξεις
1344 2553 1418 2618 ὡς
1443 2554 1541 2625 οὐχ
1565 2557 1598 2626 ή
1628 2553 1738 2608 τῶν
1762 2572 1865 2609 κα-

168 2660 176 2669 ·
287 2642 402 2695 κῶν
434 2643 636 2714 ἀπορία
678 2644 779 2715 τὴν
824 2644 1177 2715 σωφροσύνην
1222 2640 1330 2699 οἶδε
1364 2647 1544 2716 νικᾷν,
1590 2646 1705 2700 ἀλλ’
1738 2645 1866 2700 ἔνθα

287 2733 399 2785 τῶν
430 2734 775 2806 σεμνοτέρων
819 2733 848 2786 ὁ
874 2734 1038 2798 πόθος
1056 2750 1070 2764 '
1103 2734 1205 2789 κᾶν
1234 2735 1336 2799 τὰς
1362 2736 1628 2806 Σειρῆνας
1656 2738 1862 2801 εἴποις,

286 2822 393 2876 κᾶν
431 2824 530 2894 τὴν
569 2825 747 2877 πάντα
777 2824 1215 2895 μεταϐάλλουσαν
1246 2826 1486 2898 Κίρκην,
1524 2827 1733 2896 κινήσει
1758 2826 1865 2880 πά·-

285 2917 374 2967 λιν
416 2915 703 2979 Ὀδυσσεύς
722 2930 736 2947 ·
784 2916 877 2970 νῦν
909 2915 971 2969 τὸ
1016 2916 1168 2987 μῶλυ
1196 2918 1440 2986 δεικνὺς,
1469 2920 1650 2985 λόγον,
1681 2913 1859 2988 οἶμαι,

286 3006 477 3059 τοῦτον
506 3006 565 3060 ὃν
592 3000 746 3071 οὗτος
781 3008 1127 3080 ἐδωρήσατο*
1165 3010 1284 3065 νυνὶ
1314 3010 1372 3064 δέ
1405 3010 1713 3081 περιδείσας
1735 3011 1865 3066 ἐαυ-

287 3098 382 3153 τὸν
412 3101 603 3170 ἀρετῇ,
627 3100 907 3155 καὶπολλὰ
926 3100 1151 3171 βιώσας,
1182 3097 1361 3173 οἶμαι,
1405 3102 1740 3175 παραπλέων
1767 3104 1865 3168 τὰς

291 3190 511 3260 ἡδονάς.
964 3220 973 3233 ι

804 3278 933 3335 Ne'.
975 3282 1389 3355 ΔΠΟΛΛΩΝΙῼ.

373 3375 432 3429 '0
456 3375 845 3447 εύλαὸἑστατος
875 3375 1229 3447 Μαρτύριος,⁴
1258 3377 1503 3430 πλουτῶν
1537 3377 1634 3446 μὲν
1665 3379 1867 3449 ἀρετῇ,

288 3469 357 3538 τῇ
387 3466 445 3519 δὲ
469 3465 607 3537 τύχῃ
637 3467 963 3535 πενόμενος,
991 3466 1161 3519 δεῖται
1190 3466 1293 3537 τῆς
1338 3467 1612 3539 ὑμετέρας
1657 3469 1828 3538 ῥοπῆς
1850 3484 1863 3499 ι

291 3557 556 3626 πλείστην
586 3557 715 3626 ἔχω,
744 3555 819 3619 ῶς
848 3574 1036 3626 φησιν,
1056 3558 1121 3611 ἐκ
1141 3556 1249 3611 τῶν
1274 3556 1597 3625 φθασάντων
1625 3560 1725 3628 τὴν
1749 3562 1867 3612 πετ-

296 3666 398 3720 ραν
420 3663 434 3677 ’
469 3649 563 3701 καί
605 3665 671 3717 με
706 3647 904 3720 ῥᾳδίως
944 3647 1160 3702 ἔπειθεν
1206 3650 1590 3719 ἐπιστάμενον,
1624 3650 1700 3712 ὡς
1732 3651 1865 3703 πᾶσι

290 3743 452 3812 χεῖρα
495 3738 798 3810 προτείνεις
827 3742 939 3801 τοῖς
977 3739 1266 3811 ὀρθοῦσθαι
1299 3741 1574 3811 δεομένοις
1605 3741 1698 3794 καὶ
1731 3742 1868 3812 πρὸς

292 3830 614 3899 ἐπικουρίαν
647 3828 906 3883 καλοῦσιν
928 3844 941 3858 ·
974 3829 1213 3884 τοσαῦτα
1255 3830 1365 3902 γὰρ
1394 3830 1533 3901 ἔχων
1573 3832 1703 3905 παρ’
1736 3833 1867 3902 ἡμῖν

290 3922 392 3975 ὅσα
437 3922 563 3992 μήτ’
613 3921 767 3989 ἰσχὺν
811 3920 1054 3991 ἐντίθησι
1104 3922 1198 3974 καλ⁵
1244 3921 1610 3994 ἀποθνήσκειν
1658 3924 1753 3994 ἐᾷ,
1784 3924 1867 3987 είς

1977 1825 2172 1877 riosam
2203 1824 2407 1879 habitet
2427 1825 2700 1880 civitatem
2720 1835 2775 1880 et
2805 1827 2971 1881 multa
3007 1828 3200 1891 habeat
3226 1824 3559 1896 corruptelml

1971 1913 2239 1981 exempla,
2297 1914 2365 1969 ob
2412 1916 2514 1969 hoc
2555 1915 2727 1985 ipsum
2775 1916 2970 1970 acriori
3031 1932 3152 1971 cum
3205 1916 3547 1972 aemulatione

1969 2004 2338 2082 voluptatibus
2354 2005 2745 2073 ’resistit.Quis
2768 2007 2910 2060 enim
2932 2007 3134 2061 athleta
3156 2022 3277 2060 cum
3305 2008 3548 2062 victoriae

1970 2094 2266 2148 ambitione
2293 2093 2599 2165 Olympiam
2650 2096 2894 2163 veniens,
2923 2096 3238 2151 certaminis
3269 2097 3546 2164 magnitu.

1969 2187 2150 2242 dinem
2213 2184 2527 2247 facillimam
2577 2202 2710 2249 esse
2758 2191 3108 2246 occasionem
3158 2190 3548 2258 persuadebit?

1968 2292 2150 2331 nonne
2171 2285 2366 2331 contra
2399 2278 2661 2334 exercitia
2692 2294 2787 2334 sua
2820 2280 3056 2348 augebit,
3105 2288 3161 2334 et
3185 2279 3543 2347 pratcodentin

1969 2368 2314 2423 conﬁrmabit
2345 2366 2683 2436 majoribus?
2729 2369 2831 2434 Tu,
2864 2370 3114 2425 obductis
3136 2370 3405 2435 sensibus,
3431 2371 3545 2423 fer-

1970 2472 2095 2512 reus
2121 2456 2187 2511 ad
2217 2471 2435 2512 omnem
2468 2459 2708 2512 auditum
2739 2465 2832 2512 aut
2863 2458 3033 2513 visum
3069 2458 3266 2525 factus,
3304 2459 3544 2515 ostendis

1972 2550 2236 2604 malorum
2254 2548 2501 2605 molestia
2529 2564 2634 2604 non
2656 2549 2796 2604 vinci
2816 2550 3158 2619 sapientiam,
3183 2552 3277 2604 sed
3298 2550 3543 2619 digniora

1969 2651 2243 2711 appetere.
2279 2642 2412 2706 Ima,
2451 2642 2662 2697 etiamsi
2694 2642 2896 2697 dixeris
2930 2642 3151 2697 Sirenas
3185 2642 3267 2697 vel
3311 2656 3543 2698 conver.

1971 2742 2169 2789 tentem
2218 2735 2400 2789 omnia
2428 2732 2645 2798 Circen,
2682 2734 2860 2790 vincet
2897 2749 3068 2790 novus
3090 2734 3330 2805 Ulysses,
3385 2737 3545 2790 modo

1971 2840 2099 2880 usus
2138 2826 2301 2896 moly.
2355 2826 2407 2879 id
2455 2835 2556 2891 est,
2601 2836 2660 2880 ut
2708 2836 2854 2897 puto,
2890 2827 2979 2881 illa
3016 2841 3119 2896 qua
3158 2828 3415 2896 praeditus
3461 2835 3546 2887 est

1970 2918 2203 2982 raﬁone;
2240 2920 2397 2973 modo
2424 2918 2663 2988 seipsum
2688 2919 2875 2972 virtuti
2895 2918 3146 2989 alligans,
3196 2929 3250 3002 et
3276 2918 3349 2973 ita
3375 2916 3542 2977 multa

1972 3010 2242 3078 rapientes
2264 3018 2611 3066 transnatans
2637 3001 2995 3081 voluptates.’

2472 3277 2605 3331 LIX.
2639 3276 3048 3332 APOLLONIO.

2041 3366 2441 3423 Timidissitnus
2469 3367 2782 3439 Martyrius,
2843 3369 2992 3423 dives
3051 3370 3266 3438 quidem
3319 3369 3523 3424 virtute

1970 3458 2184 3513 fortuna
2212 3473 2340 3513 vero
2368 3473 2590 3528 pauper,
2624 3459 2829 3529 indiget
2861 3470 3041 3514 vestro
3070 3460 3333 3516 subsidio.
3372 3459 3544 3513 Μυῖ-

1971 3567 2111 3607 mam
2143 3553 2334 3615 habeo,
2391 3563 2449 3605 ut
2479 3553 2576 3615 ait,
2624 3567 2693 3607 ex
2738 3554 3235 3620 prmdecessoribus
3257 3553 3543 3625 experien.

1972 3643 2135 3707 tiam;
2172 3653 2447 3706 caelorum,
2502 3656 2590 3697 me
2621 3641 2784 3697 facile
2815 3643 3081 3710 persuasit
3116 3644 3376 3698 scientem
3407 3659 3544 3713 quo-

1967 3734 2130 3786 modo
2162 3746 2375 3786 manum
2408 3732 2655 3802 porrigas
2700 3732 2956 3787 omnibus
3005 3732 3233 3787 relevari
3275 3750 3411 3802 opus
3443 3736 3541 3789 ha.

1966 3824 2218 3879 bentibus
2259 3832 2313 3878 et
2348 3839 2442 3878 vos
2471 3823 2539 3878 ad
2558 3822 2818 3877 auxilium
2849 3822 3189 3880 vocantibus.
3242 3823 3373 3878 Nam
3400 3827 3541 3895 apud

1968 3931 2064 3971 nos
2078 3915 2169 3971 illa
2188 3924 2391 3971 tantum
2412 3915 2692 3985 reperiens
2708 3930 2828 3987 quae
2844 3930 2943 3971 nec
2968 3916 3111 3970 vires
3129 3903 3421 3980 sufficiunt,
3442 3931 3544 3971 nec

292 4016 438 4084 ὑμᾶς
466 4015 568 4085 ὁρᾷ
588 4056 602 4080 ,
632 4012 784 4067 λύσιν
806 4009 943 4066 εῖναι
974 4012 1161 4067 κακῶν
1181 4014 1240 4068 τὸ
1267 4014 1507 4069 τοιοῦτον
1526 4015 1829 4086 ἡγούμενος
1845 4032 1861 4051 ο

1974 4014 2195 4060 mortem
2223 4006 2543 4074 impediunt,
2573 4005 2641 4059 ad
2672 4020 2767 4060 vos
2797 4012 3027 4074 spectat,
3069 4004 3121 4059 in
3157 4004 3259 4060 hoc
3282 4020 3386 4060 uno
3412 4005 3541 4061 libe~

286 4105 408 4160 ἀλλ’
440 4106 663 4176 ἀντέχου
703 4105 1032 4176 προθύμως,
1080 4106 1236 4176 ὄμμα
1280 4106 1458 4169 διδοὺς
1503 4108 1730 4178 εὐμενὲς
1769 4109 1865 4163 καὶ

1974 4097 2233 4151 rationem
2278 4095 2469 4151 adesse
2512 4093 2774 4150 malorum
2821 4105 3019 4164 putans
3056 4112 3070 4148 :
3111 4109 3236 4149 cum
3302 4094 3541 4149 studioso

286 4198 378 4252 διὰ
407 4198 605 4253 σαυτὸν
636 4200 729 4254 καὶ
757 4199 824 4251 δι’
853 4199 955 4268 ἐμὲ
986 4200 1077 4252 καὶ
1102 4199 1189 4259 διὰ
1216 4199 1307 4255 τὸν
1329 4200 1386 4252 ἐν
1413 4199 1574 4271 χρείᾳ
1593 4199 1864 4270 καθεστησ

1974 4188 2178 4257 excipe,
2201 4186 2413 4241 oculum
2445 4194 2766 4242 convertens
2791 4184 3107 4241 benevolum
3152 4193 3209 4240 et
3251 4184 3318 4239 ad
3372 4197 3458 4239 me
3486 4195 3541 4245 et

289 4289 454 4342 κότα⁹
484 4288 578 4343 καὶ
597 4289 705 4361 γὰρ
733 4288 953 4360 θαρρῶν
976 4287 1160 4355 ἔλεγεν
1177 4289 1253 4353 ὡς
1279 4290 1373 4344 ἐὰν
1400 4289 1527 4362 δέξῃ
1560 4289 1863 4359 γράμματα

1974 4280 2030 4332 ad
2056 4280 2285 4348 teipsum
2315 4286 2368 4333 et
2401 4278 2467 4332 ad
2495 4278 2766 4332 hominem
2796 4278 2852 4333 in
2893 4277 3214 4333 necessitate
3245 4284 3537 4333 versatum.

288 4381 421 4448 παρ’
464 4378 601 4450 ἐμοῦ
620 4421 636 4445 ,
667 4380 817 4433 οὐδὲν
846 4380 875 4433 ὃ
901 4396 955 4434 τι
982 4382 1056 4450 μὴ
1098 4380 1293 4452 ῥᾳδίως
1332 4381 1610 4450 ποιήσεις·
1639 4379 1775 4448 ἐμοῦ
1806 4378 1864 4435 δὲ

1974 4369 2315 4425 Coriiidenter
2348 4369 2491 4423 enim
2522 4369 2735 4423 dicebat
2787 4378 2856 4432 te,
2889 4368 3104 4423 litteras
3136 4384 3165 4421 a
3191 4383 3276 4424 me
3311 4368 3356 4422 si
3399 4368 3543 4423 acci-n

289 4468 628 4539 μειδιῶντος,
657 4470 752 4522 καὶ
776 4467 970 4522 ὁπόθεν
998 4464 1137 4521 οῐδεν
1164 4469 1520 4539 ἀνερομὲνου,
1551 4467 1645 4520 καὶ
1667 4482 1865 4534 κατεγ-

285 4560 527 4630 γυᾶσθαι
577 4559 640 4615 τὸ
681 4559 873 4630 μέλλον
910 4559 1130 4629 ἓιτοιμος
1179 4556 1249 4631 ἦν
1285 4577 1299 4592 ν
1335 4558 1534 4613 οὐκοῦν
1579 4558 1863 4628 πλήρωσον

284 4651 436 4721 αὐτῷ
475 4651 574 4714 τὰς
616 4650 839 4715 ἐλπίδας
858 4694 873 4719 ,
917 4651 1005 4704 ἵνα
1036 4650 1111 4723 μὴ
1142 4652 1330 4721 χρείας
1361 4644 1518 4712 αὖθις
1552 4648 1861 4720 καλούσης,

282 4743 662 4811 κατεγγυᾶται
706 4741 768 4796 τὸ
814 4742 1026 4812 μέλλον,
1080 4742 1156 4811 ὡς
1205 4742 1358 4798 οὐδὲν
1409 4739 1675 4812 ἀνύσαιμι
1729 4740 1862 4810 παρ’
1912 4736 1915 4739 λ

285 4832 438 4905 ὑμῖν.

848 5010 925 5066 ε’.
966 5011 1291 5083 Numam.

350 5102 436 5154 Τὰ
470 5100 569 5172 μὲν
607 5100 666 5168 ἐξ
712 5100 866 5170 ὑμῶν
910 5100 1213 5171 γράμματα
1241 5102 1377 5172 πρὸς
1407 5101 1509 5169 τὴν
1551 5100 1862 5172 πανήγυριν

280 5192 386 5264 ήδη
431 5192 617 5246 καλεῖ·
665 5194 762 5246 καὶ
797 5191 889 5245 τὸν
932 5187 1079 5247 οἷκον
1123 5193 1256 5263 ἡμῖν
1308 5193 1623 5265 προτιθέναι
1675 5192 1860 5263 φησὶν,

1968 4474 2144 4530 peres,
2205 4458 2339 4519 nihil
2379 4473 2483 4512 non
2526 4458 2685 4514 facile
2734 4472 3149 4514 concessurum.
3230 4455 3313 4512 Me
3358 4465 3539 4513 autem

1964 4546 2299 4609 subridente,
2350 4554 2405 4601 et
2437 4546 2805 4616 interrogante
2834 4547 2976 4601 unde
3018 4547 3071 4602 id
3097 4545 3286 4611 sciret,
3309 4560 3542 4616 sponso-

1966 4653 2079 4694 rem
2106 4638 2174 4692 de
2202 4637 2381 4692 futuro
2420 4652 2480 4694 se
2513 4637 2645 4693 dare
2677 4639 2922 4707 parabat.
2984 4636 3151 4708 imple
3210 4638 3373 4710 igitur
3414 4652 3542 4708 spes

1966 4730 2126 4795 illius,
2157 4745 2221 4784 ne
2250 4744 2380 4793 non,
2413 4730 2736 4784 necessitate
2767 4729 2963 4784 iterum
3016 4740 3262 4799 urgente,
3312 4745 3544 4800 sponso~

1964 4836 2077 4876 rem
2103 4820 2170 4875 de
2195 4819 2377 4873 futuro
2421 4832 2480 4873 se
2526 4820 2619 4873 det
2657 4833 2743 4874 me
2793 4818 2926 4873 nihil
2968 4834 2998 4873 a
3026 4821 3177 4875 vobis
3206 4834 3326 4876 esse
3351 4821 3541 4879 obtenv

1960 4919 2141 4965 .IIII‘IIIII
2152 4950 2165 4965 .

2491 5001 2604 5057 LX.
2644 5002 3010 5061 NEPHALIO.

2035 5095 2242 5151 Vestrae
2271 5094 2466 5151 litterae
2499 5096 2565 5178 ad
2599 5097 2904 5153 convivium
2932 5097 3043 5165 jam
3087 5110 3185 5152 nos
3216 5107 3540 5165 convocanl,

1963 5202 2029 5243 ac
2052 5187 2270 5241 domum
2312 5186 2469 5242 nobis
2502 5189 2800 5260 pra‘parari
2856 5188 3064 5254 dicunt,
3122 5197 3177 5243 et
3210 5189 3389 5243 omnia
3421 5204 3543 5257 qua:

283 5283 438 5340 κοινά
469 5300 530 5336 τε
560 5283 629 5337 τά
671 5282 915 5353 παρόντα
959 5284 1138 5336 ποιεῖ·
1181 5284 1273 5337 καὶ
1313 5283 1374 5337 τὸ
1398 5283 1491 5336 τοῦ
1524 5283 1683 5352 λόγου
1727 5283 1861 5354 ήμϊν

1974 5278 2229 5339 continet.
2254 5281 2561 5334 communia
2589 5280 2815 5334 iaciunt.
2874 5278 3067 5336 Sermo
3090 5280 3540 5350 vesteroptimunt

228 5365 246 5427 9
282 5372 488 5439 ἀγαθὸν
513 5372 949 5440 ἀπαγγέλλεται·
985 5372 1098 5441 ἐγὼ
1120 5373 1179 5427 δὲ
1208 5374 1312 5443 τῆς
1346 5374 1446 5445 μὲν
1473 5374 1684 5436 εὐνοίας
1713 5374 1860 5444 ὑμᾶς

1974 5371 2095 5426 mihi
2146 5370 2306 5426 aﬂ‘ert
2355 5372 2623 5439 nuntium,
2673 5381 2728 5428 et
2762 5373 3134 5429 benevolentia
3181 5382 3361 5429 vestra
3396 5389 3544 5428 sum-

279 5459 667 5532 ὑπεράγαμαιο
691 5461 786 5515 καὶ
802 5462 866 5533 δή
893 5478 984 5533 μοι
1005 5462 1397 5550 πεπληρῶσθαι
1428 5463 1570 5518 δοκῶ
1603 5463 1704 5535 τήν
1726 5446 1860 5518 πανο

1974 5473 2103 5513 mam
2130 5459 2261 5513 mihi
2292 5470 2470 5513 movet
2507 5462 2966 5530 admirationem;
3013 5471 3172 5533 atque
3210 5462 3541 5516 mihivideov

282 5553 480 5621 ήγυριν
519 5552 814 5622 ἐπιπολῆς
856 5555 1197 5625 συμμετρίας
1233 5554 1449 5626 τυχώνο
1482 5555 1619 5628 πρὸς
1665 5556 1724 5611 δὲ
1758 5554 1859 5627 τὴν

1974 5561 2160 5608 ιωιυηι
2209 5552 2588 5621 complevisse,
2646 5554 3122 5622 epistolzmhabita
3172 5557 3540 5628 praportione.

279 5638 531 5698 ἐντεῦθεν
555 5640 671 5697 ὁδὸν
694 5641 864 5697 πολλά
885 5660 978 5714 μοι
1006 5642 1311 5717 καθέστηκε
1338 5645 1409 5702 τὰ
1433 5645 1730 5717 κωλύματα
1746 5661 1758 5677 υ
1778 5647 1855 5719 ,σὺ

1974 5645 2191 5714 Verum,
2213 5646 2506 5715 quominus
2533 5646 2660 5704 hinc
2687 5648 2935 5704 recedam
2967 5651 3133 5706 multa
3156 5651 3302 5723 mihi
3326 5649 3544 5711 obstant
