3966 6318
443 298 463 316 .-
477 255 623 321 2767

1752 249 2103 313 PROCOPII
2133 248 2376 311 GAZJEI

3604 237 3742 302 ε-ει

483 364 890 437 impedimenta.
913 361 1012 419 'Tu
1043 369 1448 433 autem-opto,
1501 375 1848 434 prosperare.
1900 364 2069 420 vince.-

2173 362 2215 416 ié
2248 377 2340 432 μοι
2364 358 2458 414 καὶ
2488 356 2696 430 πρᾶττε
2726 354 2930 423 καλῶς,
2963 352 3059 408 καὶ⁸
3082 353 3209 408 νίκα
3230 351 3300 407 τὰ
3321 349 3624 418 λυποῦντα,

483 457 786 522 molestias,
815 471 879 511 ac
900 467 1172 511 momento
1191 469 1298 510 non
1329 453 1666 508 solummodo
1688 454 2056 524 praesentium.

488 549 643 617 Quod
686 557 864 604 autem
922 546 1026 602 tuis
1070 546 1264 602 litteris
1311 559 1410 600 nos
1446 544 1684 614 deiectos
1726 545 1924 614 erigas,
1957 545 2062 600 hoc

487 641 660 700 satius
694 640 833 694 duco
873 652 1030 707 quam
1065 619 1364 707 Polycratis
1415 634 1751 691 felicitatem.
1806 635 2060 691 Nostrum

489 729 635 785 enim
691 727 930 782 auditum
971 724 1071 780 viri
1105 725 1466 795 simpliciores
1495 733 1922 791 commoverant,
1965 724 2061 779 tibi

491 820 746 877 videlicet
806 819 981 874 diram
1030 818 1296 874 accidisse
1349 816 1752 884 calamitatem;
1800 832 1864 873 ac
1895 817 1961 872 de
2006 823 2063 872 te

492 913 770 979 dicebant,
799 911 1000 981 Captus
1041 919 1128 966 est
1169 911 1309 967 inter
1333 910 1700 977 vendendum,
1743 910 1796 965 in
1827 909 2065 966 obscuro

495 1004 733 1061 inclusus
761 1011 866 1059 est.
905 1001 970 1056 Et
1002 1001 1128 1056 talia
1151 1001 1442 1066 narrando,
1477 1010 1644 1056 testes
1670 998 2062 1072 preducebant,

493 1109 630 1165 quos
655 1093 813 1150 iilinc.
849 1095 1038 1150 venire
1063 1092 1323 1148 audacter
1365 1091 1738 1158 alIirmabant;
1795 1092 1930 1147 alius
1975 1091 2066 1146 alii

495 1187 807 1251 citarrabat,
842 1193 896 1240 et
924 1200 1024 1257 per
1049 1197 1238 1240 omnes
1253 1183 1392 1238 fama
1418 1183 1806 1239 bacchabatur.
1838 1184 2063 1251 Verum,

495 1279 678 1335 statim
701 1293 765 1334 ac
798 1285 943 1333 luant
976 1277 1152 1348 recepi
1181 1275 1465 1347 epistolam
1497 1283 1705 1330 tantum
1745 1265 1946 1342 injns'to
1979 1290 2066 1330 ru-

499 1370 633 1425 mori
667 1369 1129 1426 contradicentem
1157 1376 1218 1422 ut
1249 1369 1314 1421 ad
1347 1375 1547 1422 coetum
1585 1365 1788 1420 amicos
1821 1373 2065 1430 vocaret,

497 1461 784 1518 confestim
829 1461 1027 1532 gaudio
1054 1459 1341 1522 exsultavi,
1377 1467 1433 1513 ct
1481 1457 1749 1514 mendacii
1780 1447 2070 1528 argumené

502 1567 614 1612 tum
649 1555 876 1620 habens,
913 1555 1112 1622 ubique
1159 1553 1302 1607 illam
1351 1550 1707 1622 prmdicabam
1741 1568 1755 1604 :
1789 1549 1863 1604 ita
1887 1559 1944 1604 ut
1977 1548 2070 1618 qui

499 1648 626 1704 olim
653 1647 867 1703 fuerant
884 1643 1250 1708 audacissimi,
1275 1657 1420 1698 nunc
1437 1642 1612 1697 mmsti
1635 1643 1839 1713 pudore
1861 1640 2070 1696 suffun-

2165 453 2413 522 μέμνησο
2455 447 2529 520 μὴ
2560 447 2721 520 μόνον
2747 445 3032 518 παρόντων
3053 460 3066 474 °
3095 445 3143 498 εί
3173 443 3232 498 δὲ
3262 443 3591 514 γράμμασιν
3617 443 3740 498 aeu.

2166 539 2403 610 μοῢντας
2436 539 2688 607 ἁνάγοις,
2723 539 2883 594 τοῦτο
2917 538 3017 609 μὲν
3051 537 3150 608 τῆς
3173 535 3564 607 Πολυκράτους
3595 535 3742 588 εὐτυ-

2162 629 2287 699 χίας
2314 629 2635 700 σεμνότερον
2651 628 2863 700 ὐπολλὰ
2883 613 3064 699 γὰρόί
3094 627 3325 697 χρηστοὶ
3351 625 3454 688 τὰς
3473 624 3744 696 ἡμετέρας

2164 719 2442 774 διέσεισαν
2473 719 2678 786 ἀκοὰς,
2705 719 2786 784 ὡς
2819 719 3075 790 πέπραχέ
3118 735 3174 771 τι
3207 717 3413 772 δεινόν’
3452 715 3513 770 σὲ
3541 715 3606 784 δὴ
3655 715 3742 767 li-

2167 827 2374 880 γοντες,
2402 812 2478 875 ὼς
2501 811 2617 883 ήλῳ
2641 811 2920 884 πράττων,
2943 811 3019 874 ὡς
3039 811 3266 880 γέγονεν
3295 809 3512 879 ἀφανής
3531 824 3547 838 ο
3576 807 3743 861 ταῦτα

2164 901 2596 970 λογοποιοῦντες,
2625 902 2912 975 μάρτυρας
2945 900 3332 972 πρῆγονοούς
3358 901 3572 954 ἐκεῖθεν
3591 901 3744 970 ήκειν

2169 991 2598 1065 διισχυρίζοντοο
2643 994 2738 1048 καὶ
2789 993 2948 1057 ἄλλος
2987 992 3134 1063 ἄλλῳ
3183 975 3456 1062 διηγεῖτοῖ
3509 992 3608 1044 καὶ
3659 990 3746 1042 διΞι

2167 1083 2388 1139 πάντων
2411 1085 2444 1156 ἡ
2478 1083 2759 1155 φήμηοὼς
2781 1083 2839 1138 δὲ
2872 1084 2971 1155 τὴν
2995 1083 3128 1154 παρ’
3155 1081 3310 1154 ὑμῶν
3332 1081 3604 1152 ἐδεξάμην
3624 1084 3745 1134 ἑπι-

2167 1175 2360 1246 στολὴν
2393 1175 2648 1232 τοσοῦτον
2692 1177 3003 1247 ἀπέχουσαν
3053 1175 3155 1246 τῆς
3195 1174 3382 1228 ἀδίκου
3419 1175 3645 1244 φήμης,
3671 1172 3745 1237 ὡς

2167 1271 2263 1324 καὶ
2284 1267 2422 1340 πρὸς
2455 1271 2762 1340 πανήγυριν
2801 1271 2930 1332 τούς
2967 1268 3154 1338 φίλους
3177 1266 3390 1335 καλεῖν,
3425 1265 3589 1329 εὐθὺς
3621 1267 3744 1334 ὲγε-

2167 1360 2340 1432 νόμην
2369 1360 2695 1434 περιχαρὴς,
2733 1360 2830 1416 καὶ
2861 1360 2956 1414 τοῦ
2983 1360 3216 1432 ψεύδους
3243 1358 3386 1430 ἔχων
3413 1358 3505 1411 τὸν
3527 1357 3745 1426 ἔλεγχον

2171 1451 2446 1523 πανταχοῦ
2471 1451 2675 1522 ταύτην
2710 1453 3012 1524 ἐκήρυττον
3031 1469 3046 1483 ο
3076 1453 3220 1508 ὥστε
3249 1452 3379 1515 τοὺς
3408 1449 3581 1503 πάλαι
3616 1449 3745 1521 θρα-

2171 1547 2284 1608 σεῖς
2326 1544 2480 1614 μόλις
2524 1543 2784 1617 ὲρυοριᾷν
2830 1543 2926 1599 καὶ
2976 1543 3204 1597 κύπτειν
3244 1544 3329 1604 εἰς
3357 1541 3494 1610 γῆν·
3530 1539 3744 1608 καὶτῆς

2171 1635 2366 1706 τύχης,
2387 1631 2568 1707 οἶμαι,
2598 1636 2902 1709 κατασοᾷν,
2928 1636 3011 1690 ὅτι
3055 1635 3132 1707 μὴ
3162 1633 3334 1689 πλείω
3365 1633 3559 1704 χρόνον
3591 1628 3741 1684 ἑλών-

501 1741 780 1804 derentnr,
813 1738 864 1793 in
894 1747 1090 1794 terram
1113 1736 1300 1792 oculos
1329 1734 1648 1807 deligerent,
1681 1749 1743 1790 ac
1765 1732 2066 1789 defortuna
2099 1725 2145 1786 B
2172 1725 2352 1786 θανον.

500 1838 858 1902 quererentur
904 1829 1049 1900 quod
1101 1842 1205 1884 non
1259 1825 1458 1883 diutius
1509 1826 1563 1880 in
1612 1824 1884 1882 oblivione
1931 1825 2068 1882 deli-

503 1925 749 1982 tuissem;
1019 1927 1028 1942 '

1070 2014 1212 2074 LXI.
1250 2014 1516 2073 SILANO.

571 2107 1118 2174 Pulcher‘Macarius,
1157 2109 1319 2166 studii
1355 2122 1676 2176 morumque
1726 2108 1900 2178 gratia
1951 2118 2072 2162 mea

501 2201 690 2257 fruens
716 2199 1114 2264 benevolentia,
1137 2199 1268 2254 mihi
1294 2198 1472 2254 attulit
1494 2206 1728 2255 vestram
1754 2197 2071 2269 epistolam;

500 2307 604 2362 ego
634 2307 784 2356 vero,
817 2294 1166 2347 characteres
1195 2291 1372 2361 primo
1405 2298 1625 2362 aspectu
1657 2303 1984 2360 agnoscens,
2017 2300 2076 2347 et

501 2380 912 2452 inscriptionem
955 2377 1226 2446 osculans,
1276 2370 1472 2434 statim
1517 2378 1740 2434 minime
1796 2380 1981 2434 curavi
2013 2379 2070 2434 in

503 2473 619 2544 ipsa
660 2474 867 2542 scripta
912 2479 1220 2542 penetrare.
1280 2468 1348 2525 Et
1386 2471 1644 2526 continuo
1679 2484 1883 2542 cycnus
1935 2471 2072 2527 meis

501 2563 739 2620 accinuit
783 2563 1022 2628 auribus,
1073 2577 1138 2617 ac
1175 2560 1336 2616 veluti
1383 2574 1590 2630 pennas
1627 2571 1789 2617 vento
1819 2562 2070 2628 credens,

501 2655 756 2711 omnibus
778 2668 840 2710 se
861 2653 1007 2710 dedit
1036 2652 1351 2708 accentibus
1379 2651 1745 2720 suavissimis;
1779 2661 1927 2708 tuam
1943 2668 2073 2711 vero

502 2747 788 2802 lusciniam
839 2745 1031 2816 agnovi
1061 2758 1189 2800 vere
1235 2743 1402 2800 fuisse
1425 2742 1760 2798 Athenarum
1817 2744 2072 2815 puellam,

502 2846 558 2892 et
579 2836 776 2891 factam
803 2849 1120 2899 esseoavem,
1142 2842 1198 2889 et
1226 2834 1450 2888 atticum
1475 2847 1696 2889 servare
1727 2833 1894 2890 melos
1929 2851 1943 2889 :
1972 2834 2074 2925 sub

505 2927 810 2999 huiusmodi
861 2920 1031 2996 figura
1072 2925 1256 2996 ipsam
1295 2923 1925 2997 depingunt-epistolam
1975 2920 2074 2980 lio-'-

504 3018 910 3074 manaalitteras.
945 3016 1058 3088 Ego
1097 3026 1275 3071 autem
1319 3017 1422 3071 hoc
1467 2999 1767 3072 delectatus
1816 3032 2094 3099 magnum‘

505 3110 728 3182 spiravi,
783 3119 838 3164 et
877 3109 932 3164 in
959 3107 1275 3164 memoriam
1301 3106 1551 3178 revocavi
1579 3107 1814 3176 priscam
1845 3097 2072 3162 felicita-

508 3211 638 3266 tem,
675 3212 733 3257 ut
756 3201 912 3256 nobis
947 3199 1181 3254 invicem
1211 3197 1354 3255 obvii
1383 3197 1646 3255 fuerimus
1681 3197 1832 3269 juxta
1869 3195 2072 3263 Nilum;

507 3302 566 3348 ut
597 3293 727 3347 mihi
761 3291 973 3346 dederit
1001 3291 1210 3347 fortuna
1257 3301 1310 3346 te
1333 3304 1524 3348 secure
1549 3289 1678 3352 frui,
1725 3298 1782 3342 ut
1800 3297 1850 3343 te
1872 3289 2075 3344 amisso

507 3382 737 3439 alllictus
786 3380 1005 3448 fuerim,
1067 3387 1128 3434 ut
1156 3379 1417 3449 gaudeam
1453 3387 1506 3434 te
1559 3392 1703 3432 nunc
1732 3387 2080 3450 recuperato;

507 3489 605 3544 per
627 3485 770 3528 tuam
797 3471 941 3527 enim
977 3470 1262 3541 epistolam
1303 3479 1354 3526 te
1388 3470 1499 3541 jam
1524 3469 1801 3541 possidere
1836 3471 1969 3525 mihi
1992 3471 2074 3527 vi-

505 3567 656 3631 deor,
679 3573 735 3620 et
765 3578 939 3620 meam
962 3563 1242 3619 confessus
1270 3577 1388 3618 sum
1405 3563 1790 3633 gratitudinem
1808 3562 1858 3618 ei
1889 3562 1980 3632 qui
2007 3562 2075 3618 ad

509 3672 595 3711 me
629 3656 772 3710 illam
802 3655 1001 3710 attulit.
1040 3654 1214 3722 Quam
1259 3653 1494 3719 felicem,
1549 3667 1583 3709 o
1624 3668 1783 3724 puer,
1841 3653 2073 3719 aiebam,

507 3747 674 3804 habes
711 3746 1014 3801 familiam!
1046 3745 1112 3799 Et
1137 3745 1216 3800 illi
1239 3744 1635 3814 exprobrabam
1667 3744 1806 3812 quod
1840 3758 1900 3800 se
1926 3744 1992 3799 ad
2012 3753 2076 3799 te

506 3839 781 3908 pertinere
824 3852 932 3892 non
969 3835 1271 3906 detegeret:
1302 3829 1706 3904 Quid‘faciam?
1743 3834 1833 3903 qui
1872 3835 2075 3904 possim

505 3929 554 3982 ei
578 3937 783 3982 tantum
815 3938 1074 3998 praestare
1095 3935 1357 3996 quantum
1393 3926 1590 3994 cupio?
1609 3926 1656 3982 si
1686 3923 2074 3997 gratitudinem

507 4019 575 4073 ad
617 4018 810 4072 bonam
859 4017 1188 4072 voluntatem
1231 4016 1666 4082 mensuraveris,
1716 4015 1850 4070 nihil
1889 4029 1996 4070 non
2043 4027 2075 4069 a

506 4107 668 4164 nobis
683 4107 935 4178 accipiet.
973 4105 1047 4162 Ut
1072 4107 1253 4163 audivi
1286 4115 1468 4162 autem
1500 4115 1551 4162 te
1595 4105 1889 4175 nuptialem
1933 4103 2077 4160 ferre

502 4199 712 4268 jngnm,
750 4208 876 4254 vota
903 4198 1012 4254 fudi
1047 4207 1104 4253 ut
1128 4207 1249 4254 tuos
1277 4198 1510 4254 viderem
1537 4197 1733 4254 liberos
1757 4206 1970 4268 patrem
1996 4197 2075 4252 vi-

507 4289 762 4345 dentibus
795 4289 1172 4360 prxdicantes.

1018 4379 1180 4436 LXII.
1215 4377 1532 4435 DIODORO.

579 4473 718 4539 Quid
752 4473 844 4526 tibi
879 4471 1099 4536 accidit,
1122 4485 1155 4526 ο
1183 4471 1365 4540 lingua
1387 4469 1686 4540 multiplex,
1715 4471 1806 4540 qui
1837 4468 1946 4526 alte
1961 4469 2078 4526 cla-

508 4564 698 4617 mabas
739 4571 928 4616 contra
976 4561 1252 4616 silentes?
1287 4559 1486 4616 Eorum
1527 4576 1648 4631 qua:
1707 4563 2080 4633 exprobrabas

506 4654 625 4722 ipse
641 4652 919 4706 convictus
942 4666 1019 4716 es,
1049 4660 1102 4706 et
1131 4660 1296 4706 temet
1321 4652 1522 4708 inscius
1549 4652 1867 4718 accusabas,
1894 4661 1951 4708 et
1973 4653 2078 4709 tuis

507 4745 810 4813 illaqueans
836 4751 1027 4811 captus
1059 4758 1118 4799 es
1134 4743 1373 4798 retibus.
1411 4741 1535 4800 Tibi
1569 4744 1768 4800 accidit
1795 4745 1940 4814 quod
1969 4738 2080 4800 fert

507 4834 795 4904 adagium:
835 4851 853 4885 ι
888 4831 1234 4904 Exprobrans
1277 4848 1398 4902 quae
1440 4833 1552 4904 ipse
1594 4833 1790 4898 fecisti,
1841 4836 2075 4904 teipsum

505 4901 750 4988 accusas,
779 4901 995 4991 tuisque
1025 4901 1237 4990 caperis
1273 4901 1396 4977 alis.
1438 4901 1644 4994 Itaque,
1667 4924 1711 4978 si
1734 4925 1837 4979 hoc
1857 4901 2074 4980 decuis-

505 5026 605 5081 set,
643 5024 788 5070 tuam
829 5013 938 5068 tibi-
963 5013 1186 5068 omnino
1234 5014 1566 5070 remisissem
1600 5014 1881 5084 epistolam
1916 5031 1930 5068 :
1963 5014 2077 5070 for-

504 5122 602 5162 san
636 5106 784 5162 enim
817 5106 1073 5161 scivisses
1096 5115 1146 5159 te
1167 5114 1536 5160 accusatorem
1566 5105 1730 5162 fuisse
1763 5108 1918 5176 quasi
1959 5108 2074 5174 ipse

506 5212 631 5252 reus
685 5213 793 5252 non
826 5195 1049 5261 fuisses,
1091 5207 1147 5252 et
1197 5213 1344 5252 nunc
1389 5197 1702 5267 delinquere
1751 5198 1906 5267 quasi
1939 5197 2086 5252 nihil-

503 5288 911 5358 exprobrasses.
942 5287 1001 5342 In
1017 5302 1082 5342 eo
1107 5297 1284 5344 autem
1317 5288 1551 5343 maxime
1570 5289 1885 5357 peccavisti,
1906 5290 2071 5358 quod,

505 5376 728 5432 induere
762 5378 1028 5434 ali'cctans
1052 5380 1352 5434 cothurnos
1374 5379 1530 5435 valde
1555 5379 1810 5450 pulchros
1831 5389 1888 5434 et
1921 5380 2074 5448 pedi-

504 5462 605 5518 bus
657 5466 978 5521 concinnius
1028 5477 1264 5537 aptatos,
1329 5479 1388 5521 ttt
1437 5468 1716 5524 conitediat
1756 5468 1869 5522 vult
1920 5483 2073 5536 usus,

508 5565 748 5621 agrestes
779 5557 913 5614 istas
940 5560 1135 5614 misisti
1171 5561 1383 5614 litteras
1423 5561 1646 5615 nomine
1695 5569 1749 5616 et
1779 5561 1955 5616 salute
1983 5575 2075 5615 ca-

507 5651 722 5712 rentes;
764 5655 816 5701 et
845 5647 915 5702 de
952 5649 1072 5704 istis
1099 5658 1278 5706 tamen
1315 5649 1485 5720 magis
1514 5650 2072 5721 superbiebas,quam

2106 4391 2158 4452 D

2733 2007 2853 2068 ΞΑν.
2897 2008 3167 2083 mmo.

2259 2106 2317 2159 Ὀ
2361 2103 2522 2168 καλὸς
2567 2103 2852 2176 Μακάριος
2901 2103 3140 2173 σπουδῆς
3181 2101 3347 2157 ἕνεκα
3395 2103 3494 2158 καὶ
3531 2099 3744 2174 τρόπων

2172 2199 2272 2270 τῆς
2313 2198 2452 2270 ἐμῆς
2499 2197 2790 2252 ἀπολαύων
2835 2197 3077 2266 εὐνοίας,
3131 2197 3378 2252 ὲπέδωκέ
3432 2215 3525 2268 μοι
3569 2197 3744 2269 φέρων

2174 2289 2447 2362 ὑμετέραν
2483 2291 2804 2360 ἐπιστολήνο
2849 2289 2962 2359 ἐγὼ
2991 2290 3050 2343 δὲ
3089 2289 3216 2353 τούς
3251 2289 3461 2353 τύπους
3491 2291 3746 2358 ἐπιγνοὺς

2171 2381 2292 2453 ἁμα
2318 2384 2386 2453 τῇ
2423 2379 2520 2452 θέᾳ
2553 2380 2651 2434 καὶ
2665 2380 2769 2451 τήν
2794 2381 3112 2452 ἐπιγραφὴν
3135 2381 3527 2450 ἀσπασάμενος
3545 2421 3560 2445 ,
3590 2381 3746 2444 εὐθὺς

2177 2472 2418 2542 μελήσας
2446 2469 2622 2538 οὐδὲν,
2651 2471 2759 2525 τῶν
2787 2471 3188 2542 γεγραμμένων
3221 2472 3354 2524 εῑσω
3383 2471 3742 2542 γεγενῆσθαι·

2174 2561 2270 2616 καὶ
2315 2564 2344 2616 ὁ
2392 2562 2492 2632 μὲν
2537 2561 2739 2626 κύκνος
2785 2561 2950 2624 εὐθὺς
2997 2562 3182 2632 ἑνήχει
3212 2562 3340 2622 ταῖς
3388 2562 3614 2625 ἀκοαῖς,
3653 2562 3745 2614 καὶ

2173 2653 2365 2723 ὥσπερ
2391 2652 2481 2724 «τῷ
2511 2652 2732 2726 ζεφύρῳ
2753 2652 2824 2706 τὸ
2863 2650 3063 2722 πτερὸν
3096 2651 3276 2715 ἀνεὶς,
3320 2650 3473 2714 ὅλαις
3501 2651 3745 2705 ἀνέκειτο

2173 2745 2290 2808 ταῖς
2334 2743 2499 2814 ᾠδαῖς
2543 2745 2638 2798 καὶ
2685 2742 3120 2814 μουσικωτάταις
3143 2757 3158 2774 ο
3208 2741 3310 2812 τὴν
3365 2740 3468 2813 σὴν
3516 2741 3744 2813 ἀηδόνην

2173 2833 2268 2890 νῦν
2313 2834 2483 2899 ὅντως
2523 2835 2698 2904 ἔγνων
2737 2836 2815 2898 ὡς
2853 2833 3096 2904 Ἀθηνῶν
3117 2832 3363 2904 ὑπῆρχεν
3391 2834 3426 2902 ή
3455 2833 3624 2902 κόρη,
3653 2833 3745 2886 καὶ

2165 2925 2398 2997 ’γέγονεν
2438 2926 2620 2998 ὅρνις,
2654 2927 2750 2982 καὶ
2777 2927 2876 2998 τὴν
2916 2925 3166 2998 Ἆττικήν
3204 2925 3461 2996 φυλάττει
3503 2927 3616 2989 τοίς
3649 2924 3745 2996 μέ-

2173 3020 2324 3074 λεσι·
2356 3019 2598 3074 τοιοῦτον
2637 3018 2810 3089 αὐτῆς
2853 3019 2914 3072 τὸ
2953 3018 3141 3088 σχῆμα
3185 3017 3288 3088 τῆς
3325 3017 3620 3086 ἐπιπολῆς
3649 3017 3742 3088 δηι

2179 3106 2531 3180 μιουργσῢσιν
2547 3107 2598 3161 σί
2613 3105 2764 3176 λόγοι
2782 3123 2796 3136 ·
2825 3105 2937 3175 ἐγὼ
2963 3107 3021 3160 δὲ
3046 3105 3208 3160 τοῦτο
3227 3103 3424 3170 ἡσθεὶς
3445 3105 3746 3159 ἀνέπνευσα

2173 3198 2236 3253 τδ
2278 3198 2451 3270 μέγα,
2504 3197 2598 3251 καὶ
2647 3197 2888 3259 παλαιᾶς
2935 3195 3286 3266 εὐδαιμονίας
3333 3195 3621 3266 ἀνηγόμην
3667 3199 3748 3261 εἰς

2179 3290 2421 3362 μνήμην,
2453 3289 2528 3353 ὡς
2560 3290 2810 3359 συνεῐμεν
2843 3286 3094 3357 ἀλλήλοις
3125 3287 3277 3358 παρὰ
3311 3286 3406 3340 τὸν
3433 3287 3646 3348 Νεῖλον,
3674 3287 3748 3350 ῶς

2174 3379 2348 3445 ἀδεῶς
2384 3379 2735 3450 ἑμφορείσθαί
2769 3396 2867 3432 σου
2890 3381 3154 3449 παρεῖχεν
3192 3379 3226 3449 ἡ
3260 3379 3424 3448 τύχη,
3461 3378 3540 3442 ὡς
3559 3387 3746 3448 στερη-

2175 3471 2291 3536 θεὶς
2319 3471 2588 3542 ἠχθόμην,
2628 3472 2706 3534 ὡς
2741 3471 2916 3542 χαίρω
2950 3469 3048 3524 νῦν
3075 3469 3476 3541 κομισάμενοςο
3505 3471 3600 3524 καὶ
3643 3471 3744 3539 γάρ

2177 3578 2237 3615 σε
2265 3563 2352 3615 διὰ
2375 3561 2474 3631 τῆς
2491 3561 2794 3632 ’ἐπιστολῆς
2820 3561 2964 3631 ἔχειν
2987 3561 3089 3632 ἤδη
3117 3561 3276 3626 δοκῶ,
3305 3563 3405 3616 καὶ
3430 3562 3586 3632 χάριν
3604 3563 3745 3633 ὠμο-

2174 3651 2367 3722 λόγουν
2393 3652 2474 3722 τῷ
2497 3651 2706 3722 ταύτην
2727 3653 2851 3723 ἐμοὶ
2874 3652 3129 3706 δεδωκότι
3146 3667 3160 3683 ο
3189 3653 3304 3715 καὶ,
3343 3653 3433 3717 Ὠς
3455 3655 3741 3724 εὐδαίμων,

2174 3743 2333 3816 ἔφην,
2349 3737 2395 3798 ὦ
2408 3747 2526 3811 παῖ,
2550 3743 2644 3798 τοῦ
2661 3744 2854 3812 γένους
2871 3743 3137 3814 ὑπάρχεις
3159 3744 3173 3797 l
3194 3727 3290 3797 καὶ
3313 3745 3644 3816 ἐμεμφόμην
3662 3747 3743 3799 ὅτι

2177 3854 2261 3891 σοι
2285 3837 2576 3908 προσήκων
2611 3836 2871 3890 ἐλάνθανε
2891 3853 2906 3869 ο
2929 3837 3022 3899 τίς
3049 3832 3144 3890 οὖν
3173 3837 3456 3906 γένωμαις
3490 3837 3652 3892 πόθεν
3679 3837 3744 3890 ἂν

2173 3929 2441 4000 δυναίμην
2469 3929 2622 3998 αὐτῷ
2645 3929 2904 3999 παρέχειν
2939 3928 3115 3982 ὁπόσα
3148 3929 3248 3982 καὶ
3283 3927 3583 3998 βούλομαι;
3615 3930 3666 3981 ει
3687 3925 3745 3981 ει

2179 4023 2470 4094 μετρήσεις
2509 4024 2576 4093 τῇ
2608 4021 2890 4093 προθυμίᾳ
2919 4019 3020 4092 τὴν
3047 4019 3231 4090 χάριν,
3259 4019 3414 4074 οὐδέν
3444 4019 3593 4073 ἔστιν
3623 4021 3653 4073 ὅ
3689 4033 3744 4072 τι

2179 4113 2254 4184 μὴ
2285 4111 2515 4184 λήψεται
2552 4113 2686 4184 παρ’
2728 4111 2920 4183 ἡμῶν
2966 4111 3206 4176 ἀκούσας
3249 4111 3311 4164 δέ
3353 4127 3416 4164 σε
3445 4114 3542 4164 καὶ
3571 4111 3742 4180 γάμῡυ

2175 4203 2362 4274 φέρειν
2399 4202 2586 4273 ζυγὸν,
2632 4202 2898 4274 εὐξαίμην
2943 4219 3040 4256 σου
3091 4204 3189 4256 καὶ
3234 4201 3434 4264 παῖδας
3466 4201 3598 4255 ἰδεῖν
3637 4207 3743 4264 τοις

2175 4292 2342 4364 δρῶσι
2371 4293 2465 4347 τδν
2501 4291 2712 4364 πατέρα
2738 4290 3132 4362 κηρύττοντας.

2728 4383 2864 4438 εον.
2899 4383 3198 4452 musaeo

2249 4475 2316 4530 Τί
2343 4491 2500 4529 τουτο
2528 4473 2802 4538 πέπονθας
2826 4475 2856 4526 ὁ
2874 4473 3044 4535 πολὺς
3064 4473 3165 4542 τὴν
3187 4470 3458 4539 γλῶτταν,
3481 4471 3580 4525 καὶ
3608 4471 3746 4541 μέγα

2178 4566 2355 4620 πνέων
2399 4565 2542 4620 κατὰ
2579 4564 2689 4618 τῶν
2732 4563 3088 4618 σιωπώντων·
3128 4561 3276 4631 ἥλως
3315 4555 3400 4623 οἷς
3439 4561 3743 4622 ἐνεκάλεις,

2179 4658 2274 4712 καὶ
2304 4657 2446 4712 κατὰ
2476 4655 2676 4712 σαυτοῦ
2721 4655 3106 4726 κατηγορήσας
3149 4651 3461 4714 ιλάνθανες,
3508 4652 3603 4705 καὶ
3637 4653 3746 4713 τοῖς

2179 4747 2373 4801 ἑαυτοῦ
2410 4745 2647 4809 δικτύοις
2676 4746 2847 4808 ἑάλως
2881 4740 3268 4812 σαγηνευθείς·
3298 4741 3336 4794 ἃ
3365 4741 3474 4812 γὰρ
3519 4739 3748 4812 enim

2176 4837 2414 4909 δράσας,
2438 4834 2652 4889 οἴκοθεν
2695 4833 2841 4904 ἔχεις
2867 4832 2960 4885 τὸν
2988 4831 3230 4901 ἔλεγχον,
3271 4829 3368 4884 καὶ
3405 4831 3522 4892 τοῖς
3554 4828 3744 4882 ἑαυτοῦ

2178 4928 2398 4990 πτεροῖς
2439 4925 2638 4992 ἑάλως,
2678 4924 2780 4994 τὴν
2828 4921 3127 4993 παροιμίαν
3168 4918 3396 4974 παθών
3441 4919 3574 4974 ὥστ’
3619 4920 3673 4971 ετ
3697 4934 3749 4970 τι

2176 5017 2284 5072 τῶν
2323 5016 2700 5089 κροσηκόντων
2739 5013 2978 5082 ἐγίνετο,
3029 5012 3130 5081 τὴν
3174 5009 3274 5082 σὴν
3299 5009 3365 5062 ἄν
3409 5025 3492 5062 σοι
3537 5007 3750 5069 πάντως

2176 5111 2468 5180 ἐπιστολὴν
2502 5105 2884 5176 ἀντεπέθηκαο
2931 5104 3074 5173 τάχα
3109 5100 3220 5172 γὰρ
3264 5100 3331 5156 ἂν
3355 5100 3527 5170 εγνως
3567 5103 3747 5152 ἐπιτι-

2181 5203 2362 5273 μήσας
2394 5199 2492 5269 μὲν
2517 5198 2592 5261 ὡς
2637 5198 2737 5250 οὐκ
2769 5195 2836 5249 ἂν
2863 5193 3166 5264 -ἁμαρτὼν,
3200 5190 3538 5262 πλημμελῶν
3563 5189 3622 5243 δὲ
3655 5187 3750 5242 νῦν

2175 5292 2253 5354 ὠς
2284 5290 2670 5359 κατηγορήσας
2697 5286 2847 5341 οὐδέν
2865 5301 2879 5315 ·
2915 5286 3012 5339 καὶ
3038 5284 3101 5337 τὸ
3131 5281 3512 5353 μέγιστονοδτι
3543 5280 3749 5348 φιλοτι-

2179 5381 2492 5451 μησάμενος
2525 5377 2695 5448 ὐποδή
2705 5393 2853 5446 ματα
2882 5374 3020 5428 καλά
3047 5391 3111 5427 τε
3149 5372 3268 5426 λίαν
3296 5373 3394 5425 καὶ
3427 5371 3560 5442 περὶ
3586 5371 3749 5430 πόδας

2130 5499 2135 5503 ·
2181 5471 2401 5544 μᾶλλον,
2425 5469 2504 5533 ὡς
2541 5471 2608 5540 τῇ
2645 5466 2910 5554 κωμῳρίᾳ
2937 5466 3086 5521 δοκεῖ
3107 5506 3122 5531 ,
3163 5465 3257 5516 καὶ
3285 5462 3459 5516 ταῦτα
3492 5459 3750 5554 γραμμά-

2175 5582 2284 5618 των
2312 5562 2497 5632 ἔρημα
2524 5547 2854 5628 πέπομφας,
2883 5559 3018 5630 μήτε
3073 5559 3133 5609 τὺ
3177 5555 3347 5618 δεῖξαι
3379 5555 3520 5624 μήτε
3546 5551 3608 5603 τὸ
3637 5547 3750 5618 zz!-

2179 5667 2292 5720 ρειν
2346 5647 2550 5703 εἰπών’
2591 5646 2769 5700 καίτοι
2825 5647 3030 5716 μεῖζον,
3085 5646 3160 5708 ὡς
3205 5645 3371 5706 εἰκὸς.
3411 5644 3505 5696 ἐπὶ
3545 5642 3750 5699 τούτοις
