3966 6318
242 245 386 311 2709

1650 200 2058 306 summa.
2078 303 2084 309 .

3343 236 3483 298 2770
3508 278 3513 283 -

243 359 581 429 ἐφρόνησας,
627 359 661 430 ἦ
706 358 936 430 Κροῖσος
982 359 1188 423 ἐκεῖνος
1236 359 1333 421 τὰς
1379 356 1696 428 θασμαστάς
1751 356 1816 427 δὴ

1938 357 2005 411 lle
2053 356 2271 413 Croesus
2334 354 2609 416 mirabiles
2676 352 2908 425 Apollini
2958 352 3160 407 lateres
3224 348 3479 418 largiens.

245 452 499 516 πλίνθους
536 451 614 522 τῷ
648 451 832 520 Πυθίῳ
858 451 1197 521 δωρούμενος
1216 466 1230 482 ο
1278 449 1428 520 δηλοῖ
1457 448 1515 502 δὲ
1560 449 1620 502 τὸ
1650 447 1816 502 πάλαι

246 558 308 593 σε
355 539 527 594 ταῦτα
557 539 686 611 περὶ
714 539 809 592 τοῦ
838 578 853 593 .
896 581 909 595 .
945 579 959 592 .
995 539 1127 611 ργοῦ
1167 539 1554 609 κομισάμενον,
1602 537 1814 602 μέλλειν

246 631 333 685 ἀεὶ
363 642 462 684 καί.
490 631 984 702 καταστοχάζεσθαι
1013 630 1105 685 τοῦ
1140 631 1362 700 καιροῦ,
1395 629 1543 692 ὅπως
1568 628 1633 682 ἂν
1657 630 1816 699 ἐρχο-

159 752 171 763 -
250 724 418 794 μένης
447 723 545 794 τῆς
579 723 970 795 πανηγύρεως,
995 723 1169 777 ταῦτα
1190 721 1369 776 λαϐὼν
1399 722 1678 794 προσέλθω
1704 723 1816 786 τοῖς

245 816 415 887 ὁρῶσι
445 816 540 888 τὴν
572 817 883 887 φιλοτιμίαν
913 817 1080 888 βοῶν·
1113 817 1235 872 ὃθεν
1266 834 1359 869 σου
1411 816 1471 868 τὸ
1499 815 1668 879 πάθος
1710 832 1816 885 μαο

247 907 376 975 θὼν,
402 909 628 982 προῄειν
653 910 795 964 κατὰ
815 910 905 963 τὸν
937 911 1233 981 Ὁμηρικὸν
1248 912 1449 965 Αἴαντα
1476 909 1617 980 μέγα
1636 908 1814 979 βιϐάς·

246 997 344 1052 καὶ
390 999 756 1070 κατεκρότουν
806 999 904 1070 τὴν
954 999 1061 1069 γῆν
1096 999 1440 1069 ἐπιστρέφων
1491 996 1639 1066 παρά
1693 998 1817 1057 τοὺς

248 1091 418 1153 πόδας
456 1092 546 1144 τὸν
598 1090 832 1159 θεατήν·
881 1091 975 1143 καὶ
1014 1090 1175 1153 εἴτις
1227 1090 1360 1159 όρᾷν
1393 1089 1492 1141 οὐκ
1540 1085 1802 1157 ἠϐούλετο

247 1178 507 1251 ὑϐριστὴν
530 1178 718 1233 τοῦτον
749 1180 985 1245 ἐδόκουν,
1017 1180 1108 1232 καὶ
1132 1179 1283 1241 τέλος
1307 1178 1439 1249 ὁρᾷν
1474 1176 1820 1246 κατηνάγκα-

247 1270 362 1336 ζον,
393 1271 490 1325 καὶ
518 1271 742 1343 μηδενὸς
762 1270 1071 1341 ἐρωτῶντος
1099 1270 1291 1324 ὁπόθεν
1324 1269 1431 1339 ἔχω
1458 1267 1819 1329 λαϐὼν,‹Διό-

246 1363 418 1431 δωρος
446 1364 474 1415 ὁ
504 1362 678 1427 δοὺς,›
698 1362 864 1433 ἀνεκή
874 1379 1063 1434 ρυττον
1079 1377 1093 1392 ο
1112 1363 1204 1415 καὶ
1228 1361 1314 1415 διὰ
1334 1360 1549 1414 πάντων
1573 1358 1819 1430 ὑπῆρχεν

249 1455 337 1510 ἐπ’
369 1454 492 1524 ἐμοὶ
524 1455 624 1523 μὲν
671 1455 1060 1527 ἀπειροκαλίας
1084 1457 1112 1508 δ
1142 1454 1316 1524 γέλως
1335 1469 1349 1486 ⁸
1380 1452 1472 1507 ἐπὶ
1504 1452 1586 1508 σοὶ
1606 1452 1683 1518 δὲ,
1718 1450 1820 1522 τῆς

246 1546 523 1617 εὑνοίαςή
565 1548 784 1618 μνήμη⁶
835 1547 1060 1603 τοιαῦτά
1102 1564 1184 1601 σοι
1216 1547 1326 1601 τῶν
1377 1545 1558 1601 καλῶν
1606 1546 1821 1598 ὑποδει-

247 1637 474 1706 γμάτων
512 1638 829 1707 ἀπήλαυσα,
879 1638 1076 1709 μικροῦ
1120 1639 1230 1691 δεῖν
1259 1638 1352 1692 ἐπὶ
1398 1637 1638 1710 κεφαλὴν
1670 1636 1817 1707 βαδίο

252 1744 370 1794 σας,
405 1728 549 1792 ὅπως
579 1732 636 1783 ἐν
672 1729 819 1800 καλῷ
853 1729 950 1800 τῆς
980 1729 1107 1793 θέας
1140 1728 1294 1784 ἐσται
1332 1728 1391 1782 τὸ
1418 1729 1609 1789 δῶρον.

789 1821 906 1876 ειν.
950 1818 1295 1893 ΕΗΙΦΔΝῚῼ.

321 1897 492 1987 δῐμαί
525 1934 585 1970 σε
620 1916 892 1971 ποιεῖσθαι
926 1916 1045 1970 λίαν
1088 1917 1144 1969 ἐν
1169 1915 1426 1986 θαύματι,
1457 1914 1511 1968 τί
1551 1914 1687 1983 δῆτα
1727 1913 1822 1967 νῦν

256 2009 442 2080 μαθὼν
474 2009 574 2081 ἥδη
615 2009 710 2062 καὶ
741 2008 1085 2080 γραμμάτων
1128 1994 1475 2079 κατάρχομαι
1496 2022 1511 2036 ·
1544 2006 1735 2059 τούτου
1765 2005 1822 2059 δέ

238 2090 350 2173 τὴν
380 2102 562 2156 αἰτίαν
588 2103 636 2154 εἰ
682 2100 860 2171 βούλει
879 2141 895 2169 ,
926 2101 1259 2171 Στρατήγιος
1290 2102 1401 2163 τοῖς
1432 2098 1612 2167 λόγοις
1653 2114 1823 2168 στρα⁴

250 2195 470 2248 τεύεται
518 2193 659 2246 κατὰ
698 2192 822 2257 σοῦ,
859 2192 953 2247 καὶ
1007 2191 1172 2255 πολὺς
1235 2190 1333 2258 μὲν
1362 2191 1482 2252 ταῖς
1534 2188 1825 2259 λοιδορίαις

251 2288 444 2356 χωρεῖ,
499 2284 717 2355 μακρὰν
752 2283 809 2337 δὲ
847 2283 1155 2336 κατατείνει
1189 2281 1543 2353 κατηγορίαν,
1606 2280 1703 2334 καὶ
1742 2279 1824 2331 δι-

253 2378 552 2446 καστήριόν
587 2393 676 2447 μοι
692 2375 787 2445 τὴν
808 2374 987 2431 οἰκίαν
1015 2372 1336 2436 πεποίηται’
1373 2371 1435 2424 τὸ
1459 2370 1516 2424 δὲ
1548 2369 1824 2441 μέγιστον,

253 2467 443 2538 ὥσπερ
473 2468 580 2538 γὰρ
614 2469 667 2519 οἱ
693 2467 854 2519 δεινοὶ
878 2466 984 2518 τῶν
1012 2465 1277 2535 ρητόρων,
1302 2463 1404 2516 οὐκ
1432 2461 1688 2534 ἀρκεῖται
1713 2462 1826 2524 τοῖς

257 2557 507 2629 παροῦσι,
544 2558 705 2625 μόνον
761 2555 1120 2625 ἐγκλήμασιν,
1174 2552 1311 2606 ἀλλὰ
1366 2551 1584 2621 μίγνυσι
1624 2550 1828 2605 παλαιά

256 2648 484 2709 καινοῖς,
514 2646 608 2697 καὶ
636 2644 835 2714 μύθους
860 2643 1119 2714 ἀρχαίους
1144 2644 1417 2697 ἀνακινεῖ·
1448 2642 1543 2696 καὶ
1576 2642 1828 2714 μάρτυρα

260 2737 402 2790 κατά
451 2736 546 2788 σοῦ
586 2734 740 2789 πόλιν
769 2736 898 2806 ὅλην
933 2734 1032 2805 τὴν
1095 2733 1442 2805 Ἀλεξάνδρου
1491 2730 1855 2804 παρέχεται,

260 2826 387 2888 θέας
425 2826 656 2890 ἱππικὰς
684 2824 1036 2896 διηγούμενος
1055 2864 1069 2891 ,
1101 2823 1195 2877 καὶ
1226 2822 1410 2878 κύϐων
1449 2823 1703 2894 σπουδὴν,
1737 2823 1829 2877 καὶ

259 2919 539 2987 διαλόγους
591 2918 719 2990 περὶ
769 2918 878 2972 τῶν
927 2918 1110 2973 ῖππων
1165 2917 1515 2989 δημοτικοὺς,
1565 2918 1660 2970 καὶ
1694 2917 1830 2972 ἆττα

261 3011 432 3064 πολλὰ
459 3010 633 3082 τούτῳ
678 3009 855 3078 λέγειν
900 3010 1132 3080 ἐπέλθῃ’
1170 3008 1307 3062 ἀλλά
1334 3011 1444 3094 ,καὶ
1496 3008 1590 3062 νῦν
1627 3025 1685 3062 σε
1717 3010 1829 3069 τοῖς
1856 3041 1898 3100 c

260 3103 451 3165 ἵπποις
492 3101 861 3163 άνακινεῖσθαί
888 3118 1052 3172 φησι,
1089 3100 1181 3155 καὶ
1207 3086 1565 3172 τοῖς’τρέχειν
1595 3100 1830 3170 δυναμέ-

257 3210 374 3255 νοις
404 3191 757 3263 παρεδρεύειν
795 3193 911 3257 ἀεὶ,
943 3192 1039 3245 καὶ
1073 3191 1267 3261 τέχνην
1293 3207 1353 3251 σε
1386 3190 1636 3247 κολάκων
1667 3191 1832 3243 ἐπαν-

258 3282 503 3357 ῃρῆσοαι
561 3285 626 3352 τῇ
657 3283 855 3352 γαστρὶ
884 3263 1261 3353 χαριζόμενον.
1308 3283 1423 3336 Οὐκ
1473 3280 1539 3336 ἂν
1568 3282 1833 3357 δυναίμην

262 3377 348 3438 είς
386 3375 532 3441 ἅπαξ
574 3376 749 3428 εἰπεῖν
778 3375 878 3427 ὅσα
903 3373 967 3443 δὴ
998 3372 1257 3446 πολλάκις
1284 3376 1401 3436 ταῖς
1445 3374 1605 3444 ἐμαῖς
1646 3376 1835 3439 ἀκοαῖς

261 3466 546 3520 ἐπαντλεῖ·
565 3466 622 3519 τὸ
644 3465 699 3518 δὲ
725 3465 915 3530 αἴτιον,
932 3464 1161 3536 Γυμνὸς,
1187 3466 1341 3536 φησὶ,
1367 3465 1427 3518 τὸ
1446 3463 1636 3523 τούτου
1669 3464 1836 3536 μέρος

263 3548 408 3628 ἐγώ·
441 3557 499 3612 ἒν
545 3557 703 3628 μόνον
737 3575 827 3629 μοι
872 3558 1084 3629 ἱμάτιον
1115 3556 1435 3617 ὑπελείπετο
1468 3556 1603 3629 πρὸς
1634 3556 1834 3626 ταφὴν,

263 3650 362 3705 καὶ
377 3649 477 3706 διὰ.
492 3650 676 3705 τοῦτον
693 3648 980 3705 ἀνάλωται·
1002 3647 1143 3703 λίνον
1172 3648 1301 3718 γὰρ,
1327 3648 1512 3718 φησὶν,
1540 3647 1837 3717 εἰργασμέ-

265 3759 361 3797 νον
397 3740 600 3805 λαϐὼν,
642 3741 715 3803 ὡς
748 3740 812 3812 δὴ
858 3740 1014 3810 χερσὶ⁸
1058 3738 1167 3791 τῶν
1216 3737 1381 3793 αὑτοῦ
1440 3736 1838 3808 θεραπαινίδων

266 3831 565 3898 ἀποδείξων
614 3831 848 3902 ἱμάτιον,
895 3831 1042 3901 Ἴρου
1090 3846 1157 3900 με
1195 3829 1417 3902 παρεῖδε
1469 3827 1835 3899 γυμνότερον·

265 3922 462 3992 χρόνος
500 3924 685 3988 πολὺς,
713 3921 878 3991 φησὶ,
914 3922 1008 3975 καὶ
1046 3922 1574 3992 παρατέταμαιταῖς
1604 3919 1836 3979 ἐλπίσιν.

268 4016 338 4071 Εἰ
366 4015 545 4068 τοίνυν
574 4031 657 4067 σοι
686 4015 837 4084 μέλει
860 4014 961 4086 τὴν
993 4016 1199 4071 ἐκείνου
1238 4011 1484 4081 γλῶτταν
1523 4012 1840 4083 πραοτέραν

270 4107 726 4178 ἐργάσασθαικαὶ
756 4107 854 4170 τὰς
882 4105 1022 4177 ἐμὰς
1050 4104 1366 4177 ἐλευθεροῦν
1387 4106 1577 4170 ἀκοὰς,
1602 4104 1678 4168 ὡς
1701 4105 1841 4175 τάχα

269 4200 457 4266 πέμπε
494 4197 769 4269 θοιμάτιον
792 4213 804 4226 ’
830 4198 879 4251 εί
916 4198 973 4252 δὲ
1000 4197 1073 4268 μὴ
1096 4239 1110 4261 ,
1141 4196 1256 4250 ἀλλ’
1281 4196 1341 4249 οὐ
1367 4198 1517 4267 φέρω
1537 4194 1716 4264 λέγειν
1742 4195 1842 4248 ὅσα

269 4292 368 4344 καὶ
387 4290 621 4357 λέξειεν·
651 4289 725 4353 ὡς
748 4290 843 4345 καὶ
874 4288 1042 4360 μηδὲν
1075 4288 1213 4359 ἔχων
1248 4287 1495 4355 ἐγκαλεῖν
1522 4325 1537 4350 ,
1572 4286 1842 4357 φλυαρίαν

1834 1696 1894 1806 ,Β
1922 1696 2916 1803 pulchrumpraeberet-spectaculimt.

1915 445 2069 501 Patet
2103 445 2427 516 jampridem
2483 455 2557 515 te,
2614 460 2682 501 ex
2722 460 2830 515 quo
2867 442 3110 499 carmina
3139 438 3229 494 illa
3253 452 3481 508 compo-

1916 538 2097 601 Stlisli,
2130 547 2321 608 optare
2358 551 2573 609 semper
2608 546 2663 592 et
2694 535 2952 605 aucupari
2986 532 3349 594 occasionem,
3401 541 3481 593 ut,

1916 629 2243 683 adventante
2277 638 2446 694 cmtu,
2479 628 2562 683 bis
2580 627 2808 697 sumptis
2824 627 3077 696 prodeam
3115 638 3294 679 coram
3324 621 3483 675 boum

1918 721 2214 775 certamina
2269 719 2689 793 spectantibus“
2718 717 2894 784 Unde,
2945 725 3088 770 tuam
3132 711 3485 783 cupiditatem

1917 826 2282 880 cegnoscens,
2326 805 2676 881 'progressus
2723 823 2879 883 sum,
2937 806 3092 875 juxta
3142 802 3486 859 Homericum
3586 818 3593 827 κ

1916 902 2155 968 Ajacem,
2189 915 2383 972 magno
2417 902 2662 965 incessu;
2696 914 2760 955 ac
2796 908 2995 954 terram
3023 895 3251 964 strepitu
3278 893 3490 963 quatie-

1918 993 2064 1058 bam,
2098 971 2417 1048 convertens
2449 993 2513 1046 ad
2538 971 2699 1061 pedes
2736 998 3136 1059 spectatorem;
3188 995 3264 1050 et,
3296 985 3340 1040 si
3370 984 3490 1053 quis

1882 1076 2162 1153 ‘aSpicere
2218 1084 2404 1151 nollet,
2460 1084 2620 1139 istum
2678 1096 2778 1153 pro
2835 1078 3088 1137 insolenti
3132 1077 3397 1133 trahebam
3435 1083 3491 1128 et

1920 1179 2080 1234 linem
2113 1179 2296 1235 videre
2339 1178 2631 1249 cogebam;
2695 1186 2779 1243 et,
2847 1175 3062 1231 nemine
3119 1173 3491 1238 interrOgante

1919 1271 2062 1326 unde
2119 1286 2337 1327 scenam
2367 1271 2696 1336 habuissem,
2743 1266 3086 1323 clamitabam
3119 1280 3134 1321 :
3176 1282 3196 1315 ι
3227 1261 3491 1315 Diodorus

1921 1364 2098 1431 dedit;
2137 1383 2158 1419 ι
2195 1371 2251 1418 at
2280 1363 2346 1419 ab
2376 1362 2626 1418 omnibus
2649 1357 3066 1429 superveniebat
3092 1356 3220 1410 mihi
3249 1354 3491 1410 stultitiae
3588 1356 3591 1361 “

1920 1455 2228 1521 ludibrium,
2259 1455 2354 1519 tibi
2399 1464 2581 1510 autem
2609 1450 2995 1509 benevolentiae
3023 1445 3490 1504 commemoratio.

1923 1549 2237 1621 Ilujusmodi
2270 1549 2505 1605 fructum
2529 1564 2595 1605 ex
2628 1557 2718 1604 tuo
2743 1546 3036 1617 specimine
3064 1542 3291 1612 collegi,
3320 1556 3493 1610 quan-

1923 1658 2080 1713 quam
2099 1656 2235 1711 pene
2256 1656 2416 1712 supra
2440 1649 2601 1711 caput
2620 1637 3028 1703 ambulaverim,
3049 1644 3106 1689 ut
3124 1644 3274 1689 tuum
3299 1646 3494 1687 munus

2408 1822 2591 1879 LXIII.
2630 1818 3014 1877 EPIPHANIO‘.

1993 1915 2256 1973 Existimo
2284 1922 2334 1971 te
2364 1915 2520 1970 valde
2550 1913 2804 1969 admirari
2836 1928 2932 1987 cur
2952 1911 3062 1980 jam
3091 1922 3235 1965 nunc
3254 1908 3522 1964 scribere-

1921 2009 2173 2079 incipiam
2208 2025 2223 2063 :
2255 2007 2409 2076 cujus
2443 2022 2662 2063 causam
2686 2006 2731 2061 si
2756 2002 2975 2076 quaeris,
3011 2005 3126 2059 haec
3153 2008 3255 2057 est.
3286 2001 3497 2056 Strate-

1921 2102 2041 2172 gius
2086 2101 2428 2156 sermonibus
2459 2100 2719 2155 adversus
2760 2106 2811 2154 te
2841 2097 3083 2163 dimicat,
3118 2094 3376 2150 conviciis
3406 2107 3497 2162 ag-

1921 2193 2240 2265 greditur,et
2254 2192 2469 2263 longam
2497 2191 2731 2260 explicat
2753 2180 3171 2253 accusationem,
3194 2202 3258 2242 ac
3273 2186 3494 2241 domum

1923 2294 2101 2334 meam
2140 2278 2302 2347 elegit
2330 2279 2418 2334 ubi
2451 2278 2743 2334 discrimen
2774 2266 3145 2348 judicaretur:
3176 2275 3331 2341 Quod
3364 2289 3494 2329 vero

1925 2370 2220 2425 maximum
2272 2378 2379 2435 est,
2440 2370 2740 2439 peritorum
2788 2368 2962 2424 instar
3018 2368 3319 2430 rhetorum,
3389 2379 3495 2419 non

1925 2470 2214 2517 contentus
2261 2470 2345 2516 est
2384 2460 2740 2532 praesentibus
2787 2457 3121 2514 solummodo
3156 2456 3495 2521 criminibus,

1928 2552 2021 2606 sed
2058 2551 2249 2606 miscet
2277 2559 2459 2607 vetera
2491 2550 2671 2616 novis,
2711 2559 2765 2606 et
2792 2550 3041 2620 antiquos
3064 2548 3271 2605 reducit
3294 2563 3501 2603 sermo-

1929 2655 2055 2707 nes;
2090 2632 2202 2696 imo
2236 2639 2289 2694 in
2318 2641 2686 2696 testimonium
2706 2640 2968 2696 adversus
3007 2649 3060 2696 te
3081 2648 3242 2695 totam
3268 2638 3501 2693 Alexan-

1929 2731 2060 2787 dria:
2119 2732 2307 2787 urbem
2354 2732 2606 2797 suscitat,
2651 2733 2851 2803 equina
2891 2730 3137 2787 referens
3168 2732 3496 2801 spectacula,

1928 2833 1983 2879 et
2006 2824 2234 2879 talorum
2265 2824 2524 2892 studium,
2543 2835 2595 2882 et
2615 2824 2902 2896 populares
2932 2824 2999 2880 de
3018 2824 3173 2895 equis
3199 2837 3501 2888 sermones,

1930 2923 1984 2970 et
2031 2915 2198 2971 multa
2232 2917 2336 2972 alia
2384 2931 2723 2989 quacunque
2748 2917 2888 2973 illius
2930 2916 3127 2989 lingua:
3156 2925 3452 2972 occurrunt
3488 2937 3501 2971 :

1931 3008 2224 3065 etiamnum
2266 3024 2395 3065 vero
2447 3010 2576 3066 dicit
2630 3019 2683 3066 te
2728 3012 2796 3066 ab
2836 3010 2992 3080 equis
3037 3009 3184 3074 vehi,
3234 3018 3289 3065 et
3342 3024 3502 3065 cursu

1935 3102 2208 3159 velocibus
2238 3103 2476 3159 assidere
2514 3117 2749 3173 semper,
2783 3102 3194 3158 etadulatorum
3230 3111 3347 3158 arte
3384 3115 3507 3159 ere-

1934 3203 2082 3249 ctum
2106 3193 2274 3250 fuisse
2294 3194 2383 3263 qui
2412 3195 2565 3266 prius
2584 3195 2759 3250 ventri
2791 3193 3126 3266 indulgebas.
3146 3192 3265 3250 Non
3291 3208 3504 3265 possem

1935 3301 2038 3340 una
2061 3286 2180 3342 vice
2209 3285 2392 3343 dicere
2424 3287 2682 3357 quidquid
2715 3302 2855 3356 srepe
2877 3287 3074 3356 saepius
3104 3287 3242 3342 meis
3281 3286 3506 3343 auribus

1937 3378 2252 3434 instillabat.
2319 3376 2459 3433 Audi
2509 3393 2778 3435 causam:
2823 3396 2842 3431 ι
2875 3377 3061 3435 Nudus
3113 3393 3256 3443 sum,
3309 3376 3507 3449 inquit,

1937 3458 2197 3537 quan'turn
2221 3468 2273 3522 in
2292 3482 2355 3523 eo
2383 3476 2485 3532 est,
2508 3482 2611 3538 ego
2639 3486 2654 3524 :
2687 3485 2849 3524 unum
2880 3469 3010 3524 mihi
3038 3477 3320 3539 supererat
3342 3469 3509 3523 vesti-

1938 3566 2177 3614 mentum
2202 3561 2268 3615 ad
2293 3560 2661 3631 sepulturam;
2699 3570 2751 3615 et
2777 3574 2875 3630 per
2897 3561 3057 3616 istum
3083 3561 3216 3616 mihi
3239 3561 3507 3631 perditura

1939 3649 2071 3717 fuit;
2110 3665 2233 3705 nam
2265 3652 2432 3707 linum
2457 3652 2810 3718 fabricatum,
2849 3651 3131 3718 ut-aiebat,
3186 3667 3405 3709 sumens
3452 3663 3512 3708 ut

1939 3751 2085 3796 esset
2133 3743 2406 3811 specimen
2456 3752 2512 3799 et
2564 3743 2844 3813 exemplar
2899 3744 3208 3800 vestimenti
3261 3744 3508 3800 manibus

1941 3830 2265 3886 famularum
2300 3848 2520 3888 suarmn
2550 3834 2790 3900 texendi,
2838 3833 2923 3890 Iro
2964 3834 3244 3889 nudiorem
3267 3848 3354 3890 me
3387 3850 3508 3891 esse

1941 3939 2047 3979 non
2093 3924 2326 3980 advertit
2355 3941 2370 3978 :
2392 3924 2506 3994 jam
2536 3924 2753 3997 longum
2791 3923 2996 3981 efﬂuxit
3025 3934 3258 3997 tempus,
3292 3936 3347 3983 et
3387 3942 3513 3999 spes

1942 4029 2063 4070 mea
2094 4030 2311 4085 semper
2330 4014 2597 4072 differtur.
2639 4037 2658 4070 ι
2703 4016 2759 4073 Si
2785 4018 2949 4088 igitur
2968 4019 3104 4073 velis
3124 4019 3360 4089 linguam
3394 4019 3514 4089 ejus

1943 4109 2213 4165 mitiorem
2246 4110 2443 4176 facere,
2471 4119 2527 4165 et
2550 4125 2697 4165 meas
2727 4109 2957 4166 liberare
2987 4126 3165 4176 aures,
3215 4126 3376 4183 quam
3407 4113 3515 4166 cito

1943 4196 2097 4251 mitte
2120 4197 2500 4252 vestimentmn
2529 4211 2545 4262 ;
2601 4196 2644 4250 si
2678 4211 2806 4262 non,
2856 4213 2960 4251 non
2999 4199 3149 4253 valeo
3180 4200 3358 4253 dicere
3384 4200 3514 4268 quid

1944 4284 2188 4339 dicturus
2214 4284 2307 4349 sit,
2347 4284 2473 4353 quia
2519 4283 2681 4338 etiam
2715 4299 2821 4339 non
2857 4285 3060 4340 habens
3084 4285 3226 4340 unde
3268 4287 3515 4342 incrimi-

211 4415 220 4429 α
269 4384 363 4436 τὸν
410 4381 522 4451 βίον
556 4381 883 4449 πεποίηται·
919 4378 1048 4432 εἰδὲ
1088 4379 1181 4433 καὶ
1208 4378 1502 4449 προσλάϐοι
1528 4396 1581 4431 τι
1619 4376 1829 4437 δίκαιον

1946 4388 2123 4445 netur,
2171 4378 2225 4432 in
2255 4378 2583 4446 loquacitate
2617 4378 2779 4432 vitam
2814 4393 2965 4434 snam
3004 4379 3351 4447 reponit;’si
3385 4382 3514 4450 quid

272 4474 448 4536 εἴποις
476 4473 542 4527 ἀν
573 4472 738 4527 αὑτοῦ
760 4473 827 4543 τῇ
860 4471 1074 4543 γλώττῃ
1096 4471 1187 4549 τὸν
1215 4469 1384 4540 θυμὸν
1414 4471 1664 4529 ἐνοικεῖν.

271 4651 389 4707 san
431 4653 665 4724 ΓΕΣΣιῼ
710 4649 1206 4722 ΙΑΤΡΟΣΟΦΙΣΤῌ
1263 4647 1461 4720 [Band.
1490 4648 1842 4727 rmnztuj.

347 4744 559 4815 Ἥσοην
590 4745 671 4799 ὅτι
698 4744 790 4799 τὸν
818 4743 980 4797 καλὸν
1008 4743 1279 4813 Δωρόθεον
1305 4741 1363 4794 ὃν
1390 4741 1517 4811 ὑμῖν
1550 4741 1638 4795 διὰ
1666 4759 1845 4817 γραμ-
1875 4788 1877 4791 ,

276 4835 463 4905 μάτων
505 4834 811 4905 συνέστησα
852 4834 1139 4904 πρότερον,
1192 4830 1380 4885 τοῦτον
1428 4833 1492 4884 ἐκ
1543 4832 1844 4902 μεταϐολῆς

273 4925 427 4982 αὐτοί
457 4943 547 4996 μοι
575 4924 933 4987 συνιστῶντες
969 4926 1264 4994 ἐγράψατε.
1295 4924 1361 4977 Τί
1400 4924 1506 4994 γὰρ
1533 4923 1619 4992 εἴη
1662 4923 1846 4993 μεῖζον

271 5020 572 5089 τεκμήριον
611 5017 703 5071 τοῦ
734 5018 854 5073 κατ’
887 5017 1105 5076 ἐλπίδας
1128 5019 1260 5087 ἡμῖν
1299 5016 1547 5086 χωρῆσαι
1575 5015 1642 5069 τὰ
1667 5017 1847 5087 γράμ-

278 5108 665 5182 ματα;Ἐν.οὼν
702 5110 759 5163 δὲ
808 5109 942 5180 πρὸς
969 5112 1115 5178 ἡμᾶς
1142 5109 1293 5163 οὐδὲν
1331 5108 1489 5178 ἧθελε
1519 5109 1718 5177 λέγειν,
1743 5110 1770 5162 ὅ
1795 5126 1845 5163 τι

226 5213 234 5219 .
277 5203 356 5274 μὴ
398 5203 456 5256 σὲ
489 5202 658 5271 κάμοὶ
697 5201 1005 5271 χαριεῖσθαι
1044 5200 1235 5266 θέλων,
1287 5202 1383 5255 καὶ
1412 5204 1477 5272 τῇ
1517 5202 1704 5273 μνήμῃ
1739 5202 1847 5255 τῶν

276 5294 388 5350 σῶν
425 5295 868 5367 εὐφραινόμενος,
894 5293 987 5346 καί
1012 5310 1070 5346 σε
1093 5292 1258 5347 πολὺν
1279 5294 1371 5345 ἐπὶ
1397 5295 1662 5373 στόματος
1688 5290 1843 5366 ἦγεν,
1890 5330 1895 5337 -

272 5387 354 5453 ὡς
393 5386 615 5452 εὔνουν,
656 5385 732 5449 ώς
792 5383 1018 5453 ἀγαθὸν,
1056 5385 1132 5447 ὡς
1166 5382 1381 5456 γλώττῃ
1435 5384 1531 5438 καὶ
1565 5386 1710 5457 χειρὶ
1756 5387 1847 5440 τὸν

289 5481 616 5551 Ἀσκληπιὸν
645 5479 1066 5552 παρακείμενον.
1092 5480 1201 5533 Καὶ
1220 5477 1361 5532 οὕτω
1385 5479 1448 5548 δὴ
1470 5480 1531 5532 τὸ
1551 5483 1649 5551 τῆς
1674 5482 1848 5551 ἰατρι-

276 5574 382 5643 κῆς
419 5573 690 5646 αὐστηρὸν
712 5574 769 5626 αἱ
800 5572 899 5641 τῆς
940 5572 1210 5642 ὑμετέρας
1244 5571 1487 5642 γλώττης
1522 5574 1846 5644 παρεμυοή-

280 5682 443 5720 emo
498 5664 744 5738 χάριτες·
788 5661 959 5717 ταῦτα
981 5660 1228 5730 λέγοντος
1263 5659 1676 5732 προύλάμϐανον
1723 5661 1848 5724 τοὺς

1944 4478 2123 4522 autem
2153 4468 2282 4539 justi
2318 4467 2661 4538 proﬁteatur,
2698 4469 2848 4524 dicas
2871 4467 2949 4522 illi
2975 4470 3214 4525 animum
3247 4469 3299 4525 in
3334 4469 3513 4541 lingua

1945 4560 2199 4616 residere.

2332 4651 2518 4709 LXIV.
2560 4653 2804 4710 GESSIO
2835 4652 3108 4710 MEDICO.

2015 4745 2244 4801 Gavisus
2272 4761 2395 4801 sum
2413 4761 2477 4800 eo
2500 4746 2643 4814 quod
2669 4747 2950 4814 pulchrum
2975 4747 3327 4817 Dorotheum,
3356 4765 3514 4819 quem

1948 4840 2096 4892 vobis
2127 4853 2220 4907 per
2262 4838 2466 4893 litteras
2504 4838 3011 4893 commendaveram
3053 4841 3223 4909 prius,
3268 4844 3516 4897 eumdem

1946 4930 2063 4984 vice
2080 4944 2232 4984 versa
2249 4944 2344 4984 vos
2369 4928 2470 4997 ipsi
2500 4929 2629 4983 mihi
2654 4928 2709 4983 in
2733 4930 2959 4999 epistola
2978 4932 3516 4989 commendaveritis:

1947 5020 2074 5089 quid
2102 5021 2244 5075 enim
2279 5021 2449 5090 magis
2476 5020 2679 5076 indicet
2712 5021 2921 5076 litteras
2974 5034 3186 5077 nostras
3240 5035 3517 5094 speratum

1946 5113 2248 5169 Obtinuisse
2278 5113 2630 5199 successum?
2686 5113 2756 5169 Ut
2779 5115 2845 5169 ad
2880 5131 2976 5171 nos
3007 5117 3275 5183 pervenit,
3306 5118 3533 5174 nolebat

1947 5205 2240 5276 quidquam
2265 5203 2467 5270 dicere,
2512 5204 2639 5272 quin
2671 5214 2720 5259 te
2753 5204 2883 5258 mihi
2908 5204 3270 5272 gratissimum
3306 5206 3522 5263 cliicere

1948 5304 2193 5361 cuperet,
2248 5300 2573 5360 tuorumque
2606 5291 2990 5347 beneﬁciorum
3022 5294 3282 5346 memoria
3310 5294 3521 5350 lauare-

1949 5395 2070 5449 tur;
2106 5398 2168 5438 ae
2194 5393 2244 5437 te
2268 5381 2765 5452 frequentissimum
2796 5382 2847 5442 in
2874 5397 2970 5437 ore
2994 5383 3242 5449 habebat,
3276 5394 3335 5439 ut
3358 5387 3523 5439 henc-

1949 5476 2149 5542 volum,
2212 5482 2271 5528 ut
2329 5474 2613 5543 optimum,
2676 5483 2733 5528 ut
2777 5473 2957 5543 lingua
2987 5482 3043 5528 et
3078 5491 3236 5529 manu
3272 5474 3521 5548 Esculupi
3574 5526 3587 5533 -

1949 5570 2254 5638 proximum
2283 5585 2298 5622 :
2334 5583 2506 5637 usque
2524 5568 2658 5622 adeo
2687 5566 2969 5635 medicinae
2987 5550 3334 5637 asperitaiem
3356 5572 3522 5625 vestri

1953 5657 2218 5716 sermonis
2247 5657 2433 5728 gratim
2474 5656 2866 5727 temperabant.
2910 5652 3061 5712 Talia
3109 5657 3378 5728 loquentis
3411 5659 3526 5715 elo-
