4000 6314
453 186 589 259 επι
1781 185 2132 256 PROCOPII
2167 190 2410 255 GAZKEI
3566 188 3721 259 277'!

451 310 555 384 giis
615 321 717 377 ego
765 307 1201 379 praecurrebam,
1253 309 1568 381 priusquam
1631 308 1900 375 audirem,
1939 317 2023 361 tua

2132 306 2389 371 ἐπαίνους
2429 306 2540 375 ἐγὼ
2570 306 2702 377 πρὶν
2727 304 2958 362 ἀκοῦσαι
2999 307 3069 361 τὰ
3099 305 3170 361 σὰ
3197 306 3553 377 διηγούμενος
3572 324 3586 336 ’
3620 312 3712 362 καὶ

450 405 782 464 rarr:ms;et
812 413 828 451 :
869 416 888 450 ι
905 398 1042 454 Eum
1067 397 1176 457 fers
1197 400 1263 456 ad
1287 399 1738 472 glaueaiPalladis
1762 401 1973 467 urbem,
1999 416 2019 450 ι

2126 395 2346 453 Γλαῦκα
2368 398 2555 468 φέρεις
2588 397 2868 469 Ἀθήναζε,
2887 399 3025 468 πρὸς
3049 397 3238 453 τοῦτον
3258 397 3447 467 ελεγον
3470 399 3708 470 μειδιῶνο

449 481 528 542 llli
551 487 785 543 aiebam.
827 486 933 544 Sed
954 493 1032 560 leo
1058 491 1338 547 ardentior
1369 499 1513 559 erat,
1557 501 1612 546 et
1665 490 1872 561 aliquid
1901 490 2023 546 novi

2125 488 2156 540 ὁ
2178 485 2234 540 δὲ
2263 486 2694 559 φιλονεικότερος
2718 482 2808 560 ἦν,
2839 488 2936 542 καὶ
2968 487 3143 544 δοκῶν
3165 505 3218 544 τι
3247 489 3436 544 καινὸν
3461 491 3705 560 ἐπάγειν,

449 592 511 632 se
531 577 732 633 addere
753 586 970 648 putans.
1002 578 1057 634 id
1087 579 1227 650 apud
1262 595 1348 636 me
1372 580 1697 665 jampridem
1729 579 2023 648 repositum

2132 577 2303 632 πάλαι
2334 577 2592 650 κείμενον
2619 577 2842 652 ε’ύρισκε
2872 579 3003 650 παρ’
3034 579 3178 652 ἐμοί.
3215 579 3329 635 Καὶ
3371 580 3494 653 μεθ’
3519 581 3708 653 ἡδονῆς

449 667 780 733 inveniebat,
846 677 959 724 tum
1010 669 1245 726 libenter
1275 672 1469 727 silebat
1524 672 1820 742 deinceps;
1875 680 2027 742 post-

451 771 615 827 quam
647 757 993 816 dictitaverat
1015 775 1076 815 se
1097 761 1303 833 gratias
1324 760 1526 818 habere
1553 761 1676 831 diis,
1700 761 1842 832 quod
1865 761 2024 816 talem

449 847 769 905 obtinuisset
798 851 1143 921 magistrum,
1173 851 1241 908 de
1287 867 1393 922 quo
1441 855 1621 910 omnia
1656 853 1762 909 diei
1794 860 2026 924 possunt

448 948 503 998 et
524 937 656 1019 nihil
681 953 881 996 novum
896 938 1157 998 nuntiari.
1184 943 1267 998 Tu
1285 958 1414 1000 vero
1437 952 1488 999 te
1515 952 1686 1000 totum
1721 943 1788 998 da
1812 943 2022 1015 juveni,

448 1029 540 1096 qui
571 1028 785 1086 etiamsi
813 1029 949 1087 nihil
975 1030 1121 1089 aliud
1147 1032 1397 1100 haberet,
1415 1042 1565 1092 certe
1590 1033 1694 1090 scit
1711 1032 2027 1091 meminisse

449 1116 881 1177 benefactorum.

2124 669 2286 739 ἐσίγα
2325 671 2510 726 λοιπόν
2529 671 2722 743 ’ῖχάριν
2751 670 2923 726 εἰπὼν
2943 670 3090 743 ἔχειν
3116 673 3229 736 τοῖς
3251 671 3428 739 θεοῖς,
3454 674 3503 726 εί
3529 670 3708 728 scroﬁ-

2124 777 2216 814 τον
2265 760 2529 834 εὐτύχησε
2584 760 2945 817 διδάσκαλον·
2985 765 3116 834 περὶ
3158 756 3223 817 οὗ
3259 764 3358 817 καὶ
3411 763 3591 818 πάντα
3617 762 3707 816 λέ·

2132 866 2255 920 γειν
2285 849 2400 904 ἔστι
2424 850 2520 905 καὶ
2555 850 2741 905 καινὸν
2762 850 3122 921 ἐπαγγέλλειν
3143 851 3324 908 οὐδέν·
3349 851 3488 906 ἀλλὰ
3512 851 3709 907 σαυτὸν

2126 938 2249 993 ὅλον
2289 938 2474 1010 φέρων
2507 939 2690 1004 ἐπίδος
2719 939 2798 1008 τῷ
2827 940 2955 1012 νέῳ,
2984 939 3044 1005 ὃς
3078 940 3130 994 εί
3164 941 3259 995 καὶ
3289 943 3460 1013 μηδὲν
3497 941 3706 1016 ἕτερον,

2127 1031 2439 1105 μεμνῆσθαι
2454 1031 2592 1102 γοῦν
2619 1028 2727 1087 οἵδε
2749 1032 2858 1088 τῶν
2881 1032 2944 1088 εὖ
2970 1032 3286 1089 ποιούντων.

947 1210 1110 1270 va.
1148 1210 1519 1296 amoeno.

2657 1210 2780 1296 εευ.
2850 1210 3178 1286 annexa.

522 1301 792 1368 Quantum
829 1304 973 1360 Circa
1002 1313 1054 1359 te
1088 1319 1183 1376 spe
1215 1290 1485 1361 fallebar!
1566 1305 1830 1362 Putabam
1876 1306 2023 1362 enim

2199 1308 2371 1378 Ὅσης
2398 1305 2492 1361 ἐπὶ
2519 1305 2604 1360 σοι
2631 1290 2744 1377 τῆξ
2760 1306 2982 1371 ἐλπίδος
3021 1305 3362 1379 διήμαρτονί
3392 1304 3552 1378 ᾤμην
3598 1305 3705 1380 γάρ

448 1398 524 1459 te,
567 1392 657 1448 vix
688 1408 719 1450 e
749 1395 1055 1451 medicinali
1101 1397 1245 1452 victu
1293 1397 1603 1466 liberatum,
1656 1399 1724 1455 ad
1767 1413 1866 1455 nos
1894 1411 2023 1454 ren-

2124 1417 2185 1454 σε
2235 1396 2391 1469 μόλις
2433 1397 2682 1469 ἰατρικῆς
2729 1397 2862 1468 ὕλης
2906 1397 3328 1469 ἀπηλλαγμένον
3377 1399 3515 1469 πρὸς
3559 1400 3700 1470 ἡμᾶς

449 1495 632 1538 turum
669 1484 946 1557 deinceps,
971 1487 1086 1545 sive
1103 1496 1162 1543 ut
1188 1489 1547 1560 philosophia:
1577 1499 1628 1546 te
1649 1489 1806 1546 dares
1835 1505 2022 1546 secun-

2127 1490 2264 1546 ἰέναι
2313 1490 2528 1545 λοιπόν·
2579 1489 2691 1543 εἴτε
2739 1489 3180 1560 φιλοσοφήσαντα
3233 1490 3376 1544 κατά
3421 1489 3524 1554 τάς
3574 1489 3701 1563 πρὶν

449 1575 578 1629 dum
625 1585 713 1631 tua
760 1578 1052 1649 promissa,
1109 1580 1224 1636 sive
1267 1582 1531 1636 duntaxat
1576 1590 1634 1637 ut
1661 1596 1758 1637 nos
1785 1582 2021 1637 videres.

2125 1584 2481 1655 ὑποσχέσεις,
2522 1582 2635 1636 εἴτε
2666 1583 2762 1636 καὶ
2798 1582 2959 1652 μόνον
2999 1581 3300 1652 ὀψόμενονο
3339 1582 3406 1636 σὺ
3435 1581 3491 1636 δέ
3535 1599 3696 1637 κατα·

448 1660 530 1721 Tu
545 1681 674 1722 vero
697 1669 853 1725 nobis
873 1685 1054 1727 moras
1071 1673 1266 1744 nectis,
1286 1673 1669 1729 Alexandriam
1686 1671 2020 1742 desiderans,

2124 1648 2321 1736 τείνεις
2361 1673 2538 1744 ἡμᾶς,
2582 1671 2682 1744 τὴν
2731 1648 3086 1744 Ἀλεξάνδρου
3107 1648 3338 1738 -ποθῶν,
3385 1672 3480 1726 καί
3512 1671 3700 1743 ὥσπερ

447 1764 503 1812 et
538 1758 691 1828 quasi
720 1757 1158 1831 LotOphagorum
1216 1772 1377 1819 terrae
1431 1761 1723 1820 inhaerens.
1768 1762 1872 1819 Sed
1905 1779 2022 1819 mea

2124 1763 2453 1833 λωτοφάγων
2494 1766 2599 1834 γῆς
2621 1762 3002 1834 ἀντεχόμενος.
3049 1762 3191 1842 Ἀλλ’
3231 1762 3368 1834 ἐμοῦ
3406 1762 3505 1834 μὲν
3532 1764 3696 1819 ἕνεκα

445 1850 621 1918 gratia
657 1849 777 1904 sine
805 1849 1115 1909 Macedonis
1151 1854 1336 1908 urbem
1361 1854 1546 1908 multis
1568 1868 1796 1925 regnare
1820 1854 2022 1924 lepori-

2124 1853 2331 1910 νικάτω
2356 1854 2542 1926 χάρισι
2572 1853 2795 1918 πολλαῖς
2831 1853 2924 1909 τοῦ
2953 1854 3267 1919 Μακεδόνος
3310 1857 3345 1928 ἡ
3398 1856 3577 1922 πόλις,
3603 1857 3698 1910 καὶ⁸

367 1930 379 1939 ’
448 1941 551 1998 bus
604 1951 660 1998 et
710 1942 815 1999 Nili
867 1945 1144 2017 marisque
1210 1944 1618 2016 pulchritudine
1670 1946 1896 2019 gestire.
1965 1944 2021 2001 Si

2124 1947 2318 2002 Νείλου
2349 1947 2447 2001 καί⁴
2469 1946 2738 2018 θαλάττης
2759 1945 2931 2019 ἐχέτω
2955 1945 3136 2010 καλῶς
3154 1962 3169 1980 ·
3196 1947 3250 2001 εί
3270 1947 3330 2002 δὲ
3365 1947 3470 2002 καὶ
3486 1947 3699 2003 Μοῦσαι

447 2039 631 2091 tamen
652 2035 797 2092 hanc
824 2036 997 2107 ipsam
1027 2039 1216 2093 urbem
1241 2037 1408 2094 Musae
1437 2040 1704 2106 habitant,
1743 2055 1830 2095 me
1855 2042 2020 2094 etiam

2124 2040 2329 2111 ταύτην
2353 2040 2614 2106 οἰκοῦσιν,
2640 2039 2785 2110 ἔχεις
2810 2038 3136 2094 ἐπαινοῦντα
3157 2039 3303 2112 κάμέ
3320 2055 3339 2072 ο
3361 2040 3498 2094 ἀλλά
3525 2038 3697 2095 ταῦτα

445 2125 615 2181 habes
663 2125 1029 2193 laudatorem;
1091 2128 1188 2184 sed
1238 2129 1358 2185 haec
1391 2129 1505 2184 sint
1534 2130 1602 2184 ad
1633 2129 2020 2200 quiescendum

2125 2129 2261 2199 πρὸς
2286 2129 2387 2200 τὴν
2420 2129 2552 2200 παρ’
2596 2130 2731 2202 ἡμῖν
2760 2126 2992 2200 ἡσυχίαν
3032 2130 3130 2184 καὶ
3157 2129 3256 2202 τὴν
3292 2128 3613 2199 φιλοσοφίαν
3632 2128 3695 2201 ἢν

445 2217 588 2285 apud
628 2229 728 2272 nos
772 2225 839 2273 et
859 2217 1291 2288 amplectendam
1341 2219 1487 2275 illam
1524 2235 1686 2291 quam
1735 2236 1878 2291 saepe
1907 2236 2023 2291 spe-

2124 2217 2386 2279 πολλάκις
2425 2216 2773 2288 ἠλπίκαμενο
2826 2215 3024 2272 οὐκοῦν
3072 2217 3246 2272 τᾶλλα
3295 2217 3548 2288 καθάπερ
3581 2219 3699 2273 τινὰ

445 2309 686 2364 ravimus
727 2306 1146 2380 philosophiam.
1188 2308 1330 2377 Ergo
1378 2312 1586 2383 reliqua
1641 2327 1822 2368 meras
1877 2312 2023 2367 velut

2124 2308 2394 2381 φλυαρίαν
2448 2309 2899 2380 ἀποσεισάμενος,
2936 2307 3107 2381 μιμοῦ
3151 2310 3411 2364 Ὀδυσσέα
3439 2311 3583 2382 πρὸς
3600 2312 3700 2380 τὴν

444 2399 680 2469 ineptias
710 2401 984 2472 rejiciens,
1029 2403 1244 2460 imitare
1275 2404 1529 2476 Ulyssem
1568 2405 1635 2460 ad
1665 2420 1849 2460 veram
1877 2402 2022 2459 itha-

446 2501 564 2541 cem
613 2488 948 2558 respiciens;
996 2504 1062 2546 ac
1093 2490 1226 2546 nihil
1283 2503 1333 2546 te
1378 2491 1657 2562 impediat,
1710 2507 1815 2546 non
1857 2490 2020 2557 lotus,

446 2593 552 2649 non
581 2576 760 2642 Circe,
785 2594 889 2634 non
925 2577 1174 2652 Calypso.
1207 2582 1303 2638 sed
1324 2591 1530 2651 quanto
1563 2583 1768 2653 majora
1798 2581 2022 2637 festinus

445 2676 513 2725 ad
541 2672 755 2741 bravia,
784 2682 931 2728 tanto
962 2672 1304 2730 Laertiadem
1333 2691 1677 2746 superemus.

942 2764 1130 2822 LXVI.
1172 2765 1555 2824 STEPHANO.

514 2849 682 2917 Nihil,
717 2864 780 2908 ut
801 2854 1033 2922 videtur,
1059 2870 1168 2910 non
1201 2870 1427 2912 aureum
1457 2857 1636 2914 cernis
1665 2874 1680 2914 :
1714 2858 1816 2914 hoc
1838 2869 2020 2916 autem

2124 2399 2295 2463 ὅντως
2352 2396 2564 2469 Ἰθάκην
2604 2399 2767 2470 ὀρῶν.
2819 2401 2929 2453 Καὶ
2991 2400 3156 2470 μηδέν
3205 2416 3265 2453 σε
3301 2399 3591 2465 κωλυέτω,
3626 2400 3699 2472 μὴ

2123 2489 2322 2553 λωτδς,
2358 2489 2434 2559 μὴ
2466 2488 2668 2559 Κίρκη,
2697 2488 2772 2562 μὴ
2813 2489 3056 2561 Καλυψώ
3076 2507 3091 2522 ’
3138 2491 3257 2545 ἀλλ’
3286 2493 3399 2563 δσῳ
3423 2494 3554 2564 περὶ
3584 2511 3701 2564 μει-

2123 2583 2292 2648 ζόνων
2317 2583 2514 2656 ἐπείγῃ
2544 2582 2650 2638 τῶν
2679 2583 2877 2651 ἄθλων,
2903 2584 3158 2638 τοσοῦτον
3180 2584 3423 2657 Λαέρτου
3464 2586 3698 2656 νικήσω-

2169 2689 2248 2732 εν.

2128 2691 2248 2744 μη
2649 2764 2791 2832 εςι.
2828 2760 3165 2838 armario.

2196 2856 2383 2924 Οὐδὲν,
2405 2854 2480 2920 ὡς
2503 2853 2699 2922 ἔοικεν,
2732 2857 2761 2910 δ
2788 2873 2841 2908 τι
2861 2855 2938 2928 μὴ
2958 2858 3184 2929 χρυσίον
3210 2858 3345 2931 όρᾷς
3365 2875 3380 2890 ⁸
3407 2858 3530 2928 ἄγει
3559 2858 3613 2912 δέ
3637 2871 3694 2910 σε

445 2941 623 3011 ipsum
659 2953 708 2999 te
740 2943 953 3000 extollit
985 2955 1040 3000 et
1077 2947 1278 3001 elatum
1310 2945 1461 3016 facit,
1493 2959 1546 3003 et
1576 2950 1784 3004 auratis
1833 2951 2023 3022 imagi-

2126 2949 2262 3003 αὐτὸ
2288 2950 2383 3003 καί
2438 2950 2586 3002 ποιεί
2625 2948 2940 3021 μετάρσιον,
2969 2950 3066 3003 καὶ
3090 2949 3311 3022 χρυσῶν
3341 2949 3579 3005 εἰδώλων
3605 2953 3694 3008 ἀν-

445 3035 787 3123 nihustnam
822 3036 1009 3108 implet
1059 3037 1521 3110 imaginationem.
1591 3039 1670 3094 Ex
1731 3056 1840 3110 quo
1877 3043 2022 3096 enim

447 3127 543 3182 tibi
572 3128 639 3184 ad
662 3132 1027 3187 excusandam
1068 3147 1273 3186 moram
1298 3132 1492 3203 scripsi
1521 3147 1626 3187 non
1653 3134 1834 3188 omnia
1867 3133 2026 3189 nobis

445 3218 580 3275 dare
611 3220 1074 3290 circumstantias,
1125 3222 1219 3279 sed
1271 3237 1335 3278 ea
1371 3239 1492 3294 qua:
1525 3224 1591 3278 ad
1642 3225 2022 3279 necessitatem

449 3311 621 3364 fatum
645 3323 922 3366 mensurat
949 3311 1064 3383 (per
1092 3312 1470 3368 necessitatem
1510 3312 1889 3382 intelligendo,
1916 3329 2022 3369 non

447 3403 762 3457 divitiarum
794 3405 1101 3473 penuriam,
1151 3404 1249 3462 sed
1289 3404 1417 3460 illud
1473 3405 1526 3460 in
1577 3408 1773 3476 quoda
1806 3407 2022 3463 fortuna

448 3493 757 3565 ducimur);
783 3503 837 3549 tu
871 3494 924 3550 in
949 3510 1138 3552 aurum
1172 3506 1315 3552 totus
1336 3497 1603 3566 insiliens,
1629 3499 1757 3552 mihi
1787 3500 2022 3570 compati

449 3581 722 3636 \idebaris
761 3582 1043 3656 indigenti,
1087 3595 1143 3642 et
1175 3587 1459 3657 quaerebas
1498 3587 1662 3643 solari
1694 3588 2024 3645 conferendo

448 3672 847 3744 philosophiam
884 3674 1112 3747 divitiis,
1154 3677 1385 3746 perinde
1411 3695 1476 3735 ae
1527 3679 1573 3734 si
1615 3694 1716 3749 ego
1749 3696 2022 3752 gemerem

447 3766 590 3835 quod
619 3782 726 3822 non
749 3767 924 3825 Croesi
958 3768 1175 3826 talentis
1193 3771 1461 3825 abundem
1496 3788 1511 3824 :
1547 3771 1692 3827 hunc
1719 3773 1811 3828 tibi
1827 3787 2022 3828 sonum

448 3872 612 3911 aures
637 3868 947 3924 susurrant,
984 3869 1040 3915 et
1076 3875 1265 3916 omnes
1285 3860 1352 3916 de
1369 3875 1502 3919 auro
1533 3863 1817 3932 loquentes
1836 3861 2025 3918 audire

451 3948 543 4002 tibi
565 3948 784 4004 videris.
803 3949 964 4021 Quid,
999 3967 1094 4021 per
1115 3949 1330 4021 Jovem,
1356 3963 1408 4008 te
1439 3952 1493 4008 in
1527 3953 1832 4025 lmjusmodi
1856 3954 2024 4008 bene-

450 4037 736 4096 volentiam
767 4043 1019 4098 induxit?
1047 4043 1328 4110 Quomodo
1363 4059 1446 4100 me
1476 4060 1793 4101 excusarem
1829 4061 1858 4098 a
1889 4043 2024 4100 scri-

450 4133 608 4187 bendi
646 4148 818 4202 mora,
846 4136 1088 4204 pecuniae
1131 4135 1487 4207 indigentiam
1524 4135 1853 4207 allegando?
1901 4146 2022 4191 tan-

449 4240 609 4292 quam
643 4228 688 4280 si
728 4226 895 4282 multo
926 4224 1304 4285 circumﬂuere
1346 4241 1482 4283 auro
1527 4227 1746 4285 deberet
1777 4228 1867 4296 qui
1917 4227 2025 4297 epi-

2125 3038 2326 3112 έπληοέ
2360 3055 2454 3093 σου
2480 3037 2573 3091 τὸν
2605 3036 2752 3094 νοῦν.
2794 3038 2960 3108 Ἐμοῢ
2991 3038 3100 3112 γάρ
3125 3057 3207 3111 σοι
3236 3039 3369 3115 περί
3388 3041 3587 3114 σχολῆς
3609 3057 3696 3110 γει

2124 3129 2422 3199 γραφότος,
2456 3128 2532 3192 ὡς
2552 3129 2614 3182 οὗ
2653 3126 2832 3183 πάντα
2865 3128 3082 3183 δίδωσιν
3104 3133 3238 3202 ἡμῖν
3261 3135 3290 3186 ὁ
3323 3131 3535 3203 καιρὸς,
3580 3129 3695 3186 ἀλλ’

2124 3224 2227 3276 ὅσα
2263 3219 2400 3292 πρὸς
2426 3220 2525 3290 τὴν
2545 3220 2739 3291 χρείαν
2764 3221 2976 3295 ἀνάγκη
3005 3225 3213 3295 μετρεῖ,
3246 3223 3346 3277 καὶ
3375 3223 3570 3294 χρείαν
3616 3224 3693 3276 εἰ·

2124 3311 2343 3376 πόντος,
2381 3310 2442 3364 ού
2493 3310 2592 3381 τὴν
2629 3309 2731 3366 τῶν
2785 3312 3089 3384 χρημάτων
3113 3313 3345 3379 ἔνδειαν,
3378 3313 3494 3368 ἀλλ’
3521 3313 3606 3384 ἐφ’
3651 3307 3695 3384 ᾧ

2123 3402 2256 3474 περί
2283 3402 2382 3473 τῆς
2405 3400 2575 3472 τύχης
2601 3403 2873 3474 ἀγόμεθα,
2903 3404 2968 3457 σὺ
3016 3404 3157 3476 πρὸς
3201 3403 3264 3460 τδ
3291 3405 3531 3476 χρυσίον·
3563 3404 3694 3470 δλως

2123 3494 2394 3564 ὁρμήσας,
2419 3493 2514 3547 καὶ
2544 3493 2904 3564 συνάχθεσθαί
2933 3511 3024 3565 μοι
3075 3494 3283 3558 ἐδόκεις
3308 3493 3642 3566 ὴπορημένῳ
3665 3509 3680 3523 ·

2123 3584 2219 3638 καὶ
2249 3572 2604 3654 παραμυθίαν
2643 3584 2880 3656 ἐζήτεις,
2928 3586 3028 3656 τὴν
3083 3585 3409 3655 φιλοσοφίαν
3442 3584 3689 3639 ἀντιτάτ-

2123 3690 2232 3728 των
2259 3677 2373 3737 τοῖς
2403 3674 2684 3746 χρήμασιν
2702 3689 2722 3708 ο
2747 3675 2823 3739 ὡς
2853 3675 2989 3746 ἐμοῦ
3038 3674 3106 3746 δὴ
3140 3675 3566 3740 στένοντος,,ὂτι
3618 3675 3691 3745 μὴ

2121 3767 2235 3828 τοῖς
2264 3765 2496 3836 Κροίσου
2553 3764 2838 3830 ταλάντοις
2879 3765 3205 3837 ἁϐρύνομαι,
3253 3765 3397 3821 οὕτω
3441 3764 3691 3837 περιϐομ-

2123 3855 2210 3932 ϐεζ
2247 3872 2339 3910 σου
2369 3854 2439 3910 τά
2463 3849 2599 3921 ὦτα,
2646 3857 2742 3910 καὶ
2763 3855 2982 3912 πάντων
3012 3856 3191 3920 δοκεῖς
3238 3858 3461 3928 χρυσίον
3504 3857 3690 3926 λεγόν-

2121 3962 2232 3998 των
2265 3944 2518 3999 ἀκούεινο
2546 3945 2602 3999 τί
2627 3944 2735 4015 γάρ
2766 3961 2850 4012 σε,
2881 3945 3021 4018 πρὸς
3049 3945 3192 4010 Διὸς,
3233 3944 3330 3999 ἐπὶ
3365 3945 3571 4016 ταύτην
3601 3945 3695 3997 ἐπ-

2122 4035 2226 4106 ῆγε
2251 4033 2350 4107 τὴν
2370 4033 2614 4102 εὖνοιανς
2640 4034 2673 4106 ἢ
2698 4034 2816 4100 πῶς
2833 4034 2902 4090 ἂν
2930 4034 3315 4107 ἀπελογούμην
3346 4038 3478 4106 περὶ
3501 4035 3596 4090 τοῦ
3620 4035 3690 4106 μὴ

2123 4129 2356 4201 γράφειν
2393 4126 2684 4190 ἐπιστολὰς
2710 4125 3010 4199 χρημάτων
3061 4125 3270 4182 ἔνδειαν
3317 4126 3689 4200 προϐαλλόμε·

2122 4234 2248 4286 νος;
2273 4218 2349 4282 ὡς
2397 4216 2517 4271 δέον
2559 4215 2742 4287 πολλῷ
2772 4217 3171 4289 καταρρεῖσθαι
3201 4217 3412 4288 χρυσίῳ
3452 4220 3544 4271 τὸν
3576 4218 3694 4270 ἑπι-

450 4319 643 4372 stolam
671 4320 872 4383 mittit;
908 4319 1038 4384 imo,
1066 4321 1111 4375 si
1130 4321 1345 4388 quidem
1369 4320 1569 4390 aliquid
1595 4320 1761 4384 aliud,
1784 4319 2022 4376 scribere

2129 4308 2439 4363 στέλλοντα.
2468 4308 2580 4363 Καὶ
2613 4307 2719 4379 μὴν
2775 4306 2936 4379 εἰπερ
2962 4323 3018 4361 τι
3042 4307 3136 4362 καὶ
3187 4308 3338 4374 ἀλλο,
3375 4310 3436 4362 τὸ
3464 4309 3695 4381 γράφειν

449 4421 532 4464 est
561 4411 930 4479 independens
965 4419 1020 4466 et
1055 4424 1085 4464 ιι
1118 4409 1257 4465 Pluti
1303 4409 1508 4464 ditione
1550 4409 1800 4466 liberum.
1841 4409 2026 4480 itaque

451 4516 605 4555 mens
638 4513 725 4555 tua
756 4503 1011 4572 passione
1045 4501 1294 4555 laborare
1325 4499 1560 4567 videtur,
1589 4516 1710 4554 nam
1740 4500 2023 4560 inclinatio

450 4595 504 4648 in
537 4592 742 4662 aliquid
767 4592 949 4647 omnia
978 4591 1032 4646 in
1064 4595 1166 4647 hoc
1193 4591 1482 4658 convertit,
1529 4584 1587 4646 el
1615 4591 1829 4647 illusum
1861 4592 2027 4649 habet

450 4687 713 4739 auditum.
736 4685 814 4739 Ac
838 4699 1028 4739 vereor
1053 4699 1142 4750 ne,
1174 4684 1219 4739 si
1252 4682 1327 4740 de
1346 4682 1457 4756 lyra
1489 4682 1682 4754 loquar
1720 4683 1799 4738 vel
1823 4699 2024 4756 equum

450 4777 745 4840 nominem,
799 4784 852 4830 tu
881 4790 1069 4859 rursus
1099 4790 1290 4830 aurum
1321 4774 1508 4832 audire
1540 4775 1635 4830 tibi
1669 4775 1924 4839 videaris,
1963 4785 2021 4830 et

449 4871 587 4926 alios
608 4868 772 4924 solari
803 4883 1056 4937 qumrens
1102 4868 1217 4939 ipse
1246 4867 1452 4923 medico
1482 4883 1660 4938 egeas.
1719 4865 1812 4923 Sic
1845 4867 2025 4938 pueri-

450 4967 572 5018 liter
603 4973 782 5018 tecum
807 4961 994 5031 ludere
1017 4970 1240 5016 coaetus
1262 4975 1404 5026 sum,
1430 4961 1676 5028 meisque
1717 4958 1913 5015 litteris
1938 4958 2023 5015 in-

398 5104 408 5111 .
449 5071 632 5112 serere
668 5055 813 5111 nisus
858 5070 997 5125 quos
1025 5053 1242 5108 cohibui
1279 5063 1425 5107 tuam
1454 5052 1682 5122 legendo
1713 5051 2020 5122 epistolam.

449 5146 529 5205 Tu
558 5164 707 5212 vero,
727 5148 898 5201 detua
935 5144 1188 5217 passione
1215 5145 1491 5213 paululum
1517 5146 1820 5211 remittens,
1838 5144 2024 5224 scribe

448 5243 708 5311 deinceps
737 5239 1122 5310 sapientiorem
1154 5238 1462 5309 epistolam.

958 5418 1169 5476 LXVII.
1207 5416 1526 5475 DlODORO.

523 5511 950 5570 Timidissimum
972 5513 1318 5569 Timotheum
1352 5526 1447 5566 sua
1478 5510 1693 5580 quidem
1722 5509 1929 5565 indoles
1956 5509 2021 5563 ad

453 5587 935 5685 quieteinimitat,
967 5602 1191 5660 molesta
1231 5617 1356 5661 vero
1390 5602 1603 5660 fortuna
1637 5602 1742 5658 vim
1781 5600 2019 5658 inferens

2127 4400 2428 4471 αὐτόνομόν
2453 4399 2513 4454 τέ
2528 4400 2645 4454 ἐστι
2662 4399 2758 4454 καὶ
2779 4400 2881 4472 τῆς
2901 4401 2967 4454 ὲκ
2987 4400 3082 4454 τοῦ
3114 4398 3350 4455 πλούτου
3379 4400 3691 4464 δυναστείας

2125 4493 2447 4568 ἐλεύθερονο
2475 4493 2618 4549 οὕτω
2675 4510 2759 4548 σοι
2796 4493 2866 4547 τά
2908 4492 3011 4564 τῆς
3041 4485 3301 4558 διανοίας
3332 4494 3439 4550 ὑπὸ
3468 4494 3563 4550 τοῦ
3593 4492 3692 4547 πά-

2126 4586 2252 4650 θους
2283 4586 2568 4657 ἐλέγχεται
2592 4601 2608 4616 °
2633 4584 2868 4658 ῥέψασαι
2902 4585 3011 4656 γὰρ
3058 4585 3294 4639 ἐνταῦθα
3342 4586 3522 4639 πάντα
3559 4585 3703 4656 πρὸς

2124 4678 2285 4733 τοῦτο
2306 4678 2610 4748 μεταποιεῖ,
2636 4679 2732 4731 καὶ
2750 4676 3220 4749 συναπατωμένην
3235 4677 3349 4750 ἔχει
3370 4677 3468 4748 τὴν
3486 4679 3656 4746 ἀκοήν
3672 4691 3689 4707 ο

2125 4769 2222 4825 καὶ
2255 4769 2487 4833 δέδοικα,
2515 4767 2590 4840 μὴ
2611 4768 2718 4822 κᾶν
2731 4767 2926 4839 λυρίαν
2947 4770 3084 4823 εῐπω
3100 4770 3205 4822 κᾶν
3227 4769 3395 4823 ἵππον
3417 4766 3689 4838 ὀνομάσω,

2124 4864 2289 4919 πάλιν
2318 4862 2488 4928 δόξεις
2516 4852 2739 4934 χρυσίον
2767 4860 2988 4916 ἀκούειν
3008 4877 3025 4894 ο
3056 4862 3150 4916 καὶ
3181 4861 3311 4925 τοὺς
3361 4859 3553 4924 ἄλλους
3584 4877 3690 4914 πα-

2126 4954 2561 5030 ραμυθούμενος,
2593 4952 2757 5017 αὐτὸς
2783 4951 3060 5027 δεήσῃτοῦ
3075 4951 3469 5023 θεραπεύοντος
3485 4969 3500 4982 ·
3518 4949 3689 5005 ταῦτα

2124 5047 2342 5112 παίζειν
2385 5042 2636 5116 ὑπήχθην
2665 5043 2806 5114 πρὸς
2834 5043 2917 5107 σέ,
2953 5043 3047 5097 καὶ
3095 5044 3209 5107 τοῖς
3250 5043 3574 5114 γράμμασιν
3603 5043 3691 5096 ἐνο

2122 5139 2294 5192 θεῖναι
2315 5137 2407 5190 τὸν
2443 5136 2678 5204 γέλωτα,
2695 5133 2754 5188 δν
2775 5133 3016 5202 ὑπέστην
3055 5132 3446 5203 ἀναγινώσκων
3473 5151 3566 5188 σου
3593 5134 3693 5204 τὴν

2123 5229 2418 5299 ἐπιστολήν
2442 5244 2455 5257 ο
2487 5227 2554 5282 σὺ
2586 5226 2645 5280 δέ
2674 5225 2872 5297 μικρὸν
2913 5225 3009 5280 τοῦ
3043 5225 3249 5290 πάθους
3275 5226 3479 5293 ἐνδοὺς,
3512 5224 3691 5297 γράφε

2121 5321 2310 5377 λοιπὸν
2341 5319 2724 5391 σωφρονοῦσαν
2754 5317 3062 5388 ἐπιστολήν.

2663 5409 2787 5466 ΞΖν.
2836 5407 3135 5482 mouera.

2204 5505 2310 5558 Τὸν
2343 5501 2738 5556 εὐλαϐέστατον
2770 5499 3034 5573 Τιμόθεον
3060 5500 3122 5552 τὸ
3173 5498 3273 5570 μὲν
3330 5501 3519 5572 σχῆμα
3554 5500 3690 5573 πρὸς

2128 5594 2362 5671 ἡσυχίαν
2392 5594 2568 5661 καλεῖ,
2595 5592 2665 5650 τά
2695 5593 2750 5648 δὲ
2765 5593 2864 5665 τῆς
2888 5591 3058 5665 τύχης
3084 5591 3306 5664 λυπηρά
3334 5593 3433 5666 τὴν
3451 5594 3692 5665 ἀνάγκην
