3966 6318
249 180 392 244 2H3

1671 176 1791 236 ΕΡ]
1803 175 2080 236 S'l‘OL/E.

3370 169 3511 234 2774

249 295 528 360 ιπάγοντα
579 292 674 346 καὶ
705 291 803 362 τὴν
847 293 980 362 πρὸς
1022 293 1164 363 ὑμᾶς
1207 291 1325 348 ὁδὸν
1367 287 1611 344 κελεύει’
1663 285 1821 339 τοῦτο

1927 301 2050 341 eum
2069 287 2134 342 ad
2155 300 2248 343 vos
2267 286 2344 342 ire
2367 285 2529 356 cogit.
2553 284 2686 340 iiuic
2702 282 2846 339 enim
2863 290 2950 338 est
2967 288 3114 352 pater
3137 295 3314 335 rerum
3338 287 3515 332 muta-

249 386 358 452 γάρ
382 385 502 438 ἐστι
550 385 734 456 πατὴρ
763 387 828 438 ὲκ
883 386 1190 457 μεταϐολῆς
1217 385 1438 456 ἀπόρων
1469 400 1482 414 ·
1517 379 1736 448 ἀδελφοὶ
1767 377 1824 430 δὲ

251 472 448 542 πλήθει
476 475 569 528 καὶ
601 475 778 546 χρόνῳ
798 474 1123 539 λυποῦντες·
1159 475 1349 527 πολλοὶ
1391 471 1499 542 γὰρ
1547 470 1698 532 ὄντες
1730 467 1824 521 καὶ

250 565 350 634 τὴν
371 566 590 638 ἠλικίαν
622 567 864 639 βραχεῖς,
887 567 967 631 είς
989 566 1088 631 τὰς
1114 567 1209 621 τοῦ
1243 564 1447 636 πατρὸς
1471 565 1658 634 χεῖρας
1688 560 1825 632 ὁρῶ-

252 673 359 710 σινο
399 657 651 712 ἐντεῦθεν
673 659 908 730 χρῆσται
953 659 1052 729 μὲν
1103 657 1309 719 πολλοὶ,
1351 655 1486 714 ἀλλὰ
1534 654 1674 723 πλὴν
1705 653 1822 718 ἑνοῖ

251 747 453 813 πάντες
473 749 848 822 φιλάνθρωποι
871 767 884 782 ο
924 741 1078 813 οὗτος
1105 749 1162 802 δὲ
1207 749 1304 817 τῆς
1337 747 1510 816 τύχης
1550 743 1822 797 συνεπιτί-

250 839 432 892 θεταν
465 833 532 909 ἣν
562 839 671 908 γὰρ
695 839 850 909 μόλις
867 841 1050 901 αὐτοῖς
1072 837 1250 891 οἰκίαν
1267 839 1294 890 ὁ
1319 835 1529 900 δαίμων
1557 833 1818 886 κατέλιπε

245 929 521 991 τοσούτοις
538 929 799 998 χρήσταις
825 927 1242 998 ὑποτιθεμένην,
1279 925 1482 995 ταύτην
1517 924 1675 996 μόνος
1726 922 1823 976 λα-

248 1019 366 1070 ϐεῖν
397 1017 540 1085 ἀξιοῖ
595 1019 834 1074 νικῶσαν
875 1019 1067 1073 τούτου
1122 1020 1184 1072 τὸ
1240 1021 1451 1090 χρέως⁶
1486 1019 1604 1072 δέον
1652 1018 1684 1087 ἢ
1731 1016 1820 1071 τὸν

252 1107 564 1179 ὠνούμενον
592 1109 766 1178 ἄγειν,
781 1113 873 1164 καὶ
885 1109 978 1164 τοῦ
1005 1111 1204 1174 παντὸς
1225 1113 1533 1182 τιμήματος
1565 1110 1627 1162 τὸ
1651 1126 1819 1179 προσ-

245 1198 384 1266 ῆκον
422 1199 628 1265 λαϐεῖν,
664 1201 696 1268 ἢ
742 1201 993 1270 δέχεσθαι
1021 1202 1224 1272 ταύτης
1251 1201 1416 1272 μέρος
1437 1200 1466 1253 ὃ
1487 1199 1580 1253 τοῦ
1625 1202 1817 1270 χρέους

245 1289 638 1359 ἀναπληρώσει
669 1291 729 1342 τὸ
765 1293 966 1363 μέτρον
989 1311 1002 1322 ν
1045 1293 1074 1344 ὁ
1104 1291 1160 1346 δὲ
1188 1293 1286 1362 τὴν
1336 1291 1445 1345 τῶν
1489 1291 1816 1360 ὠνουμένων

244 1381 386 1450 πρὸς
435 1383 496 1434 τὸ
535 1385 709 1450 παρὸν
747 1385 986 1456 ἀπορίαν
1008 1385 1239 1455 ἕρμαιον
1281 1387 1518 1455 ἡγεῖται,
1577 1384 1673 1438 καὶ
1716 1384 1818 1454 τῆς

241 1472 415 1543 τύχης
432 1475 551 1526 ἐστὶ
586 1475 941 1546 πικρότεροςο
977 1477 1116 1530 ἀλλὰ
1146 1477 1289 1530 δίδου
1319 1475 1398 1548 τῷ
1413 1477 1654 1547 δεομένῳ
1681 1475 1817 1548 πρὸς

244 1559 566 1630 συμμαχίαν
589 1561 686 1632 τὴν
707 1563 975 1631 γλῶτταν,
1007 1565 1100 1618 τὸν
1138 1565 1402 1635 δικαστήν
1429 1555 1580 1637 αύτῷ
1637 1583 1818 1638 παρα-

241 1649 527 1714 σκευάζων
549 1653 958 1722 φιλάνθρωπον·
983 1657 1010 1708 ό
1025 1655 1082 1710 δὲ
1102 1655 1285 1710 λυπῶν
1305 1657 1582 1726 πειράσθω
1603 1657 1818 1721 δικαίας
1849 1653 1890 1709 Β

238 1739 509 1816 ἀνάγκης,
541 1745 635 1800 καὶ
671 1746 770 1817 τῆς
806 1748 968 1802 αὑτοῦ
1000 1748 1224 1822 γνώμης
1263 1750 1626 1822 ήμεροτὲρας,
1659 1751 1816 1820 ἢπε-

239 1833 491 1904 ριμένειν
533 1837 626 1891 τὸν
673 1839 1044 1911 ὠνησόμενον,
1078 1843 1111 1914 ἢ
1143 1843 1245 1912 τῆς
1278 1842 1455 1906 οίκίας
1503 1842 1666 1912 μέρος
1693 1844 1816 1896 ὅσον

235 1927 467 1981 άπαιτεί
503 1929 565 1982 τὸ
591 1931 751 2002 χρέος
779 1932 964 1988 λαϐεῖν
985 1953 998 1966 ο
1029 1935 1177 1998 ὅπως
1212 1935 1582 2005 θαυμάσωμεν
1615 1937 1706 1988 καὶ
1753 1935 1814 1989 σὲ

235 2019 336 2088 τῆς
371 2024 844 2092 συμμαχίας,·καὶ
865 2027 964 2094 τῆς
991 2026 1173 2096 ψήφου
1195 2026 1288 2080 τὸν
1316 2026 1597 2097 δικαστήν.

831 2116 959 2172 ειν.
988 2119 1250 2190 ΝΟΝΝῼ.

311 2205 384 2260 Σὺ
418 2204 518 2273 μὲν
545 2176 647 2278 τήν
675 2207 961 2278 ἐρωμένην
995 2176 1237 2279 ἠρνήσω,
1285 2211 1354 2265 τὰ
1387 2212 1556 2282 μείζω
1608 2212 1810 2280 ποθῶν,
1867 2176 1877 2187 υ

235 2297 338 2351 καὶ
393 2297 530 2367 πρὸς
565 2298 871 2370 ἱερωσύνην
911 2301 1408 2370 κατεπειγόμενοςο
1457 2301 1568 2372 ἐγὼ
1622 2304 1678 2359 δέ
1719 2321 1814 2359 σου

216 2392 345 2464 ’τὴν
379 2393 552 2462 καλὴν
580 2397 757 2468 κόμην
788 2397 1077 2470 θαυμάσας
1100 2399 1206 2465 ἀεὶ,
1243 2399 1338 2454 νῦν
1365 2401 1576 2456 δέδοικα
1605 2405 1679 2476 μή
1718 2420 1814 2457 σου

239 2487 621 2556 παρεμποδὼν
675 2489 900 2560 γένηται
959 2493 1025 2561 τῇ
1069 2490 1392 2564 προθυμίᾳ·
1437 2494 1659 2549 ἐπειδὰν
1707 2495 1816 2568 γάρ
1865 2529 1876 2536 -

239 2575 361 2648 ἴδῃς
389 2577 630 2648 παρόντα
661 2580 752 2634 τὸν
802 2580 994 2651 καιρὸν
1045 2583 1139 2635 καὶ
1177 2583 1276 2646 τὰς
1307 2583 1571 2655 ᾀδομένας
1617 2586 1812 2657 τρίχας

242 2667 549 2736 μελλούσας
581 2673 790 2736 πεσεῖν,
815 2671 1114 2742 δακρύσας,
1136 2671 1312 2744 οἶμαι,
1339 2676 1400 2728 τὸ
1427 2675 1594 2739 πάθος
1619 2678 1816 2750 οἰχήσῃ

236 2758 464 2827 φυγών·
491 2760 587 2814 καὶ¹
613 2761 870 2835 ζητήσεις
905 2762 1021 2816 ἀνθ’
1059 2765 1271 2836 ἱερέως,
1308 2767 1538 2837 νυμφίος
1583 2767 1814 2838 ὀφθῆναι

236 2851 410 2914 καλός
434 2867 448 2881 ο
480 2852 576 2906 καὶ
609 2854 768 2908 πάλιν
801 2853 869 2908 ἂν
927 2854 1071 2910 οὕτω
1103 2855 1265 2928 τύχῃ,
1320 2858 1680 2929 μνηστεύσεις
1726 2861 1816 2912 κό-

241 2959 348 3014 ρην
371 2957 385 2971 ·
427 2943 636 2996 καὶτοῦ
665 2946 846 3015 γάμου
883 2947 1149 3016 παρόντος
1173 2950 1307 3018 πρὸς
1335 2951 1636 3020 ἱερωσύνην
1689 2951 1816 3021 σχή-

1934 382 2076 436 tione
2101 381 2152 434 in
2180 378 2460 450 penuriam
2490 375 2749 444 deiectus,
2779 376 2974 430 fratres
2995 384 3172 428 autem
3197 383 3252 426 et
3274 365 3504 424 multitu-

1931 474 2058 529 dine
2088 481 2142 527 et
2169 477 2326 528 aetate
2352 469 2498 524 illum
2524 476 2847 539 gravantes:
2873 481 2996 520 cum
3031 461 3177 517 cnim
3216 461 3330 516 sint.
3355 459 3509 513 multi

1929 575 1984 622 et
2009 565 2168 620 annis
2199 563 2394 629 teneri,
2418 575 2446 614 a
2475 559 2645 630 patris
2671 557 2924 612 manibus
2939 556 3142 610 vietum
3167 560 3508 620 exspectant.

1929 657 2069 712 ilinc
2103 655 2254 711 multi
2281 653 2600 715 creditores,
2626 650 2716 721 qui
2749 647 2968 718 quidem
2995 653 3121 698 sunt
3145 641 3506 710 indulgentes,

1928 767 2035 805 uno
2060 759 2238 804 tamen
2264 754 2512 814 excepto.
2557 745 2664 798 Isle
2697 750 2877 796 autem
2911 753 2976 792 ex
3001 733 3300 792 infortunio
3331 731 3504 785 lucra-

1874 835 1878 840 ’
1929 851 2062 898 tur:
2097 854 2258 911 quam
2283 837 2432 893 enim
2473 835 2578 890 illis
2610 836 2704 905 vix
2747 830 2964 898 reliquit
3001 828 3242 888 fortuna,
3281 822 3502 911 domum

1928 951 1958 990 a
1991 942 2069 989 tot
2091 909 2458 989 creditoribus
2483 925 2784 998 bypotheca
2809 917 3078 981 aﬂectam,
3111 915 3255 970 hanc
3286 911 3384 966 sibi
3403 909 3504 963 soli

1926 1025 2277 1098 apprOpriare
2308 1018 2610 1094 praetendit,
2649 1017 2774 1072 licet
2799 1012 3082 1083 pecuniam
3115 1005 3220 1074 ipsi
3260 1002 3500 1058 debitam

1925 1125 2186 1185 excedat;
2231 1119 2359 1172 dunt
2399 1113 2697 1185 requiritur
2725 1117 2782 1163 nt
2813 1106 2896 1162 vel
2919 1113 3220 1173 emptorem
3255 1099 3414 1153 ducat
3446 1102 3503 1148 et

1925 1229 1990 1269 ex
2019 1219 2132 1268 toto
2163 1211 2337 1281 pretio
2367 1207 2511 1278 quod
2539 1219 2696 1261 suum
2727 1209 2810 1257 est
2836 1203 3100 1260 assumat,
3153 1191 3236 1246 vel
3267 1188 3499 1281 accipiat

1925 1305 2122 1360 domus
2163 1279 2372 1372 partem
2418 1298 2626 1354 credito
2667 1309 2766 1350 suo
2800 1287 3337 1357 correspondentem.
3396 1279 3499 1334 Iste

1925 1411 2053 1452 vero
2083 1393 2383 1451 ementium
2420 1397 2742 1462 praesentem
2797 1382 3174 1440 necessitatem
3219 1390 3317 1446 pro
3350 1373 3501 1426 lucro

1925 1489 2094 1556 ducit,
2129 1495 2187 1542 et
2217 1485 2436 1541 fortuna
2487 1481 2674 1538 durior
2714 1488 2819 1534 est.
2857 1475 2936 1530 Tu
2985 1483 3166 1528 autem
3209 1467 3276 1524 da
3321 1465 3498 1536 egenti

1925 1581 2162 1650 linguam
2199 1578 2252 1633 in
2290 1572 2834 1641 auxilium,judicetn
2866 1569 2916 1624 ei
2951 1566 3192 1638 parando
3216 1557 3502 1626 indulgen-

1922 1681 2027 1728 tem
2057 1689 2070 1738 ;
2107 1676 2424 1741 persecutor
2453 1681 2582 1723 vero
2621 1664 2820 1732 iustam
2855 1660 3172 1729 experiatur
3201 1652 3500 1710 necessita-

1925 1772 2031 1819 tem
2057 1762 2197 1832 (ipso
2227 1758 2346 1828 ejus
2367 1759 2550 1814 animo
2581 1751 2874 1823 mitiorem)
2919 1751 3002 1806 vel
3061 1755 3358 1832 emptorem
3406 1757 3502 1797 ex-

1922 1830 2222 1924 spectandi,
2265 1850 2348 1906 vel
2389 1848 2636 1904 sumendi
2668 1847 2813 1902 hanc
2853 1845 3044 1898 domus
3086 1830 3292 1910 partem
3337 1848 3499 1904 quam

1922 1944 2163 2000 debitum
2193 1943 2420 2012 requirit
2451 1959 2463 1995 :
2497 1950 2556 1995 ut
2583 1939 2918 2024 admirempr
2939 1943 2991 1990 ct
3020 1943 3169 1988 tuutn
3193 1927 3502 2000 praesidium

1921 2043 1976 2091 et
2001 2035 2202 2106 judicis
2228 2033 2576 2091 sententiam.

2471 2119 2700 2177 LXVIII.
2725 2116 2980 2176 ΝΟΝΝΟ.

1996 2215 2078 2272 Τιι
2109 2229 2238 2272 vero
2263 2228 2428 2284 quam
2460 2212 2723 2282 diligebas
2762 2207 3012 2273 renuisti,
3041 2203 3249 2275 majora
3279 2202 3505 2272 cupiens

1921 2316 1976 2366 et
2015 2307 2082 2364 ad
2124 2305 2497 2363 sacerdmium
2547 2314 2869 2370 properans.
2905 2298 3015 2368 Ego
3043 2309 3172 2350 vero
3205 2304 3348 2348 tuam
3387 2293 3504 2361 pnl-

1923 2400 2108 2456 chram
2141 2410 2352 2452 comam
2379 2407 2594 2461 semper
2633 2391 2932 2445 admiratus
2971 2403 3126 2455 sum;
3169 2401 3312 2441 nunc
3340 2386 3504 2438 timeo

1923 2505 1992 2547 ne
2027 2489 2100 2546 sit
2142 2488 2234 2543 tibi
2276 2486 2721 2556 impedimentum
2765 2481 2895 2536 voti.
2936 2479 3072 2536 Cum
3118 2478 3262 2532 enim
3303 2475 3504 2530 videris

1926 2592 2138 2652 tempus
2168 2594 2405 2650 praesens
2432 2577 2581 2634 illabi
2616 2586 2672 2632 et
2697 2576 2998 2632 celebratos
3053 2573 3232 2628 crines
3252 2583 3500 2632 casuros,

1923 2674 1991 2732 de
2038 2671 2291 2744 passione
2331 2669 2538 2735 dolens,
2581 2667 2761 2734 credo,
2807 2665 2978 2736 fugies
3017 2673 3070 2718 et
3115 2673 3324 2730 quaeres
3364 2660 3502 2712 inter

1924 2765 2232 2824 sacerdotes
2260 2762 2540 2832 speciosus
2586 2773 2818 2828 sponsus
2856 2756 3044 2813 videri.
3091 2752 3157 2808 Et
3204 2768 3415 2816 rursus,
3455 2751 3500 2805 si

1923 2857 2036 2914 fors
2063 2856 2265 2922 tulerit,
2285 2853 2548 2924 virginem
2571 2852 2660 2906 tibi
2687 2849 3064 2920 tlespondcbis,
3109 2857 3160 2901 et
3201 2861 3227 2900 a
3248 2843 3496 2914 praesenti

1925 2949 2276 3004 matrimonio
2307 2961 2548 3001 amorem
2581 2945 2646 2997 ad
2688 2942 3051 2998 sacerdotium
3103 2939 3496 2994 transilientem

237 3007 358 3096 σείς
390 3007 792 3117 μεταπηδῶντα
826 3037 916 3090 τὸν
958 3007 1144 3108 έρωτα
1171 3057 1185 3072 ο
1217 3007 1628 3096 ’ἀλλάιπαῦσαί
1685 3007 1815 3097 πὲέε

1927 3041 2165 3100 habebis.
2221 3038 2325 3094 Sed
2375 3038 2625 3098 tandem,
2684 3034 3014 3103 experientia
3047 3034 3267 3097 doctus,
3309 3031 3501 3086 desine

237 3122 431 3194 κύκλῳ
450 3124 768 3196 φερόμενος,
801 3127 900 3198 τὴν
934 3131 1128 3200 πεῖραν
1165 3129 1307 3200 ἔχων
1337 3131 1696 3187 διδάσκαλον·
1733 3135 1820 3188 ἵνα

1927 3131 2256 3188 circumferri

233 3211 318 3283 μὴ
344 3212 506 3266 πάλιν
541 3215 616 3286 μὴ
644 3219 660 3238 ⁶
685 3217 988 3285 ὑποόόλων,
1010 3221 1103 3274 καὶ
1127 3221 1236 3275 σῶν
1271 3221 1555 3278 σπαλίκων
1576 3225 1816 3292 ἀκούσω,

233 3303 334 3357 καὶ
365 3303 468 3358 ὅσα
499 3306 595 3358 νῦν
623 3307 773 3376 ἡμᾶς
805 3307 1210 3374 ὲξεπαίδευσεν.

451 3407 460 3415 ’
521 3397 1030 3472 ΞΘ’.1ΕΡΟΝΥΜῼ
1084 3404 1205 3458 ΚΑΙ
1253 3404 1576 3479 ΘΕΟΔΩΡῼ.

307 3486 420 3558 Τὴν
450 3489 725 3561 ὑμετέραν
759 3490 952 3561 σοφίαν
986 3491 1157 3562 ἔγνων
1181 3492 1284 3566 μὲν
1317 3500 1412 3551 καὶ
1453 3499 1622 3555 πάλαι
1679 3520 1815 3558 παν-

115 3639 126 3649 ,
231 3577 404 3648 ταχοῦ
437 3579 514 3650 τῷ
553 3579 696 3652 λόγῳ
752 3583 1188 3656 προλάμπουσαν
1213 3602 1229 3620 ·
1267 3588 1363 3642 καὶ
1410 3587 1472 3643 ὃν
1521 3591 1553 3660 ἡ
1590 3590 1688 3644 θέα
1740 3593 1814 3665 μὴ

2095 3397 2284 3455 LXIX.
2323 3395 2736 3454 [HERONYMO
2779 3395 2865 3451 ET
2915 3391 3312 3450 TIIEODORO.

1989 3488 2144 3544 llaud
2186 3490 2500 3558 ignorabant
2549 3503 2680 3544 sane
2721 3487 3038 3558 sapientiam
3095 3496 3327 3542 vestram
3371 3500 3494 3554 quae

1915 3581 2073 3651 longo
2113 3581 2314 3637 abhinc
2360 3590 2603 3648 tempore
2640 3579 2869 3634 aliorum
2915 3579 3264 3634 sermonibus
3312 3579 3379 3633 ad
3410 3596 3491 3630 tre

231 3668 534 3740 παρέσχεν,
565 3671 600 3742 ἦ
639 3689 704 3741 γε
749 3676 908 3747 φήμη
964 3679 1269 3748 χαρίζεται,
1315 3680 1480 3751 κοινῷ
1508 3681 1686 3750 βοῶσα
1714 3701 1814 3752 κη-

1927 3682 2261 3742 pervenerat.
2293 3670 2458 3740 Cujus
2490 3671 2535 3727 si
2575 3687 2678 3726 non
2717 3671 2937 3740 proprio
2975 3671 3174 3724 intuitu
3213 3671 3364 3724 testis
3391 3671 3488 3730 fui,

233 3761 478 3832 ρύγματι
509 3763 600 3817 τὸν
633 3768 858 3820 πάππον
889 3768 1166 3840 ὑφήγησιν
1195 3769 1376 3840 νόμων
1431 3775 1811 3846 ἐπιγραφόμε-

229 3868 346 3917 νον,
378 3853 469 3907 τὸν
500 3857 712 3926 πατέρα
741 3857 989 3930 γλώττης
1010 3860 1191 3931 χάριτι
1212 3865 1348 3935 πρὸς
1373 3865 1471 3936 τὴν
1499 3864 1609 3918 τῶν
1626 3867 1808 3936 νόμων

230 3943 540 4014 αὐστηρίαν
570 3947 672 4018 τὴν
703 3950 876 4018 ἀκοὴν
930 3949 1275 4022 ὑποσύροντα
1301 3967 1316 3982 ⁸
1352 3955 1447 4008 καὶ
1496 3957 1562 4010 ὲκ
1602 3957 1808 4014 τούτων

1927 3943 2290 3999 austeritatem
2324 3943 2587 4014 obsequio
2612 3957 2713 3998 suo
2749 3943 3017 4014 mitigare,
3051 3951 3104 3996 et
3130 3959 3223 3998 vos
3253 3959 3318 3999 ex
3369 3945 3488 3999 istis

229 4033 378 4102 ὑμᾶς
405 4035 577 4088 πάντα
599 4037 885 4106 φέροντας,
907 4037 1051 4110 ἅπερ
1070 4041 1271 4095 ἐκεῖνοι
1296 4043 1808 4113 προσλαϐόντες...“⁶

1927 4037 2092 4093 )mnia
2153 4035 2300 4091 ferre
2365 4050 2483 4105 qua:
2526 4034 2602 4090 illi
2664 4045 3108 4104 praeoccupantes
3146 4075 3158 4089 .
3195 4073 3210 4089 .
3259 4077 3272 4092 .
3315 4079 3330 4091 .
3383 4036 3486 4091 sibi

227 4123 538 4192 ἐνείμαντο.
569 4128 666 4182 ’ον
697 4127 789 4182 οῦν
818 4127 990 4197 ἔγνων
1036 4131 1252 4202 πρῶτον
1287 4133 1365 4204 τῷ
1415 4133 1578 4204 λόγῳ,
1611 4135 1706 4190 νῦν
1738 4139 1804 4209 τῇ

1927 4129 2093 4184 ιετιίιί
2153 4138 2298 4183 sunt.
2355 4127 2524 4194 Quem
2574 4127 2920 4182 sermonibus
2975 4129 3202 4182 aliorum
3261 4131 3485 4198 cognovi

229 4217 398 4288 πείρᾳ
423 4217 634 4287 μαθὼν,
661 4219 968 4292 Εὐδαίμων,
1014 4223 1174 4296 ἔφην,
1210 4227 1243 4296 ή
1301 4226 1472 4293 πόλις,
1507 4230 1565 4282 ὲν
1649 4231 1803 4298 γένος

1927 4232 2050 4272 tunc
2079 4217 2408 4287 experientia
2439 4215 2559 4270 novi
2589 4234 2602 4282 ;
2631 4216 2824 4281 Beata,
2857 4217 3101 4286 inquam,
3133 4221 3260 4271 urbs
3289 4219 3340 4272 in
3380 4235 3486 4288 qua

227 4307 373 4362 οὓτω
416 4312 634 4382 σεμνὸν,
660 4313 756 4368 καὶ
787 4317 917 4378 παῖς
943 4317 1008 4370 ὲκ
1035 4318 1240 4388 πατρὸς
1265 4318 1362 4388 τὴν
1391 4316 1569 4391 ἀρχὴν
1625 4321 1802 4376 διαδέ-

1927 4326 2077 4383 genus
2110 4320 2216 4366 tam
2248 4309 2555 4365 venerabile
2597 4319 2651 4364 et
2679 4309 2829 4364 filius
2864 4326 2893 4362 a
2933 4320 3088 4378 patre
3117 4310 3482 4380 principatum

1915 3861 2366 3921 monstraturum,
2415 3863 2625 3924 patrem
2661 3853 2817 3907 dulce
2864 3863 3272 3907 conversantem
3314 3853 3489 3922 legunt

125 4478 128 4481 Ι
229 4415 387 4468 χεται
409 4418 422 4432 ο
452 4403 792 4486 εὐδαιμόνων
821 4406 878 4460 δὲ
910 4409 1160 4479 πατέρων
1179 4411 1386 4477 παῖδες,
1413 4412 1528 4465 ὅσοι
1557 4412 1652 4466 τοῦ
1687 4414 1802 4480 βίου

1927 4410 2118 4466 )btinet
2149 4410 2340 4465 z'beati
2395 4419 2646 4480 parentes
2688 4409 2922 4465 ﬁliorum
2961 4412 3055 4480 qui
3094 4413 3216 4467 vita:
3247 4427 3394 4481 Spem
3430 4414 3481 4466 in

225 4492 330 4554 τὰς
361 4495 583 4560 ἐλπίδας
633 4495 720 4566 ἐφ’
751 4499 886 4568 ἡμῖν
947 4501 1276 4572 ἐποιήσαντο
1303 4517 1318 4532 ο
1371 4503 1486 4557 ἀλλ’
1520 4505 1633 4558 εἴθε
1685 4521 1804 4570 πως

1927 4501 2063 4556 nobis
2106 4511 2424 4572 posuerunt.
2459 4500 2676 4558 Utinam
2714 4501 2992 4558 vobiscum
3029 4516 3148 4558 esse
3183 4506 3482 4573 potuissem

223 4582 502 4656 ἐδυνάμην
531 4588 772 4642 συνεῖναι
805 4590 899 4643 καὶ
917 4591 1019 4660 τῆς
1055 4592 1156 4661 σῆς
1179 4595 1542 4666 ἐμφορεῖσθαι
1572 4597 1796 4650 παιδεύ-

1927 4610 1968 4649 lC
1992 4605 2168 4650 vestra
2195 4593 2299 4648 frui
2339 4595 2655 4664 disciplina!
2683 4594 2785 4650 Sed
2823 4597 3050 4650 multum
3082 4597 3392 4652 hominibus
3428 4599 3480 4652 in

227 4689 369 4737 σεως
399 4691 414 4708 ο
445 4675 583 4729 ἀλλὰ
611 4677 754 4748 μέγα
794 4682 912 4744 τοϊς
939 4681 1252 4754 ἀνθρώποις
1279 4687 1361 4748 είς
1382 4685 1548 4740 πόθον
1593 4689 1741 4742 ἐστὶν
1764 4693 1797 4762 ή

1927 4683 2170 4739 lesiderio
2198 4695 2282 4740 est
2310 4685 2567 4754 patria,et
2594 4685 2746 4740 testis
2765 4697 2849 4739 est
2883 4687 3100 4756 Ulysses
3127 4691 3216 4758 qui
3247 4700 3306 4744 ut
3335 4689 3481 4746 Itha-

225 4765 428 4870 ιιτὲριτρίς
458 4783 473 4799 ⁸
508 4767 604 4822 καὶ
632 4771 846 4842 μάρτυς
885 4773 1177 4838 Ὀδυσσεὺς
1223 4777 1322 4848 τὴν
1374 4779 1618 4848 Καλυψὼ
1653 4798 1795 4853 παρ-

1927 4794 2018 4830 :am
2069 4777 2276 4831 videret
2317 4777 2549 4848 Calypso
2597 4778 2872 4847 despexit.
2915 4780 3138 4849 Insuper
3169 4797 3274 4836 non
3317 4783 3479 4839 licere

229 4849 357 4906 ιδὼν
387 4855 476 4910 ἴνα
505 4857 604 4928 τὴν
649 4859 871 4932 Ἰθάκην
909 4863 1204 4936 θεάσηταιο
1237 4869 1373 4938 πρὸς
1403 4869 1459 4923 δὲ
1487 4871 1581 4925 καὶ.
1615 4874 1674 4926 οὐ
1712 4849 1800 4927 θἐ-

1927 4867 2032 4922 nibi
2071 4870 2284 4922 videtur
2326 4871 2513 4922 urbem
2561 4869 2792 4923 alienam
2829 4871 2930 4925 sibi
2980 4887 3245 4942 usurpare
3281 4887 3480 4943 praeter

228 4944 386 5050 μιτὸν
451 4944 592 5004 εἷναί
657 4969 748 5023 μοι
805 4954 952 5009 δοκεῖ
1003 4957 1160 5012 πόλιν
1208 4958 1488 5033 ἀλλότριον
1515 4965 1670 5035 παρὰ
1703 4968 1795 5022 τὸν

1927 4961 2332 5031 ationcmjusti.
2367 4962 2486 5018 Ideo
2521 4962 2652 5017 mihi
2696 4975 2913 5020 servate
2951 4967 3276 5036 amicitiam;
3300 4981 3474 5028 avele.

221 5042 318 5121 τοῦ
373 5042 584 5097 δικαίου
640 5049 1078 5119 σφετερίσασθαι
1121 5052 1319 5122 λόγον’
1387 5059 1676 5129 τοιγαροῦν
1735 5057 1991 5136 ’σὼζησῢέ
2049 5077 2138 5130 μοι
2197 5057 2268 5110 τὰ
2323 5056 2527 5127 συνήθη
2591 5058 2720 5127 παρ’
2783 5061 2921 5131 ἐμοῦ
2985 5066 3474 5138 προσκυνούμενοι.

819 5143 1198 5220 Ο⁹.ΕΡΜΕῙᾼ.
2426 5157 2589 5214 LXX.
2635 5157 2964 5214 liERME/E.

292 5229 367 5284 Τὸ
401 5229 666 5286 ὑμέτερον
708 5235 939 5286 μέγεθος
968 5239 1056 5286 διὰ
1097 5241 1207 5286 τῶν
1243 5243 1378 5286 πολε
1408 5246 1468 5286 (τε
1530 5251 1794 5286 «fremunt-5-
1972 5249 2223 5286 νοω-απ.
2274 5250 2705 5286 ηὶηιαηῖιιιιιῖηοηι
2751 5266 2816 5286 ον
2853 5251 2964 5286 in...

413 5235 666 5343 ξμέτερον
706 5235 939 5306 μέγεθος
968 5239 1056 5293 διὰ
1097 5241 1207 5294 τῶν
1243 5243 1378 5314 πρὸς
1408 5246 1468 5299 σὲ
1530 5251 1794 5321 γραμμά-

1972 5249 2224 5308 Vestram
2274 5250 2705 5320 magnitudinem
2751 5266 2816 5305 ex
2853 5251 3048 5308 litteris
3097 5253 3167 5306 ad
3199 5262 3250 5307 te
3294 5252 3473 5307 missis

219 5333 331 5414 των
348 5325 496 5414 ίδὼν,
535 5327 682 5397 ὑμᾶς
707 5329 804 5398 μὲν
833 5331 1058 5395 εἰκότως
1089 5333 1188 5404 τῆς
1221 5337 1448 5406 γνώμης
1466 5339 1754 5411 ἐθαύμασα
1776 5360 1790 5374 ο

1935 5345 2134 5414 ignovi,
2171 5345 2401 5412 jureque
2447 5358 2540 5398 vos
2570 5343 2638 5398 ob
2671 5359 2866 5399 sensus
2913 5345 3209 5400 admiratus
3247 5360 3364 5399 sum
3409 5362 3474 5400 ac

220 5414 285 5482 τῇ
313 5413 372 5466 δὲ
400 5415 685 5488 Βηρυτίων
711 5421 1010 5492 συνήδομαι
1056 5425 1208 5479 πόλει
1243 5427 1326 5480 ὅτι
1385 5431 1632 5486 τοιοῦτον
1682 5433 1792 5504 ἔχει

220 5502 494 5528 ,Αιιίξ-ρῖμ-
530 5526 537 5528 Α
559 5511 572 5524 1
774 5512 786 5528 ο
881 5512 892 5528 9
1008 5515 1033 5528 ιιι
1202 5519 1213 5528 ι
1283 5519 1297 5528 ι
1330 5519 1341 5528 ι
1642 5527 1657 5528 η
1707 5527 1714 5528 ,

1927 5441 2212 5504 :erytorum
2254 5436 2374 5489 urbi
2411 5435 2762 5506 congratulor
2811 5437 3093 5506 quodJale
3131 5437 3327 5492 habeat
3371 5438 3474 5493 sub

219 5502 662 5578 προϐεϐλημένον
758 5512 834 5582 ῶς
869 5512 1072 5584 ἀρετῆς
1129 5519 1224 5572 καὶ
1283 5519 1460 5588 λόγων
1518 5502 1788 5580 ποιεῖσθαι

1931 5528 2065 5584 culis
2093 5527 2426 5598 propositum
2458 5528 2673 5585 virtutis
2700 5543 2764 5584 ac
2793 5529 3116 5600 eloquentiae
3136 5531 3467 5600 exetnplum,

290 5621 307 5641 ‘
335 5619 499 5680 Deest
531 5615 864 5683 Vocabulum.
925 5628 982 5706 ς·
1007 5631 1120 5688 Non
1155 5633 1344 5706 legitur
1380 5639 1716 5696 vocabulum.

1916 3767 2058 3818 fama
2085 3773 2234 3819 recte
2259 3763 2326 3818 ad
2361 3779 2446 3818 me
2471 3763 2678 3833 perlata
2697 3772 2782 3818 est
2813 3777 2970 3816 avum
3004 3776 3068 3818 ex
3110 3761 3287 3816 olIicio
3319 3761 3488 3832 ll'gelll
3583 3762 3592 3770 '
