3966 6318
717 330 832 382 ω’.
886 327 1296 395 ΠΑΓΚΡΑΤΙῼ.

219 450 222 453 λ
293 420 369 475 Οὐ
418 419 529 489 γὰρ
575 419 749 472 δοκεῖν
796 419 1033 489 ἄριστος,
1081 415 1194 469 ἀλλ’
1242 412 1379 468 εἶναι
1428 412 1568 477 ίέλε,
1626 410 1792 478 φησὶν

221 507 508 578 Αἰσχύλος,
530 507 775 559 ἐπαινεῖν
821 521 945 558 τινα
974 503 1369 573 προελόμενος’
1404 500 1611 555 τοιοῦτο
1663 498 1793 567 ἡμῖν

220 596 493 666 ἀνεφάνης
527 612 540 626 υ
590 594 652 647 οὐ
684 593 842 648 τοῦτο
870 593 936 663 δὴ
984 592 1045 644 τό
1076 592 1251 645 κοινὸν
1289 592 1449 661 μέχρι
1502 585 1596 641 τοῦ
1646 602 1791 656 παρ-

221 692 360 740 εἶναι
412 687 596 756 φιλίαν
617 685 947 747 ἐπιδεικνὺς,
975 685 1093 736 οὐδὲ
1124 667 1337 752 μετρῶν
1384 680 1461 754 τῷ
1502 680 1657 750 τόπῳ
1697 679 1796 746 τὴν

221 777 459 841 εὔνοιαν,
480 777 647 847 ἀλλ’ἢ
673 779 920 848 κρεῖττον
950 770 1090 828 εἶναι
1120 774 1212 826 καὶ
1240 772 1432 826 σαυτδν
1470 772 1626 842 νικᾷν
1650 774 1797 823 ἐπει-

221 869 493 939 γόμενος·
543 869 767 930 εἰκότως
812 866 921 937 ἄρα
984 884 1042 920 σε
1090 866 1191 935 τῆς
1233 865 1374 936 ἐμῆς
1425 862 1663 925 διανοίας
1696 860 1798 914 οὐκ

222 956 368 1013 οἶδεν
401 960 733 1014 ὐποόλέπειν
756 962 788 1030 ή
809 960 969 1032 λήθη.
1010 958 1155 1012 Ἀλλ’
1182 957 1360 1010 ἔπεισί
1384 957 1435 1009 τί
1460 974 1549 1027 μοι
1569 956 1794 1025 Σωκρα-

219 1051 374 1103 τικὸν
403 1052 487 1105 ἀεὶ
504 1050 704 1119 λέγειν,
738 1050 812 1113 ὡς
842 1051 889 1102 εἰ
918 1048 1028 1117 ἐγὼ
1057 1047 1404 1118 Παγκράτιον
1446 1045 1647 1114 ἀγνοῶ,
1702 1045 1797 1097 καὶ

220 1142 461 1213 ἐμαυτοῦ
483 1141 865 1211 ἐπιλέλησμαι,
896 1136 957 1193 οὐ
983 1138 1202 1210 χορεύει
1245 1139 1395 1208 μένή
1428 1136 1644 1207 γλῶττα
1674 1136 1797 1197 ταῖς

224 1234 475 1307 μούσαις,
510 1234 679 1305 ἀρετὴ
702 1234 757 1286 δὲ
794 1234 1044 1304 καθάπερ
1082 1234 1306 1303 τέμενος
1361 1232 1559 1286 ἀσατον
1595 1228 1787 1299 κακία,

219 1328 323 1398 τὴν
374 1327 523 1398 ἱερὰν
564 1326 743 1397 ψυχὴν
791 1326 1142 1397 ᾠκειώσατο·
1191 1323 1480 1395 τοιγαροῦν
1523 1321 1795 1391 εὐδαίμων

222 1424 327 1493 μὲν
376 1419 538 1481 αὐτὸς
573 1418 797 1471 τοιαῦτα
844 1417 1024 1487 φέρων
1051 1416 1410 1487 γνωρίσματα
1438 1428 1450 1442 ’
1490 1414 1585 1467 καὶ
1640 1411 1800 1465 πόλιν

217 1511 389 1572 οἰκεῖς
414 1509 511 1580 τὴν
541 1508 726 1577 κοινὴν
771 1508 883 1562 τῶν
920 1508 1094 1575 λόγων
1130 1508 1363 1579 μητέρα,
1398 1506 1465 1576 ἣν
1508 1499 1648 1577 ὧραι
1699 1520 1795 1557 πο-

220 1600 413 1653 θοῦσαι
445 1600 584 1652 κατὰ
607 1600 811 1668 ταύτην
841 1599 1097 1669 ἀλλήλαις
1120 1598 1466 1662 ἐσπείσαντο,
1506 1594 1573 1665 ἢν
1621 1608 1794 1663 προσ·-

1635 195 2035 270 EPISTOLE.

3326 182 3477 247 θ’Πῦ

2338 312 2574 368 Lxxw.
2603 306 3012 366 PANCMTIO.
3314 372 3318 377 _

1964 405 2083 463 Noli
2119 407 2358 477 optimus
2385 406 2581 468 videri.
2617 405 2711 461 sed
2732 418 2878 468 esse,
2914 403 2991 456 ait
3020 395 3336 469 .Eschylus,
3365 393 3460 450 ali-

1893 514 2054 568 quem
2081 498 2233 553 lauda
2244 512 2301 552 re
2319 497 2421 554 sibi
2445 511 2768 568 proponens.
2792 494 2940 549 Talis
2964 493 3119 548 nobis
3136 488 3456 561 apparuisti,

1895 605 2001 645 non
2063 598 2270 643 tantum
2308 598 2485 644 tamen
2524 588 2648 643 boni
2690 586 2890 656 publici
2942 585 3118 639 zelum
3178 592 3457 639 ostentans

1895 690 1954 734 ut
1979 680 2275 734 amicitiam
2327 680 2589 749 negligas,
2641 692 2742 734 nec
2780 678 2899 733 loco
2920 684 3071 730 tuam
3120 675 3464 729 circumscri-

1896 773 2032 826 hens
2046 769 2506 835 benevolentiam,
2531 769 2626 824 sed
2666 767 2946 822 meliorem
2972 781 3094 823 esse
3115 772 3170 820 et
3197 766 3262 820 de
3292 764 3466 832 teipso

1896 867 2155 923 victorem
2192 866 2542 921 contendens.
2588 864 2666 920 Te
2703 864 2755 918 in
2779 864 2943 918 corde
2977 878 3096 918 meo
3127 876 3226 916 nec
3268 858 3467 930 poterit

1895 959 2097 1014 oblivio
2139 958 2341 1014 delere.
2396 958 2503 1013 Sed
2554 957 2617 1011 in
2650 964 2831 1012 mente
2865 954 2998 1010 mihi
3047 954 3197 1008 venit
3248 965 3465 1020 semper

1896 1050 2025 1120 quid
2062 1050 2389 1106 socraticum
2436 1049 2626 1105 dicere
2655 1049 2872 1118 meique
2908 1061 3028 1102 sum
3053 1046 3274 1109 oblitus,
3308 1042 3463 1112 quasi

1899 1141 2247 1197 Pancratium
2292 1155 2397 1196 non
2426 1140 2667 1195 noverim
2688 1180 2705 1208 ,
2735 1139 2891 1209 cuius
2933 1138 3112 1205 lingua
3141 1149 3264 1190 cum
3297 1132 3467 1189 musis

1899 1234 2081 1299 saltat,
2120 1241 2176 1287 et
2213 1232 2387 1287 virtus
2421 1230 2575 1301 quasi
2629 1240 2771 1285 terra
2813 1228 3035 1284 malitiae
3076 1226 3339 1297 impervia
3378 1238 3467 1279 sa-

1896 1339 2043 1378 cram
2093 1323 2304 1379 habitat
2339 1322 2597 1377 animam.
2650 1320 2851 1376 Beatus
2896 1319 3061 1390 igitur
3108 1318 3225 1387 ipse
3262 1318 3354 1387 qui
3389 1323 3467 1370 tot

1898 1414 2066 1469 habes
2097 1427 2216 1467 rara
2249 1422 2303 1468 et
2323 1411 2636 1482 singularia.
2662 1411 2865 1466 Urbem
2887 1409 3101 1465 habitas
3121 1420 3465 1463 communem

1896 1505 2226 1574 eloquentia:
2267 1512 2493 1559 matrem
2535 1504 2587 1559 in
2635 1519 2739 1574 qua
2774 1503 2920 1558 hora:
2968 1501 3211 1573 benigna:
3243 1500 3385 1556 inter
3409 1514 3468 1555 se

1899 1596 2079 1651 foedus
2111 1598 2375 1663 inierunt,
2402 1608 2564 1665 quam
2601 1595 2831 1651 dulciter
2867 1593 3061 1663 irrigat
3102 1606 3253 1646 mare
3285 1589 3465 1645 Nilus-

218 1691 407 1754 κλύζει
435 1691 626 1761 πράως
677 1693 709 1761 ἡ
741 1689 1005 1753 θάλασσα,
1028 1689 1120 1741 καῖ
1144 1688 1338 1751 Νεῖλος
1373 1683 1791 1752 ἐναγκαλίζεται

1897 1704 1999 1757 que
2020 1690 2161 1743 sicut
2185 1703 2383 1743 amans
2406 1688 2636 1741 amicam
2662 1686 3028 1757 amplectitur,
3050 1692 3109 1738 et
3132 1698 3196 1739 ex
3226 1682 3466 1750 undique

219 1782 472 1853 καθάπερ
494 1781 745 1855 ἐρωμένῃ
772 1780 1086 1851 περιχυθείς
1107 1796 1120 1809 ·
1147 1779 1240 1833 καὶ
1265 1776 1606 1846 πανταχόθεν
1652 1774 1791 1846 ἄλση

217 1874 316 1929 καὶ
344 1875 533 1945 δένδρα
556 1877 648 1928 καὶ
667 1873 792 1946 λήῖα
818 1874 912 1927 κα)⁹
930 1876 1042 1937 τοῖς
1057 1872 1357 1943 ὀφθαλμοῖς
1380 1870 1601 1923 ποικίλα
1617 1885 1792 1938 προσ-

218 1967 442 2021 ϐαλοῦσι
486 1966 739 2037 χάριτες*
794 1967 914 2021 ἀλλ’
963 1958 1103 2038 ὑμῖν
1148 1966 1246 2037 μὲν
1290 1965 1391 2034 τὴν
1443 1959 1792 2032 εὐδαιμονίαν

218 2057 357 2119 Θεὸς
383 2056 704 2126 ἐπαυξήσει,
738 2058 830 2109 καὶ
862 2056 1055 2128 μισθὸν
1081 2056 1183 2126 τῆς
1228 2054 1432 2126 ἀρετῆς
1464 2051 1791 2124 δωρησάμε-

215 2166 310 2212 νος
330 2166 343 2181 ο
390 2148 616 2218 μετάδος
642 2147 698 2201 δέ
717 2149 916 2217 φίλοισι
954 2151 1067 2213 σοῖς
1092 2147 1192 2217 σῆς
1226 2144 1551 2217 εὐπραξίας,
1582 2146 1694 2208 τοῖς
1727 2146 1792 2197 ἐκ

216 2239 467 2311 γλώττης
484 2240 707 2309 ἀγαθοῖς
735 2240 1044 2310 εὐφραίνων
1083 2240 1255 2310 ἡμᾶς,
1306 2238 1401 2291 καὶ
1445 2236 1678 2306 πέμπων
1710 2235 1791 2288 οῖ-
1844 2292 1853 2300 ,

215 2331 378 2384 κοθεν
405 2331 587 2385 οῖκαδε
612 2331 747 2403 πρὸς
771 2332 915 2403 ἡμᾶς
938 2331 1006 2384 τὰ
1022 2331 1322 2401 ποιήματα.
1357 2328 1432 2380 Οὐ
1456 2327 1564 2399 γὰρ
1586 2325 1790 2379 δίκαιον

214 2421 507 2477 λανθάνειν
537 2422 572 2477 ά
604 2425 716 2487 τοῖς
785 2421 1042 2492 ἀλλήλοις
1085 2420 1466 2490 ἐπιδειχθέντα
1530 2417 1790 2485 πλείστην

213 2516 355 2567 οῖσει
372 2514 470 2584 τὴν
500 2515 707 2583 ὄνησιν.

534 2602 655 2657 OE'.
685 2604 919 2675 ΓΕΣΣῘῼ
954 2602 1469 2673 ῙΑΤΡΟΣΟΦΙΣΊᾘ.

298 2695 357 2751 Ὀ
377 2698 473 2769 τὴν
504 2696 793 2767 ἐπιστολὴν
817 2696 1089 2760 ἐπιδιδοὺς
1121 2696 1225 2750 ὐπὸ
1268 2696 1434 2765 μητρὶ
1486 2694 1630 2764 χήρᾳ
1658 2709 1789 2763 τρα-

214 2790 340 2858 φεὶς
392 2788 485 2842 mi.
531 2789 633 2859 τὴν
693 2787 804 2842 τῶν
852 2787 1165 2855 ἀναγκαίων
1213 2786 1420 2839 ἔνδειαν
1446 2782 1785 2853 αἰτιώμενος,

210 2882 363 2949 ὅμως
385 2880 483 2949 οὐχ
510 2878 613 2932 ὐπὸ
642 2877 892 2949 νεότητος
909 2878 1189 2949 ἐπαρθεὶς,
1218 2879 1318 2930 οὐκ
1348 2879 1406 2929 ἐν
1443 2874 1662 2947 ἐξουσίᾳ
1694 2875 1788 2929 τοῦ

1893 1776 2067 1843 lucos,
2107 1779 2332 1833 arbores
2371 1787 2427 1833 et
2479 1786 2689 1847 segetes
2740 1777 2916 1833 oculis
2954 1777 3135 1834 varias
3185 1767 3468 1844 proferunt

1893 1874 2105 1943 gratiae.
2139 1871 2245 1928 Sed
2278 1873 2432 1928 vobis
2465 1871 2607 1925 Deus
2657 1869 2969 1925 felicitatem
3017 1869 3255 1939 augebit,
3289 1867 3458 1920 virtu-

1897 1963 2074 2030 tisque
2109 1962 2389 2032 praestabit
2432 1960 2759 2015 mercedem.
2785 1959 3006 2015 Amicos
3042 1960 3122 2012 fac
3152 1958 3461 2013 beneﬁcen-

1893 2053 1982 2106 tia:
2016 2060 2116 2107 tua:
2148 2052 2459 2120 participes,
2488 2050 2766 2105 la‘tilicans
2794 2065 2892 2104 nos
2921 2050 3238 2119 lingumtnaa
3263 2047 3466 2101 divitiis

1891 2154 1947 2200 et
1976 2144 2170 2197 exinde
2201 2144 2266 2196 ad
2311 2158 2408 2198 nos
2444 2143 2662 2199 mittens
2693 2156 2856 2212 opera
2884 2151 2994 2195 tua.
3031 2140 3147 2195 Non
3203 2142 3345 2196 enim
3385 2140 3466 2193 fas

1892 2235 2354 2303 estlabscondere
2400 2250 2461 2288 ea
2505 2250 2624 2304 quae
2667 2233 2788 2289 aliis
2845 2233 3191 2288 manifestata
3234 2232 3467 2287 multum

1891 2324 2117 2381 atl‘crent
2145 2326 2513 2381 commodum.

2132 2602 2345 2658 LXXV.
2387 2603 2635 2661 GESSIO
2668 2602 2922 2658 PERITO
2950 2602 3224 2658 MEDICO.

1962 2694 2063 2760 Qui
2112 2697 2253 2751 hanc
2306 2698 2460 2752 vobis
2501 2697 2638 2751 feret
2673 2700 2953 2768 epistolam
3004 2712 3032 2748 a
3080 2705 3251 2750 matre
3302 2694 3460 2748 vidua

1890 2788 2161 2843 enutritus
2191 2799 2245 2843 ct
2276 2789 2328 2843 in
2370 2791 2610 2845 omnium
2660 2791 3086 2844 necessariorum
3124 2787 3299 2855 inopia
3329 2788 3466 2840 cdu’-

1892 2890 2070 2945 catus,
2117 2894 2216 2935 nec
2267 2900 2294 2933 a
2336 2881 2622 2951 juventute
2668 2892 2908 2944 erectus,
2959 2889 3054 2932 aut
3108 2880 3159 2932 in
3211 2880 3470 2931 libertate

209 2970 477 3038 πράττειν
506 2968 533 3020 ὅ
556 2984 607 3020 τι
644 2967 786 3021 θέλοι
828 2968 1140 3038 γενόμενος,
1184 2964 1335 3036 παρὰ
1378 2965 1649 3036 ρᾳθυμίαν
1678 2966 1786 3018 ἀπ-

1897 2971 2105 3038 positus
2128 2971 2318 3051 agendi
2352 2970 2481 3039 quid
2527 2970 2700 3037 vellet,
2739 2970 2805 3025 ad
2838 2971 3108 3040 ignaviim
3149 2969 3464 3042 dcclinavit.

209 3059 425 3113 é/.).tvev
452 3076 466 3091 ο
497 3057 611 3112 ἀλλ’
636 3057 1067 3129 ἐπανορθοῦσθαι
1096 3058 1193 3127 τὴν
1220 3056 1390 3127 τύχην
1431 3055 1649 3121 ἐθέλων,
1698 3057 1792 3110 καὶ

209 3150 389 3217 λίγων
408 3150 529 3221 ἐρᾷ,
560 3150 655 3202 καὶ
686 3149 822 3222 πρὸς
848 3146 948 3220 τὴν
976 3146 1250 3219 ὑμετέραν
1288 3140 1530 3215 γλῶτταν
1575 3147 1792 3215 ἐπείγε-

205 3258 334 3296 ται·
374 3242 467 3295 καὶ
493 3241 768 3313 ἀρκοῦσαν
788 3240 1040 3311 ἀφορμὴν
1069 3239 1208 3310 πρὸς
1227 3238 1541 3309 εὐσχήμονα
1580 3238 1697 3308 βίον
1727 3238 1788 3304 ἐξ

202 3330 385 3401 αὐτῆς
422 3331 787 3401 ἀρυσάμενος,
821 3330 897 3393 ὡς
926 3327 1133 3400 ἀρκοῦν
1158 3330 1313 3382 ἐστιν
1342 3328 1490 3394 ὑμᾶς
1514 3327 1661 3392 ῖδεῖν,
1696 3328 1793 3380 καὶ

208 3424 323 3476 τῶν
351 3422 664 3477 λυπούντων
697 3420 842 3493 ἔχειν
867 3421 967 3490 τὴν
996 3419 1171 3485 λύσιν,
1201 3423 1265 3491 τῇ
1292 3420 1425 3490 παρ’
1464 3417 1619 3490 ὑμῶν
1646 3418 1792 3472 διδαο

208 3515 412 3586 σκαλία
436 3514 533 3578 τὰς
564 3513 700 3583 πρὸς
720 3513 780 3566 τὸ
819 3513 1010 3583 μέλλον
1046 3512 1266 3575 ἐλπίδας
1299 3510 1788 3583 ἐπανορθούμενος

204 3610 335 3663 ὅθεν
366 3608 462 3678 τὴν
483 3608 755 3679 ὑμετέραν
779 3606 1005 3676 γνώμην
1028 3604 1202 3673 εἰδὼς,
1233 3605 1330 3660 καὶ
1364 3606 1440 3668 ὡς
1499 3604 1789 3676 πρόκεισθέ

205 3703 324 3761 τοῖς
352 3698 409 3751 εὐ
444 3698 632 3753 παθεῖν
657 3698 956 3767 δεομένοις,
985 3696 1206 3768 θαρρῶν
1232 3697 1361 3766 ὑμῖν
1386 3696 1649 3768 προσάγω
1696 3696 1788 3749 τὸν

204 3792 352 3854 νέον,
385 3791 505 3844 ἀντὶ
533 3791 775 3861 μεγάλης
808 3790 1019 3861 δωρεᾶς
1048 3787 1182 3860 ὓλην
1224 3789 1352 3859 ὑμῖν
1395 3788 1646 3860 χορηγῶν
1692 3788 1786 3842 τοῦ

203 3883 468 3938 δύναοθαι
491 3884 652 3939 πάλιν
672 3883 1012 3954 γεωργῆσαι.

773 3977 911 4043 θεῖν.
938 3973 1245 4045 amatio.

283 4066 448 4129 Μόλις
473 4066 621 4135 ἡμᾶς
650 4063 1066 4134 ἀμηχανοῦντας
1120 4061 1435 4134 μετέϐαλες,
1467 4062 1686 4135 γράψας
1710 4063 1786 4129 ὥς

207 4161 364 4231 ᾄδειν
387 4157 593 4220 ἐθέλεις
621 4155 902 4225 ὑμέναιον,
925 4156 1020 4208 καὶ
1053 4154 1258 4208 παίδων
1281 4155 1529 4221 γενέσθαι
1556 4157 1742 4227 πατήρ
1768 4173 1781 4188 ·

205 4247 424 4300 πολλῶν
453 4246 562 4316 γὰρ
611 4242 990 4313 ἐπιδραμοῦσα
1030 4242 1209 4313 φήμη,
1261 4242 1453 4305 ἄλλους
1492 4242 1786 4314 ἀλλαχόθεν

1901 3059 2005 3114 Sed
2031 3061 2195 3115 sortis
2226 3060 2452 3129 injurias
2489 3061 2767 3129 corrigere
2813 3059 2997 3113 volens
3037 3058 3467 3127 eloquentiaeque

1898 3150 2124 3220 cupidus
2146 3152 2210 3203 ad
2236 3150 2470 3220 linguam
2499 3142 2736 3206 vestram
2764 3150 3019 3219 pellitur;
3049 3159 3102 3205 et
3128 3165 3193 3205 ex
3218 3164 3276 3204 ea
3318 3151 3466 3204 sniii-

1894 3245 2127 3299 cientem
2150 3245 2217 3299 ad
2261 3243 2543 3300 honestam
2570 3244 2736 3299 vitam
2766 3260 2986 3301 sumens
3018 3246 3383 3309 occasionem,
3410 3257 3467 3300 ut

1897 3337 2083 3390 videre
2103 3335 2371 3405 poteritis,
2398 3343 2453 3389 et
2479 3333 2829 3391 aﬂlictionum
2854 3336 3013 3390 linem
3039 3335 3313 3397 obtinens,
3368 3350 3464 3389 ve-

1895 3437 2008 3481 stra
2031 3425 2312 3495 disciplina
2338 3440 2467 3480 suas
2490 3441 2612 3495 spes
2632 3427 2807 3496 eriget
2836 3426 2889 3480 in
2922 3425 3184 3482 futurum.
3215 3424 3463 3482 Vestram

1895 3518 2303 3588 dispositionem
2339 3526 2393 3571 et
2437 3516 2489 3570 in
2524 3517 2833 3586 indigentes
2856 3521 3288 3588 compassionem
3341 3534 3465 3574 cum

1894 3610 2030 3663 bene
2069 3609 2334 3671 noverim,
2374 3608 2523 3660 illum
2567 3608 2632 3659 ad
2665 3622 2758 3660 vos
2804 3608 3019 3661 mittere
3061 3608 3315 3678 juvenem
3358 3626 3460 3664 non

1895 3699 2085 3763 timeo,
2131 3699 2248 3752 loco
2295 3713 2500 3767 magna:
2534 3700 2797 3753 mercedis
2842 3699 3125 3753 materiam
3163 3709 3222 3753 ut
3269 3699 3463 3754 iterum

1892 3789 2118 3859 possitis
2158 3789 2408 3845 laborare
2440 3802 2727 3861 przestans.

2368 3969 2603 4025 LXXVI.
2636 3967 2973 4025 PHILIPPO.

1957 4060 2179 4117 Consilii
2204 4060 2380 4131 inopia
2400 4062 2809 4128 laborabamus,
2824 4077 3047 4118 omnem
3072 4061 3465 4116 dubitationem

1892 4154 2165 4207 sustulisti
2194 4154 2440 4209 scribens
2470 4164 2520 4209 te
2548 4155 2684 4209 velle
2717 4157 3058 4226 hymenaeum
3094 4168 3290 4209 canere
3320 4154 3457 4206 lilio-

1891 4256 2123 4311 rmnqne
2190 4251 2396 4311 patrem
2446 4242 2583 4297 fieri.
2645 4243 2934 4297 Multorum
2986 4257 3266 4297 sermones
3318 4242 3459 4295 fama

200 4341 445 4404 ἐπέγετο
472 4336 663 4401 λόγους
690 4348 705 4363 ⁹
729 4333 822 4385 καὶ
871 4332 1088 4385 πάντων
1134 4331 1504 4405 διηγοιξμένων
1532 4333 1785 4387 σκοπῶν·

1897 4345 2237 4399 prarcurrens
2268 4331 2406 4385 alios
2441 4331 2546 4386 alio
2580 4341 2881 4402 sparserat.
2923 4331 3055 4384 Cum
3091 4331 3333 4384 omnium
3364 4344 3459 4380 au-

199 4444 298 4489 τες
328 4427 487 4495 ἡμεῖς
521 4421 876 4494 ἡκροὼμεθα,
908 4422 1018 4474 τῶν
1042 4421 1327 4493 ὑμετέρων
1363 4421 1685 4490 ἀγνοοῦντες
1717 4423 1786 4478 τὰ

202 4523 461 4592 μέγιστα,
502 4518 724 4581 καὶτοῖς
752 4516 1181 4585 πυνθανομένοις
1222 4515 1440 4580 παίζειν
1478 4516 1784 4581 δοκοῦντες,

196 4613 280 4672 ὡς
306 4610 522 4676 ἀγνοεῖν
554 4607 809 4678 ἐπίτηδες
839 4604 1321 4675 προσποιούμενοι.
1368 4606 1505 4658 Νυνὶ
1562 4605 1619 4658 δὲ
1672 4608 1784 4670 τοῖς

195 4703 490 4772 γραφεῖσιν
518 4698 725 4771 ἡσθεὶς,
752 4698 925 4768 ἡδέως
950 4697 1017 4752 ἂν
1051 4696 1211 4760 εὐθὺς
1233 4698 1473 4767 Περσεὺς
1518 4697 1785 4768 ἐγενόμην

198 4793 532 4859 ὑπόπτερος,
567 4791 661 4844 καὶ
717 4789 809 4843 τοῦ
847 4788 1116 4855 πελάγους
1146 4787 1452 4854 ὑπερπτὰς,
1500 4787 1595 4840 καὶ
1648 4788 1786 4856 πρὸς

194 4885 347 4953 ὑμᾶς
373 4882 729 4951 ἀφικόμενος,
788 4878 1034 4933 παστάδα
1081 4877 1325 4931 κατεῖδον
1366 4876 1536 4948 ἱερὰν,
1579 4879 1672 4932 καὶ
1716 4879 1780 4931 τὸ
1826 4903 1833 4913 ·

196 4974 422 5028 πάντων
449 4971 667 5041 ἥδιστον
693 4970 898 5040 θέαμα,
931 4967 1165 5039 νυμφίον
1198 4968 1263 5020 ἐκ
1294 4968 1611 5037 φιλοσοφίας
1642 4970 1779 5040 ἐρω-

190 5057 383 5111 τικόν·
404 5057 496 5110 καὶ
522 5055 706 5109 ὑλικόν
738 5071 825 5118 τις
854 5054 1014 5107 αὐτὸν
1033 5054 1272 5138 ὀνομάζῃ
1299 5054 1602 5125 φιλοσόφως
1636 5057 1774 5111 ἁπο-

190 5147 540 5218 κρινόμενον,
594 5147 669 5211 ὡς
713 5149 936 5216 κοσμεῖν
975 5145 1086 5199 ἔδει
1145 5147 1244 5216 τὴν
1289 5148 1524 5215 γένεσιν,
1586 5138 1805 5218 ἔρανον’

188 5238 313 5296 ἀνθ’
340 5239 535 5292 ἑαυτοῦ
570 5236 926 5310 χορηγοῦντα,
960 5239 1054 5290 καὶ
1086 5237 1155 5289 τὰ
1181 5238 1367 5291 εἰκότα
1390 5239 1528 5309 πρὸς
1566 5240 1776 5311 ταύτην

191 5330 588 5403 ἀφοσιούμενον
607 5346 621 5361 ⁸
646 5330 819 5393 ἐάλως
847 5328 891 5382 δ’
922 5328 1017 5381 οὖν
1061 5329 1232 5399 ὅμως,
1252 5324 1296 5383 ὦ
1349 5329 1614 5399 βέλτιστε,
1667 5334 1769 5403 ὀψέ

1891 4422 2176 4476 diebamus
2217 4423 2581 4488 narrationes,
2612 4423 2923 4487 silebamus,
2955 4431 3170 4477 tuorum
3201 4421 3462 4489 ignoran—

1891 4522 1973 4566 tes
2008 4512 2264 4582 plurima,
2298 4512 2484 4568 ludere
2529 4513 2847 4568 videbamur
2892 4511 3374 4582 interrogantibus,
3405 4520 3460 4566 et

1889 4606 2250 4676 ignorantiam
2291 4605 2542 4661 consulto
2572 4607 2797 4676 tingere.
2843 4605 2994 4660 Nune
3023 4616 3201 4661 autem
3245 4604 3313 4659 iis
3340 4620 3459 4675 quae

1889 4695 2161 4765 scripsisti
2193 4696 2449 4762 recreati,
2483 4697 2716 4751 libenter
2746 4698 2955 4751 veloces
2990 4696 3171 4751 Persei
3199 4696 3314 4749 alas
3344 4710 3461 4747 niu-

1889 4798 2197 4851 tuaremur,
2234 4796 2288 4841 et
2316 4788 2856 4843 maretransilientes
2883 4790 2949 4841 ad
2977 4798 3030 4841 te
3066 4788 3375 4841 veniremus
3402 4794 3460 4838 ut

1890 4894 2108 4932 sacrmn
2151 4878 2430 4931 videamus
2472 4877 2761 4932 thalamum
2811 4888 2866 4933 et
2911 4879 3055 4947 quod
3094 4876 3332 4931 omnium
3376 4886 3458 4929 est

1857 4970 2342 5047 .jucundissimum
2375 4970 2763 5040 speetaculutn,
2802 4969 3073 5024 hominem
3109 4983 3174 5022 ex
3213 4966 3458 5036 philoso-

1891 5063 1997 5130 pho
2019 5073 2317 5116 amatorem
2355 5062 2577 5116 factum.
2624 5062 2758 5128 Quis
2785 5062 2930 5116 enim
2977 5075 3220 5115 crassum
3254 5060 3460 5113 diceret

1893 5154 2043 5207 illum
2072 5153 2164 5223 qui
2191 5154 2470 5224 sapienter
2498 5153 2791 5223 respondet
2824 5154 3123 5207 ornandam
3149 5166 3269 5207 esse
3297 5166 3457 5221 gene-

1894 5248 2208 5311 rationem,
2252 5246 2343 5315 qui
2397 5244 2708 5298 convivium
2748 5259 2845 5313 pro
2893 5258 2988 5298 sua
3040 5252 3193 5314 parte
3244 5241 3460 5297 ordinat

1888 5336 2220 5405 conjugique
2244 5335 2422 5392 debita
2460 5336 2653 5391 reddit.
2685 5336 2891 5406 Captus
2925 5350 3005 5403 es,
3054 5351 3088 5391 ο
3113 5332 3438 5390 charissime

1700 5448 1930 5504 ΝΟΤΑΞ.

189 5552 316 5607 dem
338 5546 488 5603 deest
520 5544 572 5600 in
597 5544 783 5601 codice
814 5524 1121 5611 Vaticano;
1158 5553 1533 5601 verumtamen
1572 5545 1624 5599 in
1676 5546 2040 5605 Laurentiano
2085 5547 2321 5605 vicissim
2366 5547 2565 5604 desunt
2604 5547 2824 5618 reliqum
2870 5562 2991 5617 quae
3065 5545 3118 5601 in
3185 5542 3452 5602 Vaticano

195 5630 498 5689 sequuntur
526 5630 735 5673 omnes.
