4000 6314
527 189 670 257 2179

1831 182 2184 245 PROCOPII
2223 183 2466 243 GALEI

3658 173 3800 238 εγω

527 310 583 358 et
610 297 824 354 tandem
861 295 1057 352 novisti
1101 259 1400 350 amantium
1432 293 1694 364 sagittas;
1737 289 1966 362 pulchra
2011 300 2098 344 tua

2209 304 2338 342 ποτε
2375 289 2443 344 τὰ
2465 289 2572 343 τῶν
2597 288 2848 359 ἐρώντων
2881 286 3179 360 μανθάνεις
3229 282 3560 354 τοξεύματα.
3595 285 3672 336 Ἥ
3737 301 3791 336 τε

526 393 786 464 nympha,
823 390 996 454 aiunt,
1042 403 1142 458 per
1183 386 1406 458 gratias,
1463 387 1538 440 ita
1578 396 1638 440 ut
1685 399 1715 439 a
1755 383 2100 454 philosophia

525 480 794 535 abducere
846 479 1027 534 valeat
1071 475 1675 552 amatorem._'l‘antum
1738 475 1969 530 ﬁliorum
2023 473 2104 530 sis

523 579 677 638 pater
707 569 904 623 virtute
935 567 1314 640 genuiuorum,
1347 575 1409 622 ut
1444 566 1577 624 dicit
1605 565 1871 622 commdia
1893 583 1911 632 ;
1933 572 1989 619 et
2017 564 2102 620 ci-

525 660 633 714 tius
675 673 742 712 ex
788 657 942 712 vobis
983 655 1263 710 videamus
1304 669 1531 724 puerum
1575 653 1665 723 qui
1706 653 1855 708 vultu
1885 662 2099 723 patrem

525 753 800 823 praedicet,
843 749 1144 820 praesertim
1164 749 1264 816 ipsi
1300 749 1372 802 sit
1403 747 1838 814 mansuetudine,
1877 762 2100 816 magna-

527 844 794 906 nimitate,
819 851 873 895 et
899 839 1020 894 aliis
1045 839 1342 894 virtutibus
1367 837 1698 892 simillimus.

881 928 886 940 ’
938 931 1200 988 LXXVII.
1241 928 1679 986 HIERONYMO.

593 1023 764 1090 Quam
798 1038 988 1092 magna
1025 1025 1093 1078 de
1135 1021 1256 1078 Nilo
1299 1023 1504 1088 sentis;
1560 1020 1718 1074 nobis
1765 1019 2015 1074 occurris
2044 1020 2094 1074 in

523 1118 761 1171 medium
821 1131 989 1186 agens
1034 1115 1328 1187 Egyptum
1368 1115 1522 1184 quasi
1570 1113 1772 1169 oblitus
1822 1116 1966 1182 quod
2005 1121 2096 1170 tua

522 1209 842 1264 charissima
884 1207 1170 1280 JEgyptus,
1201 1209 1254 1260 in
1297 1216 1620 1278 potestatem
1661 1207 1876 1260 redacta
1912 1205 2090 1260 fuerit.

521 1299 843 1370 Sophisticze
879 1312 1006 1356 sunt
1055 1309 1158 1355 tua:
1189 1300 1382 1354 litterae
1427 1299 1735 1368 {astumque
1774 1295 1988 1368 Gorgia:
2017 1311 2095 1350 re-

519 1393 828 1462 dolent._Si
859 1393 1152 1448 verborum
1193 1399 1412 1447 tuorum
1455 1392 1593 1446 bene
1628 1390 1872 1454 memini,
1918 1387 2093 1444 Nilum

519 1488 654 1542 dicis
685 1501 781 1558 per
810 1495 1013 1542 terram
1042 1486 1278 1556 irrigare
1307 1494 1364 1541 et
1403 1484 1768 1553 navigabilem
1800 1482 1983 1538 facere
2007 1499 2093 1538 re-

518 1580 733 1648 gionem
769 1577 898 1633 olim
930 1575 1325 1646 perviam.Sed
1360 1575 1622 1645 hoc'quid
1639 1575 1706 1630 ad
1743 1583 1796 1628 te
1833 1573 1924 1644 qui
1953 1571 2096 1629 Mer-

2211 379 2398 450 νύμφη
2420 381 2585 450 καλὴ,
2611 380 2769 451 φησι,
2787 380 2855 450 νὴ
2871 379 2972 444 τὰς
2987 379 3252 448 Χάριτας,
3275 375 3371 430 καὶ
3398 375 3560 442 ίκανὴ
3581 374 3792 442 φιλοσο-

2209 467 2337 537 φίας
2379 469 2735 540 παρατρέψαι
2771 469 2864 522 τὸν
2915 469 3193 540 ἐραστήν·
3250 466 3392 538 ἀνὴρ
3458 463 3791 534 μόνονγίνου

2207 557 2416 612 παίδων
2468 560 2558 612 ἐπ’
2607 559 2777 632 ἀρετῇ
2827 557 3088 630 γνησίων,
3121 559 3154 625 ὴ
3201 555 3468 627 κωμῳδία
3510 553 3789 624 φησί-καὶ

2206 649 2399 705 θᾶττον
2423 649 2484 714 ἐξ
2523 649 2676 722 ὑμῶν
2707 650 2871 721 ἴδοιμι
2896 649 3085 714 παῖδα,
3117 647 3206 701 διὰ
3232 649 3332 715 τῆς
3375 647 3507 709 θέας
3547 645 3642 698 τὸν
3691 661 3794 696 πα-

2204 738 2339 811 τέρα
2368 739 2728 810 κηρύττοντα,
2762 740 2964 811 μᾶλλον
3016 740 3290 811 πραότητι
3332 737 3430 789 καὶ
3486 734 3794 806 μεγαλοψυ-

2205 831 2314 902 χίᾳ,
2341 833 2438 885 καὶ
2465 834 2586 896 ταῖς
2626 831 2813 894 ἄλλαις
2843 833 3067 902 ἀρεταῖς
3095 827 3497 899 παραπλήσιον.

2730 925 2848 978 οΖι.
2881 922 3259 992 iEPnNriuq.

2287 1020 2373 1085 Ὠς
2399 1017 2610 1092 μεγάλα
2629 1015 2770 1090 [ἐπὶ]
2825 1017 2926 1094 τῷΙ
2953 1015 3133 1086 Νείλῳ
3166 1015 3408 1084 φρονεῖς,
3459 1011 3556 1065 καὶ
3599 1009 3789 1074 ἀντεξ-

2203 1111 2359 1181 άγεις
2411 1100 2542 1180 ἡμῖν
2580 1111 2660 1172 εἰς
2709 1108 2874 1178 μέσον
2906 1107 3057 1175 ἄγων
3101 1105 3200 1176 τὴν
3261 1106 3561 1171 Αἴγυπτον,
3598 1101 3788 1170 ὥσπερ

2201 1203 2436 1273 ἀλούσης
2463 1202 2560 1272 τῆς
2593 1201 2860 1269 φιλτάτης
2901 1201 2983 1262 εἰς
3009 1199 3181 1269 λήθην
3213 1195 3384 1249 ἐλθών
3419 1212 3431 1224 ·
3457 1195 3536 1256 ὡς
3567 1193 3664 1247 καὶ
3695 1209 3784 1244 σο-

2202 1294 2430 1366 φιστικὰ
2462 1294 2519 1348 δέ
2547 1309 2642 1346 σου
2676 1295 2745 1346 τά
2768 1293 3096 1364 γράμματα,
3117 1290 3214 1344 καὶ
3234 1289 3326 1342 τὸν
3355 1287 3586 1358 Γοργίου
3616 1286 3788 1353 τύφον

2201 1388 2420 1441 ἐδόκουν
2436 1387 2572 1457 ὁρᾷν
2603 1386 2616 1439 ι
2649 1384 2766 1438 ὕειν
2793 1384 2901 1456 γὰρ
2933 1385 3023 1438 τὸν
3051 1383 3244 1437 Νεῖλον
3279 1382 3416 1451 ἔφης
3458 1381 3522 1432 ἐκ
3567 1378 3698 1447 γῆς,
3737 1377 3788 1430 εἴ

2199 1477 2252 1532 τί
2289 1495 2358 1548 με
2396 1475 2471 1548 μὴ
2491 1477 2601 1530 τῶν
2621 1475 2880 1547 ῥημάτων
2907 1475 3203 1545 παρέλαθε,
3235 1472 3331 1525 καὶ
3355 1469 3569 1540 πλωτὴν
3609 1469 3784 1521 ποιεῖν

2200 1569 2297 1639 τὴν
2313 1566 2486 1622 πάλαι
2522 1567 2722 1638 βατήν·
2748 1565 2800 1620 τί
2821 1567 2880 1620 δέ
2917 1581 2982 1634 γε
3013 1564 3171 1618 τοῦτο
3219 1563 3356 1633 πρὸς
3396 1563 3452 1614 σέ
3513 1561 3614 1628 τὴν
3659 1559 3787 1626 Ἐρο

519 1671 656 1725 curii
707 1669 900 1726 incolis
947 1668 1133 1726 urbem
1188 1682 1350 1739 quam
1407 1681 1510 1724 nec
1543 1665 1757 1737 Jupiter
1809 1665 2094 1736 pluviosas

2209 1657 2299 1729 ιιοῢ
2321 1657 2697 1719 κατοικοῦντα,
2723 1659 2790 1729 ἢν
2831 1655 2960 1710 οὗτε
3009 1657 3143 1718 Ζεὺς
3187 1654 3399 1717 ὑέτειος
3445 1653 3642 1722 ἐφορᾷ,
3684 1651 3779 1702 καὶ

519 1763 714 1832 aspicit
744 1769 798 1817 et
831 1776 992 1831 quam
1021 1760 1412 1832 praeterlabens
1445 1759 1599 1815 Nilus
1626 1759 1682 1813 in
1713 1757 1876 1814 aliam
1897 1758 2098 1816 fertur?

517 1855 587 1909 Et
620 1855 751 1924 quid
794 1847 1004 1910 fructus
1039 1841 1296 1926 colligere
1333 1853 1621 1910 mentiris?
1648 1849 1764 1908 Nisi
1813 1859 2095 1921 serpentes

518 1947 770 2016 colligere
798 1947 932 2003 dicis
964 1955 1020 2002 et
1043 1945 1358 2016 scorpiones
1377 1959 1644 2014 omneque
1677 1958 1870 2013 agmen
1909 1943 2098 1998 istius-

521 2035 700 2088 modi?
725 2035 964 2099 Quorum
992 2035 1062 2090 ab
1094 2050 1223 2101 uno,
1251 2043 1310 2088 ut
1339 2035 1572 2100 videtur,
1592 2033 1722 2090 olim
1753 2033 2092 2097 vulneratus,

519 2124 634 2178 llol
677 2125 784 2180 hol
837 2126 1032 2189 aiunt,
1073 2125 1414 2189 clamavisti;
1480 2140 1603 2180 cum
1648 2133 1832 2179 autem
1888 2126 2094 2180 interea

520 2232 762 2272 niensam
793 2217 998 2272 lautam
1037 2217 1219 2274 vidisti
1257 2227 1400 2273 totus
1438 2217 1492 2272 in
1538 2220 1696 2272 istam
1740 2217 1922 2272 illatus
1961 2225 2018 2271 et
2045 2217 2095 2274 ei

521 2305 793 2375 srorpioni
825 2305 1154 2370 valedicens,
1183 2306 1314 2362 illud
1343 2305 1485 2362 forte
1499 2306 1765 2362 comicum
1788 2307 1836 2362 ei
1869 2307 2053 2362 dixisti
2077 2323 2092 2362 :

522 2396 804 2467 Nunquam
838 2398 958 2453 sine
999 2406 1051 2454 te
1091 2408 1340 2454 mortuus
1387 2414 1587 2454 essem.
1641 2398 1766 2454 Hinc
1811 2398 2099 2469 Oportebat

520 2491 782 2555 scribere,
800 2504 908 2545 non
945 2490 1138 2547 alienis
1169 2506 1290 2546 sese
1321 2491 1478 2545 bouis
1509 2491 1752 2558 gloriari.
1782 2490 1891 2546 Nos
1925 2489 2093 2546 silen-

525 2581 583 2634 tii
611 2594 838 2634 accusas
885 2580 1023 2634 nihil
1050 2581 1210 2636 nobis
1239 2582 1444 2636 dicens.
1479 2581 1640 2637 Certe
1670 2583 1829 2650 plura
1856 2581 2098 2639 dicentes

521 2669 766 2725 invenies
786 2677 842 2723 et
867 2669 1022 2724 nobis
1043 2684 1149 2724 non
1171 2670 1310 2726 dicis
1324 2670 1674 2726 Cothocidem
1693 2685 1813 2726 cum
1839 2672 2098 2742 sophistis

523 2761 838 2818 irridentem
871 2761 1176 2818 ﬁstularum
1205 2763 1481 2820 allectum.
1513 2763 1664 2831 Vale,
1696 2773 1750 2819 tu
1781 2773 1838 2820 et
1869 2764 2014 2822 ﬁlius
2037 2773 2092 2820 et

520 2869 658 2908 uxor
684 2869 700 2908 :
731 2870 902 2926 puero
927 2855 1234 2912 Alexandro
1259 2872 1325 2913 ne
1345 2857 1523 2928 gravis
1551 2858 1645 2920 sis,
1679 2857 2095 2914 adolescentiam

521 2947 786 3005 violenter
825 2958 1088 3006 tractans.

969 3126 1254 3182 LXXVIII.
1306 3127 1630 3185 DIODORO.

598 3217 885 3273 Famosum
947 3219 1130 3287 accepi
1183 3222 1496 3274 mandatum
1549 3224 1617 3274 de
1659 3234 1766 3287 quo
1830 3234 1952 3274 cum
1992 3221 2098 3287 iam

529 3309 738 3378 pridem
775 3323 962 3362 vocem
987 3310 1304 3374 emiseram,
1340 3311 1590 3374 silebam,
1625 3311 1833 3366 obtenti
1864 3327 1968 3367 non
1999 3313 2100 3366 im-

527 3405 744 3458 memor
798 3401 1048 3460 beneﬁcii
1101 3417 1276 3471 neque
1339 3403 1584 3457 Gerontii
1652 3418 1820 3458 musa:
1874 3405 2104 3461 haeredis

524 3492 746 3546 oblitus.
802 3491 946 3548 Solis
981 3493 1128 3549 enim
1157 3495 1312 3549 vobis
1338 3509 1655 3551 successum
1685 3496 1916 3564 praebuit
1959 3511 2099 3551 sors.

530 3581 598 3636 Et
631 3581 754 3651 quis
798 3591 1013 3652 patrem
1049 3594 1289 3639 vestrum
1333 3581 1693 3640 curn'viderit
1729 3599 1825 3652 per
1857 3599 1955 3640 vos
1995 3600 2104 3640 non

528 3674 820 3729 satiabitur
847 3674 1222 3730 desiderium?
1257 3673 1364 3730 Per
1396 3677 1685 3744 imaginem
1712 3675 1921 3732 fidelem
1946 3677 2102 3746 quasi

527 3767 592 3819 ad
609 3765 874 3836 originale
890 3767 1026 3822 bene
1043 3765 1327 3832 deductus,
1347 3769 1548 3836 gratias
1567 3769 1784 3824 silentio
1804 3768 2103 3834 solvebam,

529 3871 598 3910 ne
631 3843 860 3925 loquens‘
903 3857 1116 3910 minora
1155 3858 1582 3922 voto'dicerem;
1616 3867 1672 3914 et
1717 3860 1859 3927 apud
1890 3873 1976 3912 rue
2005 3858 2104 3913 tibi

2197 1748 2560 1822 παρατρέχων
2589 1751 2618 1803 ὁ
2645 1750 2840 1813 Νεῖλος
2879 1749 2960 1812 είς
3005 1747 3202 1816 ἐτέραν
3247 1746 3530 1813 ἐπείγεται
3559 1761 3576 1806 ;
3609 1743 3669 1794 τί
3723 1739 3782 1793 δέ

2198 1843 2294 1896 καὶ
2313 1841 2525 1911 ψευδῶς
2551 1839 2921 1912 ὀπωρίζεσθαι
2941 1839 3088 1912 φῄςς
3122 1837 3262 1908 πλὴν
3302 1837 3350 1888 εί
3377 1835 3452 1906 μὴ
3486 1835 3616 1897 τοὺς
3629 1833 3780 1902 δφεις

2195 1931 2420 2004 ὀπώραν
2453 1934 2664 1998 καλεῖς,
2693 1932 2788 1987 καὶ
2817 1933 3096 2004 σκορπίων
3122 1931 3245 1984 ὅσον
3281 1945 3342 1982 τε
3381 1927 3587 1998 πλῆθος
3611 1944 3626 1956 ·
3687 1925 3786 1995 ὑφ’
3889 1964 3909 1983 ι

2197 2027 2274 2088 ὧν
2287 2051 2453 2098 τινος,
2471 2033 2546 2096 ὡς
2562 2031 2726 2101 ἔοικε,
2745 2033 2911 2087 πάλαι
2928 2033 3176 2102 πληγεὶς,
3194 2033 3310 2095 καὶ,
3327 2031 3451 2094 Ἰοῖ),
3470 2031 3576 2094 ἰοὺ,
3591 2029 3788 2099 φασιν,

2197 2121 2508 2193 κεκραγὼς,
2543 2115 2666 2176 εἶτα
2722 2121 2927 2192 μεταξὺ
2968 2121 3248 2192 τράπεζαν
3287 2121 3582 2192 τρυφῶσαν
3632 2117 3782 2182 ίδὼν,

2195 2213 2315 2276 ὅλος
2338 2215 2425 2267 ἐπ’
2471 2213 2642 2284 αὐτὴν
2669 2211 2987 2283 ἐφέρου,τῷ
3011 2211 3258 2283 σκορπίῳ
3305 2210 3523 2283 χαίρειν
3567 2208 3726 2273 λέξας
3759 2225 3772 2237 ·

2195 2303 2352 2357 τουτὶ
2371 2303 2513 2371 τάχα
2533 2320 2638 2356 που
2675 2303 2736 2356 τὸ
2760 2303 3003 2374 κωμικὸν
3034 2303 3172 2375 πρὸς
3201 2301 3391 2356 τοῦτον
3412 2300 3583 2354 είπὼν
3603 2317 3616 2330 ο
3653 2300 3780 2370 Μή·

2197 2411 2258 2448 τε
2280 2394 2391 2466 γὰρ
2422 2394 2600 2448 θανών
2627 2412 2757 2448 ποτε
2775 2395 2888 2466 σοῦ
2913 2395 3080 2466 χωρὶς
3098 2393 3218 2466 εἴην
3239 2409 3256 2427 ο
3315 2393 3488 2448 ταῦτα
3543 2392 3784 2460 γράφειν

2199 2487 2388 2558 ἐχρῆν,
2416 2487 2518 2540 οὐκ
2541 2487 2843 2559 ἀλλοτρίοις
2863 2487 3089 2556 ἀγαθοῖς
3115 2485 3448 2558 ώραῖζέσθαι
3482 2501 3498 2516 ο
3517 2483 3658 2538 ἀλλά
3686 2484 3786 2538 καὶ
3829 2499 3832 2503 ·

2197 2578 2413 2648 σιωπῆς
2445 2595 2514 2647 με
2540 2577 2750 2650 γράφῃ,
2783 2577 2949 2648 μηδὲν
2987 2579 3125 2648 ἡμῖν
3160 2577 3223 2630 τὺ
3260 2577 3522 2648 παράπαν
3547 2574 3780 2645 φθεγγό-

2202 2687 2360 2742 μενος
2379 2687 2395 2705 θ
2446 2667 2484 2743 ἦ
2510 2671 2622 2739 γὰρ
2665 2673 2730 2726 ἂν
2762 2670 2934 2724 πλείω
2974 2670 3231 2740 λέγοντας
3254 2661 3438 2741 εὗρες,
3468 2668 3564 2722 καὶ
3589 2668 3693 2722 οὐκ
3715 2667 3783 2721 ἂν

2199 2763 2330 2835 ἡμῖν
2357 2763 2419 2818 τὸ
2447 2763 2780 2835 κοθωκίδην⁶
2807 2763 2962 2834 ἔφης,
2988 2763 3049 2816 τὸ
3087 2763 3196 2818 τῶν
3235 2762 3415 2830 αὐλῶν
3457 2761 3633 2824 πάθος
3672 2763 3786 2824 τοῖς

2201 2858 2480 2925 σοφισταῖς
2501 2853 2919 2908 ἐπισκώπτοντα
2934 2839 2956 2884 ί
2981 2854 3212 2926 ἔρρωσο,
3241 2853 3411 2907 καὶτὸ
3442 2852 3658 2907 παιδίον
3687 2852 3788 2905 καὶ

2201 2947 2235 3016 ὴ
2251 2947 2384 3014 γυνή
2404 2962 2419 2976 ·
2441 2947 2536 2998 καὶ
2561 2944 2638 3015 τῷ
2667 2945 2818 2997 natat
2839 2944 3177 3016 Ἀλεξάνδρῳ
3214 2947 3288 3016 μὴ
3307 2946 3482 3017 βαρὺς
3511 2943 3782 3010 ἐπίκεισο,

2199 3039 2328 3092 νέαν
2351 3036 2566 3106 ἡλικίαν
2619 3037 2712 3090 ἐπὶ
2759 3036 2892 3088 πολὺ
2915 3035 3252 3104 βιαζόμενος.

2751 3127 2882 3183 ou'.
2908 3129 3213 3198 ΔΙΟΔΩΡῼ.

2273 3218 2348 3272 Τδ
2381 3215 2817 3289 πολυθρύλλητον
2845 3217 3136 3286 δεξάμενος
3165 3217 3519 3288 πρόσταγμα,
3551 3215 3686 3288 περὶ
3723 3212 3790 3272 οὗ

2203 3309 2370 3364 πάλαι
2397 3309 2578 3372 πάσας
2599 3307 2790 3378 ἀφῆκα
2813 3307 3019 3377 φωνὰς,
3051 3309 3261 3378 σιωπὴν
3288 3303 3446 3379 ἦγον,
3471 3309 3532 3361 οὐ
3561 3309 3702 3376 μετά
3726 3309 3788 3360 τὺ

2201 3403 2386 3472 τυχεῖν
2408 3404 2553 3472 ἀμνη
2563 3401 2724 3472 μονεύ
2733 3417 2830 3464 σας
2850 3401 2948 3472 τῆς
2972 3400 3212 3472 χάριτος,
3235 3402 3355 3455 οὐδὲ
3376 3402 3474 3468 τῆς
3501 3402 3786 3472 Γεροντίου

2206 3493 2414 3563 μούσης
2439 3491 2777 3563 κληρονόμον
2795 3508 2808 3522 ·
2840 3493 3020 3562 μόνοις
3041 3491 3150 3560 γὰρ
3171 3493 3301 3561 ὑμῖν
3319 3492 3378 3546 τὺ
3402 3493 3788 3561 πλεονέκτημα

2205 3583 2480 3654 παρέσχεν
2505 3585 2538 3654 ἡ
2566 3583 2702 3654 τύχη
2731 3599 2746 3614 ·
2781 3585 2877 3638 καὶ
2906 3583 2991 3646 τίς
3022 3583 3096 3654 μὴ
3118 3585 3324 3636 ἐκεῖνον
3363 3582 3512 3646 ἰδὼν,
3537 3583 3607 3636 δι’
3635 3583 3790 3652 ὑμῶν

2205 3675 2599 3747 ἀποπληρώσει
2625 3677 2716 3730 τὸν
2747 3676 2946 3737 πόθον;
2981 3675 3168 3747 ὥσπερ
3196 3675 3262 3729 δι’
3287 3675 3546 3746 ἀκριϐοῦς
3581 3675 3791 3738 εἰκόνος

2205 3767 2346 3836 πρὸς
2373 3765 2436 3820 τὸ
2464 3767 2816 3838 παράδειγμα
2845 3767 3025 3831 καλῶς
3068 3767 3424 3836 ἀναγόμενος,
3467 3769 3648 3838 σιωπῇ
3689 3767 3791 3837 τὴν

2205 3857 2368 3928 χάριν
2411 3857 2633 3930 ἐτίμων,
2679 3859 2766 3912 ῖνα
2815 3859 2891 3930 μὴ
2918 3858 3115 3928 λέγων,
3157 3857 3378 3912 ἔλαττον
3419 3851 3482 3910 οὗ
3527 3858 3794 3928 βούλομαι

417 3980 422 3986 -
529 3947 798 4003 recensita
833 3947 1072 4004 manebit
1100 3951 1273 4020 gratia
1323 3947 1496 4017 major
1527 3965 1692 4020 quam
1721 3950 1878 4030 apud
1923 3964 2105 4020 regem

2206 3947 2354 4018 τύχω
2391 3947 2798 4018 φθεγξάμενος·
2831 3949 2926 4004 καί
2974 3967 3056 4002 σοι
3096 3949 3334 4002 κείσεται
3367 3950 3525 4020 χάρις
3550 3950 3796 4020 ἀνάγρα-

515 4038 822 4094 -Pcrsarum
854 4041 946 4110 qui
979 4041 1084 4096 scit
1112 4041 1386 4096 honorare
1420 4041 1784 4110 proditionem
1817 4049 1873 4094 et
1901 4037 2098 4094 Pausa-

2209 4057 2342 4105 πτος
2374 4043 2504 4111 παρ’
2528 4042 2652 4110 ἐμοὶ
2689 4042 2910 4112 μᾶλλον,
2939 4041 2972 4114 ἦ
3009 4043 3178 4111 παρὰ
3233 4041 3422 4114 Πέρσῃ
3457 4041 3675 4110 βασιλεῖ
3708 4059 3794 4094 τι-

532 4135 678 4187 uiam
714 4132 994 4188 Medorum
1043 4140 1553 4202 partes-agentem.
1597 4129 1857 4198 Quamvis
1901 4130 2098 4211 optima

2212 4131 2320 4202 μᾷν
2353 4130 2516 4184 είδότι
2560 4131 2848 4203 προδοσίαν
2894 4134 2990 4186 καὶ
3021 4134 3334 4187 Παυσανίαν
3367 4133 3681 4202 Μηδίζοντα
3701 4149 3717 4164 ·
3745 4137 3795 4186 εἰ

529 4227 775 4280 obtinere
811 4223 969 4290 velis,
1009 4223 1419 4289 ocharissime,
1468 4233 1524 4278 et
1561 4223 1816 4293 operibus
1862 4223 2098 4276 animum

2209 4223 2304 4275 καὶ
2326 4221 2394 4276 τὰ
2428 4221 2663 4292 μάλιστα
2715 4225 2900 4294 τυχεῖν
2931 4225 3148 4288 πάντως
3175 4223 3396 4288 ἐθέλων,
3430 4218 3477 4276 ὦ
3521 4223 3794 4293 βέλτιστε,

529 4314 813 4370 ostendisti
845 4314 1000 4383 mihi,
1033 4314 1396 4370 miserabilem
1416 4328 1544 4384 erga
1568 4329 1654 4368 me
1675 4313 1902 4369 emisisti
1921 4326 2098 4369 vocem

2213 4313 2308 4367 καὶ
2340 4311 2476 4379 πρὸς
2504 4313 2662 4386 ἔργον
2687 4314 2921 4382 ἐνέγκας
2958 4315 3056 4384 τὴν
3086 4315 3333 4385 γνώμην,
3371 4315 3613 4386 ἐλεεινὴν
3654 4317 3800 4388 ὑπὲρ

529 4416 586 4458 et
627 4418 658 4456 a
699 4414 882 4458 mente
933 4418 1054 4458 mea
1099 4403 1338 4459 maxime
1375 4403 1630 4458 alienam.
1679 4401 1878 4457 Coram
1922 4399 2098 4468 judice

2213 4404 2370 4477 ἡμῶν
2407 4407 2626 4476 ἀφῆκας
2657 4407 2862 4475 φωνὴν,
2884 4409 2982 4461 καὶ
3005 4407 3195 4479 πόρρω
3215 4407 3333 4461 λίαν
3361 4409 3637 4481 ἡμετέρου
3661 4427 3799 4478 φροο

531 4494 652 4561 ipso
685 4489 1102 4563 me'pauperem
1127 4508 1313 4548 vocas.
1343 4493 1554 4558 Quibus
1578 4494 1816 4548 maxime
1853 4493 2098 4563 indigna-

2209 4497 2480 4567 νήματοςο
2516 4497 2667 4567 παρὰ
2695 4496 2844 4568 αὐτῷ
2861 4497 2970 4570 γὰρ
2992 4497 3072 4567 τῷ
3101 4499 3329 4568 δικαστῇ
3365 4499 3619 4570 πτωχοὺς
3645 4499 3798 4568 ἡμᾶς

531 4593 620 4638 tus
656 4589 800 4650 sum,
849 4583 994 4654 quod
1027 4597 1096 4640 ex
1126 4581 1414 4638 altitudine
1451 4581 1810 4653 philosophiae
1853 4583 2098 4638 decidens

2210 4586 2494 4650 ἐνεκάλεις
2521 4600 2537 4616 °
2571 4587 2658 4656 ἐφ’
2692 4583 2773 4650 οἷς
2813 4586 3174 4658 ἠγανάκτησα
3224 4587 3482 4657 μάλιστα,
3517 4589 3566 4639 εί
3601 4588 3798 4640 τοσοῦ-

501 4660 643 4730 "iam
670 4675 879 4732 diviitis
931 4677 1111 4734 inhias
1139 4685 1200 4732 ut
1244 4676 1366 4731 vilia
1397 4675 1733 4745 bumiliaque
1776 4677 1942 4732 verba
1985 4690 2098 4745 pro-

2209 4694 2302 4732 τον
2331 4677 2568 4749 κέχηνας
2607 4679 2744 4749 πρὸς
2771 4678 2869 4749 τὴν
2904 4677 3058 4750 ὓλην,
3107 4678 3425 4748 φιλοσοφίας
3454 4678 3625 4748 ὕψους
3667 4682 3802 4734 ὑπο-

533 4767 677 4824 feras
705 4787 722 4836 ;
753 4784 933 4840 neque
977 4785 1156 4826 meam
1196 4769 1519 4840 dignitatem
1548 4767 1868 4838 respiciens,
1893 4781 1994 4822 nec
2023 4781 2098 4822 sa-

2213 4769 2418 4837 πεσὼν,
2471 4771 2549 4834 ὼς
2602 4771 2902 4842 χρημάτων
2940 4771 3123 4841 χάριν,
3171 4771 3369 4841 ἀγεννῆ
3424 4771 3520 4824 καὶ
3565 4773 3802 4824 ταπεινά

533 4861 930 4930 pientissimum
953 4861 1247 4933 Diogenem
1289 4861 1378 4930 qui
1409 4861 1462 4916 in
1492 4875 1620 4930 pera
1659 4861 1802 4916 nuda
1845 4860 2098 4914 maximat

2215 4861 2694 4934 προσφθέγγεσθαι
2753 4861 2998 4934 ῥήματα.
3029 4861 3140 4915 Καὶ
3176 4862 3315 4932 μήτε
3343 4860 3444 4933 τὴν
3475 4861 3616 4931 ἐμὴν
3641 4861 3801 4926 ἀξίαν

533 4956 750 5012 divitias
779 4957 1034 5028 ponebat.
1055 4957 1126 5012 At
1155 4957 1368 5011 tandem
1402 4954 1648 5024 quamvis
1665 4969 1806 5024 aegre
1825 4953 1924 5009 [ias
1955 4951 2112 5016 liber,

535 5045 724 5100 orbem
785 5047 1099 5103 universum
1159 5062 1346 5116 parum
1410 5048 1478 5101 ad
1543 5047 1800 5100 virtutem
1863 5043 2116 5100 conferre

533 5145 750 5206 putans.

1018 5317 1252 5374 LXXIX.
1299 5317 1688 5374 MARCELLO.

611 5409 1030 5466 Prmsentiarum
1059 5411 1362 5465 litterarum
1395 5426 1556 5466 causa
1582 5428 1685 5465 non
1716 5411 1810 5465 l‘uit
1870 5411 2118 5477 audacia,

2217 4959 2462 5019 σκοπεῖν,
2501 4958 2638 5028 μήτε
2679 4955 2774 5009 τὸν
2825 4954 3137 5024 σοφώτατον
3178 4955 3456 5023 Διογένην,
3489 4953 3548 5006 ὃν
3583 4955 3642 5008 ἐν
3667 4955 3800 5024 ψιλῇ

2216 5050 2294 5119 τῇ
2319 5051 2473 5119 πήρᾳ
2497 5049 2588 5101 τὸν
2627 5048 2886 5117 μέγιστον
2932 5042 3161 5099 πλοῦτον
3191 5043 3420 5116 ὡρίζετο
3438 5061 3452 5074 ·
3482 5043 3620 5098 ἀλλὰ
3642 5043 3804 5112 γενοῦ

2223 5137 2374 5208 μόλις
2399 5138 2704 5210 ἐλεύθερος,
2740 5139 2972 5210 σμικρόν
2993 5155 3049 5192 τι
3079 5138 3268 5209 χρῆμα
3307 5137 3444 5208 πρὸς
3476 5139 3578 5207 τὴν
3605 5138 3806 5208 ἀρετὴν

2219 5234 2317 5301 τὴν
2344 5232 2671 5302 οἰκουμένην
2703 5231 3026 5302 ἡγούμενος.

2730 5322 2852 5376 οθι.
2874 5321 3281 5392 ΜΑΡΚΕΛΔῼ.

2296 5413 2416 5468 Τῶν
2449 5404 2738 5482 παρόντων
2779 5415 3128 5484 γραμμάτων
3161 5415 3220 5467 οὑ
3259 5413 3462 5484 θράσος
3488 5414 3682 5479 αἴτιον,
3721 5413 3808 5466 ού-

542 5517 642 5558 nec
681 5504 863 5560 decori
909 5505 1157 5562 terminis
1190 5505 1369 5562 standi
1408 5505 1736 5576 ignorantia.
1774 5503 1881 5562 Sed
1907 5505 1986 5560 vir
2017 5505 2098 5561 ltei

2224 5507 2279 5560 δέ
2304 5507 2362 5561 τὸ
2399 5506 2474 5578 μὴ
2506 5506 2686 5578 μένειν
2718 5507 2810 5560 ἐπὶ
2837 5506 2946 5560 τῶν
2983 5506 3200 5561 οἰκείων
3222 5507 3369 5578 ὅρων
3412 5508 3614 5562 ειδέναι
3643 5527 3654 5539 ·
3695 5506 3807 5561 ἀλλ’

617 5617 638 5640 '
661 5617 736 5672 lta
768 5617 958 5673 codex.
