4000 6314
129 216 275 282 278i

1551 227 1968 293 EPISTOLxE.

3264 235 3424 303 2787

126 333 278 404 ἀνὴρ
331 331 452 402 Θεῷ
484 348 542 385 τε
571 333 723 401 φίλος
751 333 843 385 καὶ
885 331 1066 403 πάσης
1097 332 1382 400 ἀνάπλεως
1408 339 1629 408 ἀρετῆς,
1657 339 1716 391 ὃν

1863 345 2036 399 unicus
2064 329 2567 401 etomnis'virtutis
2605 351 2798 418 plenus
2845 362 3008 419 quem
3073 359 3131 404 ut
3176 351 3414 416 promis-

125 425 195 478 ού
225 425 457 478 πέπεικε
501 424 602 487 τὰς
655 426 790 496 πρὸς
844 425 989 494 ὑμᾶς
1047 426 1372 496 ὑποσχέσεις
1417 431 1713 500 ὑπερορᾷν,

125 517 196 569 ού
225 516 285 570 τὸ
311 515 406 570 νῦν
432 515 492 582 ἐξ
529 517 807 586 Αἰγύπτου
869 515 1022 586 μόλις
1060 517 1257 583 ἐλθεῖν,
1295 519 1356 572 ού
1389 522 1717 592 φροντιστή-

130 624 254 678 ριον
285 607 580 677 εὐπρεπὲς,
615 609 676 662 ού
701 610 908 678 χειμὼν
935 610 1350 681 ἀπειλούμενος,
1377 613 1440 665 ού
1476 612 1713 680 πέλαγος

129 700 394 771 ἐμποδὼν
425 741 440 767 ,
493 701 592 771 οὑχ
639 701 920 770 ὁδοιπορία
963 701 1176 773 μακρὰ,
1225 701 1428 774 ἀρετὴν
1483 703 1542 757 δέ
1587 703 1717 774 μίαν

130 793 293 857 εἰδὼς
335 794 397 846 τὸ
424 793 668 864 πληροῦν
721 793 871 864 ἔργῳ
905 794 1005 858 τὰς
1055 795 1412 866 ὑποσχέσεις·
1443 796 1536 848 καὶ
1580 797 1719 866 πρὸς

129 884 385 948 ἅπαντας
436 884 640 954 ὁμοίως
695 884 942 953 γίνεσθαι
1010 887 1418 956 παραπλήσιον,
1445 887 1568 950 ὃλος
1618 889 1723 959 ὁρᾷ

129 976 276 1048 τρὸς
337 979 482 1047 ὑμᾶς
522 993 536 1008 ·
588 978 728 1034 ἀλλά
778 980 874 1034 καὶ
931 979 1128 1034 θᾶττον
1197 981 1335 1034 ἰέναι
1395 983 1528 1053 παρ’
1575 983 1728 1051 ἡμᾶς

131 1069 568 1136 καταγγέλλεται
593 1086 607 1099 ·
630 1071 726 1124 καὶ
753 1071 1062 1142 πέπεισμαι
1095 1073 1316 1143 ῥᾳδίως,
1351 1073 1415 1127 ἐκ
1442 1073 1553 1126 τῶν
1584 1072 1727 1144 πρὸς

132 1161 288 1230 ὑμᾶς
345 1161 693 1232 ὑποσχέσεων
747 1168 850 1232 τὴν
903 1165 1097 1232 πεῖραν
1149 1162 1365 1216 λαϐὼν·
1423 1163 1728 1218 ὑπόλοιπον

129 1253 326 1306 τοίνυν
352 1254 480 1324 ὑμῖν
518 1255 837 1325 κρατεῖσθαι
859 1271 875 1287 ·
911 1259 1006 1308 καὶ
1040 1253 1250 1325 πρέπον
1277 1254 1342 1308 ἂν
1369 1255 1454 1324 εἴη
1487 1254 1560 1325 μὴ
1593 1271 1730 1325 κρα-

133 1347 258 1398 τεῖν
283 1344 489 1397 ἐθέλειν
514 1344 681 1414 ἄνδρα
709 1346 879 1414 μηδὲν
913 1343 1058 1397 οὕτω
1095 1345 1267 1398 δεινὸν
1299 1343 1432 1415 ήγού
1443 1362 1626 1414 μενον,
1657 1343 1731 1406 ὼς

135 1435 241 1506 τὴν
299 1434 393 1488 τοῦ
460 1437 822 1507 παραϐαίνειν
866 1437 1139 1505 ἀνάγκην,
1172 1439 1316 1508 άπερ
1355 1435 1729 1508 ἐπήγγελται·

1831 432 2013 488 siones
2047 433 2141 488 tibi
2174 433 2348 491 factas
2373 437 2668 508 negligeret
2697 439 2958 496 inducere
2988 449 3283 510 potuerunt
3313 457 3416 496 nec

1828 538 2025 580 recens
2075 541 2140 580 ex
2183 525 2420 598 Egypto
2476 529 2762 598 adventus,
2784 530 3296 601 necjucundissima
3325 548 3419 586 so-

1833 613 2028 681 litudo,
2055 632 2156 671 nec
2179 618 2344 673 maris
2376 620 2850 689 impedimentum,
2876 637 2976 676 nec
3004 623 3197 677 itinera
3224 621 3414 692 longa:

1828 720 1991 760 unam
2061 708 2318 765 virtutem
2373 726 2624 778 noscens,
2703 727 2831 768 suas
2903 713 3116 768 scilicet
3192 714 3417 784 implere

1829 797 2246 865 promissiones,
2275 811 2329 855 et
2355 801 2610 857 omnibus
2629 817 2687 856 se
2713 802 2828 870 pari
2857 803 3018 859 modo
3043 802 3252 858 amnem
3281 819 3418 872 prm-

1835 888 1987 953 here,
2013 891 2078 945 ad
2105 901 2155 946 te
2186 907 2332 966 nunc
2374 900 2520 949 totus
2560 896 2939 966 respicit..Sed
2969 905 3024 951 et
3052 896 3334 950 nuntiatur
3354 898 3418 950 ad

1838 993 1938 1034 nos
1967 979 2078 1034 cito
2099 991 2412 1038 venturum.
2449 983 2602 1051 Quod
2633 983 2793 1040 facile
2824 985 2989 1040 credo
3024 985 3420 1055 experientiam

1835 1082 1900 1122 ex
1939 1071 2400 1139 promissionibus
2449 1075 2542 1130 tibi
2572 1075 2732 1130 factis
2771 1090 3014 1132 sumens.
3048 1074 3310 1145 Superest
3339 1086 3421 1130 ta-

1839 1173 1966 1215 men
1997 1170 2054 1214 ut
2083 1176 2112 1216 a
2141 1171 2194 1216 te
2224 1164 2562 1232 retineatur;
2589 1176 2643 1222 et
2674 1168 2890 1224 deceret
2925 1166 3069 1222 nolle
3102 1181 3297 1235 cogere
3330 1167 3423 1220 ho-

1839 1250 2039 1305 minem
2071 1253 2164 1321 qui
2189 1254 2326 1308 nihil
2358 1264 2463 1310 tam
2494 1257 2812 1313 reformidat
2841 1272 3002 1328 quam
3040 1256 3420 1312 necessitatem

1843 1345 2282 1412 transgrediendi
2307 1361 2428 1414 quae
2465 1347 2729 1418 imperata
2769 1357 2916 1404 sunt.
2950 1347 3101 1402 Mitte
3147 1361 3278 1414 ergo
3311 1346 3424 1401 cito

1841 1437 2019 1487 virum
2057 1435 2151 1504 qui
2181 1444 2326 1490 tuam
2359 1438 2412 1491 in
2455 1439 2976 1506 ineJiumanitatem
3007 1447 3422 1494 commemoret.

140 1528 334 1600 πέμπε
393 1528 572 1581 τοίνυν
624 1529 791 1599 τάχος
858 1529 948 1584 τὸν
1011 1530 1224 1600 ἄνδρα,
1291 1530 1390 1601 τὴν
1439 1531 1712 1602 ὑμετέραν
1752 1526 2168 1600 φιλανθρωπίαν
2203 1531 2336 1604 πρὸς
2364 1533 2511 1602 ἡμᾶς
2536 1532 2942 1604 ἀφηγούμενον.

731 1661 816 1718 11'.
860 1661 1132 1732 ΣΑΒΙΝῼ.

219 1773 293 1828 Σὺ
337 1773 434 1844 μὲν
457 1775 533 1837 ὼς
555 1774 612 1826 ἐν
641 1773 832 1826 ὀνείδει
863 1773 1054 1827 πενίαν
1080 1773 1410 1846 προσφέρεις
1461 1773 1606 1842 ἐμοὶ,
1632 1774 1726 1828 καὶ

2377 1665 2592 1724 LXXX.
2619 1666 2886 1724 SABINO.

1903 1777 1982 1833 Tu
2015 1792 2144 1833 vero
2218 1777 2348 1833 mihi
2377 1787 2746 1848 paupertatem
2772 1779 2824 1832 in
2845 1780 3195 1850 opprobrium
3217 1782 3384 1838 vertis
3407 1821 3426 1849 ,

145 1863 342 1933 θηρίον
391 1863 756 1928 ἐξωλέστατον
804 1859 945 1916 εἷναί
986 1880 1070 1916 σοι
1109 1864 1168 1916 τὸ
1196 1863 1388 1934 χρῆμα
1431 1863 1596 1916 δοκεῖ·
1632 1865 1728 1918 καὶ

1854 1884 1941 1922 era
1978 1867 2363 1921 exitiosissima
2396 1867 2488 1921 tibi
2515 1883 2633 1922 esse
2663 1867 2914 1922 videntur
2969 1868 3208 1935 divitiae;
3247 1869 3430 1926 ethoc

141 1955 209 2006 τὸ
233 1954 296 2025 δὴ
329 1956 606 2024 μέγιστον,
667 1956 812 2025 Ἶρος
863 1954 976 2023 ἐγὼ
1005 1954 1156 2026 παρά
1206 1955 1290 2008 σοὶ
1318 1955 1412 2008 καὶ
1444 1953 1552 2008 τῶν
1593 1955 1728 2008 καθ-ι

1854 1975 1962 2014 ιιιιιε
1991 1959 2284 2012 maximum
2313 1975 2328 2024 ;
2354 1958 2471 2011 lrus
2501 1974 2600 2029 ego
2643 1975 2760 2012 sum
2789 1961 2928 2028 apud
2964 1970 3014 2014 te
3044 1970 3098 2014 et
3132 1962 3431 2016 necessita-

142 2047 367 2116 ημέραν
395 2048 524 2110 ἴσως
547 2047 768 2117 ἐπιδεής
791 2063 805 2078 ·
832 2047 926 2100 καὶ
947 2046 1000 2100 τί
1030 2047 1139 2119 γὰρ
1172 2049 1272 2100 οὐκ
1304 2047 1370 2100 ἂν
1393 2047 1567 2110 εἴποις
1599 2046 1730 2114 ἀρε-

1835 2050 1978 2105 lihus
2016 2050 2349 2120 quotidianis
2404 2064 2568 2120 prope
2621 2053 2885 2122 indigens.
2935 2049 3072 2118 Quid
3115 2051 3260 2104 enim
3324 2067 3428 2105 non

143 2140 253 2208 τῆς
291 2139 425 2207 ὁμοῦ
453 2141 546 2192 καὶ
574 2139 894 2208 φιλοσοφίας
927 2139 1326 2206 ἐκπεπτωκὼς,
1362 2139 1528 2192 ἐλεῶν
1563 2139 1663 2208 μὲν
1697 2139 1734 2192 ἆ

1854 2141 2048 2196 liceres
2067 2155 2188 2196 cum
2206 2142 2272 2195 de
2293 2140 2497 2194 virtute
2523 2140 2680 2196 simul
2703 2151 2757 2196 et
2775 2143 3110 2213 philosophia
3141 2141 3432 2201 excideris.

147 2247 216 2300 γε
250 2230 552 2301 θαυμάζειν
608 2233 796 2302 ἐχρῆν,
847 2233 1101 2304 μεγάλων
1126 2232 1186 2286 δέ
1210 2251 1372 2286 τινων
1399 2232 1730 2303 ἐστερῆσθαι

1854 2238 2106 2290 niserans
2136 2249 2302 2305 super
2327 2250 2392 2288 ea
2447 2249 2568 2304 qua:
2597 2245 2784 2290 essent
2836 2236 3187 2300 admiranda,
3222 2233 3432 2304 magnis

147 2323 394 2393 νομίζων
425 2324 513 2377 τὸν
545 2323 750 2394 ὑψηλόν
779 2342 840 2378 τε
869 2325 962 2379 καὶ
980 2323 1206 2392 κοῦφον,
1235 2324 1331 2376 καὶ
1361 2323 1436 2393 μὴ
1470 2323 1546 2392 τῷ
1578 2315 1734 2394 βάρει

1854 2327 2172 2404 quibusdam
2205 2326 2406 2394 privari
2447 2308 2647 2396 putans
2670 2342 2793 2382 eum
2835 2329 2926 2397 qui
2969 2327 3112 2382 altus
3141 2336 3224 2382 est
3261 2337 3317 2380 et
3357 2327 3428 2380 le-

148 2416 257 2484 τῆς
317 2415 448 2486 ὕλης
497 2417 633 2486 πρὸς
661 2417 730 2471 τά
754 2416 904 2470 κάτω
951 2417 1282 2486 φερόμενον;
1315 2417 1382 2486 τῇ
1405 2416 1604 2487 γαστρὶ
1626 2415 1736 2486 γὰρ

149 2506 256 2575 τὴν
309 2503 660 2576 εὐδαιμονίαν
715 2505 966 2578 μετρῶν,
1033 2507 1130 2559 καὶ
1190 2504 1397 2570 δόξαις
1432 2503 1738 2574 ἀνθρώπων

154 2598 580 2669 προσκείμενος,
632 2595 916 2668 ἐκμισθοῖς
967 2598 1068 2668 μὲν
1117 2599 1196 2661 εἰς
1237 2597 1272 2650 ἃ
1306 2597 1380 2668 μὴ
1420 2596 1578 2666 θέμις
1642 2595 1739 2666 τὴν
1781 2665 1784 2667 Α

153 2692 430 2761 γλῶτταν,
469 2692 644 2762 κυκᾷς
675 2691 733 2745 δέ
763 2693 829 2744 τὰ
857 2692 1185 2762 δικαστήρια
1205 2708 1218 2722 ·
1253 2693 1532 2762 πάρεργον
1563 2689 1618 2742 δέ
1646 2707 1741 2742 σου

153 2785 258 2849 τῆς
316 2781 532 2851 ἀπάτης
551 2783 599 2832 οἱ
627 2780 787 2850 δῆμοι
809 2797 821 2808 ·
844 2782 1116 2836 πλουσίων
1149 2782 1205 2834 δὲ
1235 2779 1406 2850 θύρας
1429 2779 1686 2849 ἀράττεις
1713 2793 1727 2808 ·

157 2875 264 2928 κάν
305 2889 389 2936 τις
419 2872 602 2940 ἐστιᾷν
635 2864 741 2922 οἶδε
770 2871 967 2936 καλῶς,
1021 2873 1252 2924 ἀπεῖπεν
1276 2869 1380 2924 ὑπὸ
1415 2867 1508 2921 σοῦ
1535 2869 1746 2937 θαυμα-

157 2966 390 3034 ζόμενος
411 2979 425 2992 ·
453 2963 614 3034 ἑορτὴ
641 2965 697 3016 δέ
746 2981 841 3016 σου
886 2963 1137 3034 λαμπρὰ,
1185 2961 1349 3032 ἐσθὴς
1380 2959 1619 3029 ποικίλη,
1653 2957 1748 3012 καλ⁵

1838 2417 1920 2469 vis
1941 2424 1996 2470 et
2023 2413 2387 2468 materialium
2424 2415 2662 2484 pondere
2692 2415 2758 2469 ad
2819 2415 3004 2468 intima
3049 2430 3154 2469 non
3199 2414 3432 2469 illatus?

1845 2505 2190 2561 Felicitatem
2225 2515 2414 2560 ventre
2466 2503 2702 2569 metiris,
2733 2505 3084 2574 opinionibus
3147 2507 3434 2562 hominum

1842 2597 2060 2652 deditus
2087 2635 2101 2660 ,
2131 2597 2404 2652 immistus
2438 2596 2506 2650 iis
2566 2611 2686 2665 quze
2721 2597 2870 2666 loqui
2907 2611 3012 2650 non
3058 2595 3202 2661 licet,
3233 2595 3437 2666 judicia

1844 2687 2153 2759 perturbas.
2188 2687 2367 2744 Plebis
2405 2689 2618 2757 negotia
2672 2687 2922 2758 negligis,
2993 2687 3223 2742 divitum
3255 2685 3438 2756 pulsas

1844 2777 2078 2832 ostia.Si
2107 2778 2228 2848 quis
2252 2783 2462 2833 tantum
2487 2778 2589 2833 scit
2616 2779 2923 2834 convivium
2955 2793 3249 2854 apponere,
3288 2789 3434 2832 tuam

1849 2869 2056 2924 obtinet
2099 2870 2541 2928 admirationem.
2583 2871 2744 2926 Festa
2791 2871 2892 2927 tibi
2924 2871 3439 2942 magniﬁca,vestes

1850 2961 2040 3022 variaa,
2060 2961 2308 3016 incessus
2339 2961 2686 3027 venerabilis,
2711 2973 2966 3031 aspectus
3003 2963 3104 3016 huc
3148 2962 3275 3017 illuc
3301 2959 3438 3015 ιλίΐιι-

160 3058 398 3130 βάδισμα
430 3057 692 3126 σοόαρὸν,
723 3057 816 3109 καὶ
853 3056 1068 3126 βλέμμα
1107 3057 1237 3126 τῇδε
1262 3057 1487 3108 κάκεῖσε
1543 3055 1741 3124 χεόμε-

1856 3067 1971 3110 sus.
2007 3050 2224 3122 Ubique
2257 3053 2350 3106 lilii
2383 3068 2570 3118 aures,
2589 3053 2780 3117 Midas,
2818 3053 2862 3106 si
2889 3039 3018 3121 quid
3045 3051 3192 3107 dicat
3221 3051 3440 3106 mulier-

157 3166 288 3216 νον·
353 3150 446 3202 καὶ
491 3148 770 3220 πανταχοῦ
817 3166 899 3202 σοι
936 3147 1006 3201 τὰ
1033 3142 1168 3219 ὦτα,
1206 3145 1457 3215 καθάπερ
1487 3147 1515 3198 ὁ
1549 3146 1748 3211 Μίδας,

160 3243 219 3296 εῐ
247 3240 348 3294 πού
367 3257 420 3294 τι
449 3239 743 3308 φθέγξαιτο
771 3239 992 3309 γύναιον
1023 3238 1120 3309 τὴν
1149 3239 1247 3309 σὴν
1278 3236 1483 3309 σκηνὴν
1523 3235 1754 3307 ἐκπλητ-

161 3337 416 3406 τόμενον·
442 3336 578 3390 ἀλλά
612 3337 774 3408 μέχρι
791 3337 856 3406 δή
885 3353 1050 3400 τινος,
1086 3335 1239 3406 ὕπνῳ
1272 3335 1470 3406 μακρῷ
1491 3333 1748 3402 πεδηθεὶς

161 3427 256 3485 οἷά
317 3447 401 3493 τις
464 3430 789 3500 Ἐνδυμίων,
848 3429 987 3497 πρὸς
1036 3426 1238 3499 ἀρετὴν
1275 3426 1377 3478 οὐκ
1413 3425 1744 3487 ἀνίστασαις

166 3523 384 3576 Παῦσαι
411 3521 598 3574 λοιπον
622 3521 761 3590 πρὸς
782 3519 844 3572 τὸ
873 3519 1154 3589 σωμάτιον
1184 3517 1448 3586 κεχηνὼς,
1476 3515 1573 3568 καὶ
1605 3515 1749 3567 κατά

167 3614 369 3668 σαυτοῦ
417 3613 652 3682 τρέφων,
688 3611 751 3666 τδ
813 3612 1228 3682 δεσμωτήριον·
1263 3607 1470 3662 παῦσαι
1517 3605 1743 3678 χρυσίον

166 3705 551 3776 ὀνειροπολῶν,
583 3706 679 3757 καὶ
709 3703 950 3771 ἀργύρου
979 3700 1184 3770 πλῆθος
1202 3701 1287 3752 ἀεὶ
1319 3698 1744 3767 φανταζόμενος,

169 3795 268 3846 καὶ
315 3793 520 3853 πολλὰς
578 3793 750 3862 ἀρχὰς
781 3793 846 3859 τῇ
867 3789 1074 3860 διανοίᾳ
1107 3787 1446 3858 περινοστῶν
1467 3801 1482 3818 ο
1513 3787 1579 3838 τὰ
1604 3785 1748 3838 ἔνδον

167 3880 261 3936 οἷα
289 3883 479 3954 μηδεν)⁸
499 3881 606 3934 τῶν
629 3882 797 3950 φίλων
818 3896 832 3912 ⁶
869 3881 984 3934 ἀλλ’
1007 3879 1379 3949 αὐτομόλησον
1409 3877 1544 3948 πρὸς
1581 3878 1772 3959 ἡμᾶς,

172 3979 222 4030 εἰ
255 3976 422 4030 δοκεῖ.
453 3975 562 4027 Καὶ
581 3973 680 4044 τὴν
711 3972 897 4042 κοινὴν
933 3963 1054 4024 θεὸν
1083 3973 1184 4041 τὴν
1217 3970 1408 4023 πενίαν
1439 3967 1758 4040 προσκύνει,

1853 3141 1975 3197 cuia
2025 3142 2437 3197 tabernaculum
2479 3151 2628 3196 tuum
2688 3141 2988 3198 admirans.
3021 3141 3126 3196 Sed
3160 3157 3442 3212 usquequo

1853 3233 2017 3304 longo
2045 3247 2240 3288 somno
2271 3233 2719 3303 irretitus,quasi
2772 3234 2996 3303 quidam
3040 3233 3340 3306 Endymion
3373 3233 3442 3286 ad

1856 3325 2113 3380 virtutem
2140 3339 2246 3378 non
2275 3328 2560 3394 assurgis;
2593 3325 2784 3380 desine
2816 3325 3030 3380 laudem
3060 3327 3124 3380 ad
3141 3323 3444 3395 corporalia

1857 3417 2016 3470 hiare
2039 3427 2094 3471 et
2120 3417 2174 3470 in
2215 3418 2505 3486 temetipso
2541 3432 2822 3471 carcerem
2852 3418 3088 3472 nutrire.
3125 3417 3320 3472 Desine
3343 3433 3444 3470 au-

1859 3521 1952 3563 rea
1981 3508 2282 3573 somniare,
2308 3519 2596 3578 argenteos
2617 3523 2827 3566 montes
2852 3512 2952 3565 tibi
2989 3509 3267 3578 ellingere,
3289 3522 3444 3562 men-

1857 3608 2015 3670 teque
2045 3599 2243 3655 mnltas
2299 3599 2516 3654 volvere
2570 3602 2892 3672 dignitates.
2955 3600 3216 3655 Interiora
3264 3598 3446 3669 qualia

1856 3691 1987 3746 nulli
2012 3689 2335 3744 amicorum.
2372 3690 2477 3744 Sed
2524 3696 2591 3746 ad
2641 3706 2743 3747 nos
2779 3690 2923 3760 fuge,
2956 3691 3000 3744 si
3052 3689 3147 3743 tibi
3211 3689 3441 3742 videtur.

1853 3781 2210 3838 Communem
2236 3793 2606 3852 paupertatem
2641 3793 2698 3838 ut
2721 3784 2886 3838 Deum
2913 3795 3164 3837 reverere
3181 3789 3232 3834 et
3252 3793 3446 3832 amau-

1869 3883 1975 3930 tem
2013 3889 2266 3944 agnosce.
2315 3873 2435 3930 Tibi
2489 3878 2662 3945 magis
2703 3876 3034 3944 obsequetur
3069 3889 3232 3943 quam
3289 3871 3447 3926 nobis

1870 3975 2033 4036 teque
2060 3965 2238 4020 adhuc
2261 3978 2293 4020 a
2324 3980 2382 4020 se
2413 3967 2748 4036 amatum‘iri
2783 3966 3056 4036 promisit.

172 4025 960 4138 καί-ιρίλοῦσανιέπίγνῶθι·
1013 4063 1110 4117 καὶ
1139 4025 1280 4132 ’γὰρ
1311 4061 1369 4112 σὲ
1436 4025 1691 4129 περιέπει
1747 4025 1959 4131 μᾶλλον
1994 4058 2142 4129 ἥπερ
2197 4059 2369 4128 ἡμᾶς,
2410 4057 2504 4111 καὶ
2551 4025 2802 4128 φιλῆσειν
2859 4056 2940 4109 ἐτι
2979 4053 3443 4126 κατεπήγγελται.

685 4159 844 4240 ’Πλκ
891 4179 1214 4254 medens.

255 4302 419 4352 Ὅσον
450 4299 672 4360 ἐλύπεις
697 4295 974 4368 ἀπαίρων,
997 4294 1098 4346 οὐκ
1122 4292 1186 4345 ἂν
1211 4291 1417 4362 ἤλπισα
1443 4287 1757 4359 προλαϐὼν,

2309 4179 2545 4235 LXXXI.
2597 4158 2993 4234 ooni'n‘iiiao.

1928 4295 2042 4352 Nisi
2070 4296 2399 4365 experientia
2427 4295 2760 4357 didicissem,
2781 4309 3054 4363 nunquam
3089 4292 3445 4348 credidissem

179 4392 232 4444 εί
269 4389 344 4460 μὴ
377 4389 478 4458 τὴν
507 4390 701 4456 πεῖραν
728 4384 888 4456 έσχον
917 4383 1268 4438 διδάσκαλον·
1303 4381 1365 4447 ἐξ
1391 4376 1452 4435 οὗ
1475 4382 1585 4452 γὰρ
1607 4384 1746 4450 ἡμᾶς

1861 4396 2065 4441 tantam
2103 4401 2188 4441 me
2221 4401 2284 4440 ex
2314 4397 2404 4440 tuo
2425 4387 2666 4441 discessu
2695 4383 3037 4439 amictionem
3067 4393 3442 4452 accepturum.

179 4478 329 4550 ᾤχου
358 4476 696 4540 καταλιπὼν,
719 4475 820 4529 οὐκ
857 4472 1188 4542 ἐπαυσάμην
1241 4470 1380 4542 μετά
1419 4469 1514 4524 σοῦ
1541 4473 1610 4540 τῇ
1635 4469 1756 4523 δια-

184 4570 306 4641 vei;
333 4567 690 4632 παλινοστῶν,
729 4567 824 4621 καὶ
868 4565 1095 4636 λιμένας
1124 4565 1217 4618 καὶ
1243 4563 1512 4618 θάλατταν
1535 4561 1762 4632 διαγρά-

186 4679 304 4731 φων
318 4662 374 4712 ἐν
395 4658 586 4729 ἐαυτῷ.
608 4661 738 4724 Καὶ,
763 4658 957 4719 Κλῦθι,
984 4655 1275 4710 Ποσείδαον
1296 4656 1545 4724 γαιήοχε,
1567 4653 1764 4707 πολλά-

187 4771 277 4816 κις
300 4751 491 4814 εἰπὼν,
509 4750 694 4821 ἠξίουν
709 4750 914 4820 εὐμενῆ
937 4767 1020 4802 σοι
1039 4749 1304 4818 παρέχειν
1332 4747 1432 4817 τὴν
1464 4746 1760 4800 θάλατταν·

188 4846 288 4899 καὶ
317 4843 412 4898 τοῦ
445 4841 578 4895 πλοῦ
604 4841 702 4906 τὰς
727 4841 940 4912 ἡμέρας
962 4842 1057 4894 ἐπὶ
1082 4840 1190 4894 τῶν
1222 4839 1504 4894 δακτύλων
1533 4839 1760 4891 ἐτίθουν·

189 4937 286 4991 καὶ
310 4934 483 4998 οὕτως
505 4933 622 4998 ὅλος
649 4933 943 5005 ἐτύγχανον
979 4933 1132 5004 παρά
1166 4933 1270 4994 σοὶ,
1297 4931 1370 4995 ὡς
1402 4931 1496 4985 καὶ
1528 4930 1764 4984 καλέσαι

192 5030 316 5084 τινὰ
375 5028 678 5100 πειραθεὶς,
726 5027 917 5082 ἔλαθον
953 5025 1213 5088 πολλάκις
1269 5023 1546 5094 Δωρόθεον
1609 5040 1768 5095 προσο

194 5122 398 5176 ειπιιῖηι⁹
431 5123 525 5175 καὶ
552 5123 580 5176 ό
613 5121 714 5192 μὲν
741 5121 925 5190 ἐγέλα,
970 5120 1082 5190 ἐγὼ
1119 5120 1176 5174 δὲ
1201 5118 1588 5190 διαμαρτάνων
1606 5117 1771 5188 ἠχθό-

201 5230 344 5285 μην·
376 5214 441 5267 σὺ
475 5213 552 5276 δὲ,
613 5214 744 5279 ῐσθι,
781 5213 1018 5284 ἠγνόεις,
1071 5211 1268 5266 ὁπόσον
1304 5213 1445 5280 ἡμῖν
1502 5210 1771 5264 ἐναπέθου

198 5307 442 5377 φίλτρον.
510 5305 774 5370 Πολλάκις
801 5306 1095 5378 προσιόντα
1125 5303 1246 5358 τινὰ
1269 5301 1547 5375 πόρρωθεν
1572 5302 1774 5356 θεασά-

203 5410 384 5464 μενος,
409 5395 489 5458 σέ,
523 5393 598 5464 μά
625 5397 753 5460 τοὺς
790 5393 1218 5458 θεοὺς,’ἐδόκουν
1239 5393 1393 5462 ὁρᾷν,
1424 5391 1561 5462 πρὸς
1588 5393 1648 5445 τὺ
1673 5393 1774 5462 τῆς

200 5483 442 5548 διανοίας
465 5485 735 5556 βούλημα,
767 5486 875 5540 τῶν
899 5484 1196 5556 ὀφθαλμῶν
1233 5483 1432 5554 ῥαδίως
1463 5481 1765 5552 ἀπατώμε-

201 5592 326 5628 νον·
375 5575 554 5647 τῆςδέ
579 5577 784 5646 πλάνης
835 5578 988 5647 μόλις
1042 5579 1420 5648 ἀπήλλαγμαι,
1469 5576 1777 5646 γράμματα

206 5671 498 5741 δεξάμενος
525 5671 678 5741 παρά
709 5670 825 5738 σοῦ,
866 5672 960 5726 καὶ
987 5669 1331 5741 θεραπεύσας
1365 5670 1455 5723 τὸν
1486 5669 1685 5740 ἔρωτα.

1860 4477 1937 4532 Ex
1971 4492 2081 4547 quo
2109 4476 2300 4531 abiens
2335 4492 2421 4532 me
2471 4475 2829 4552 dereliquisti,
2865 4489 2970 4528 non
3005 4473 3211 4528 cessavi
3269 4473 3445 4527 te'cum

1861 4579 2042 4626 mente
2074 4571 2270 4634 redire,
2299 4579 2489 4641 portus
2523 4579 2578 4624 et
2607 4584 2756 4624 mare
2788 4569 2840 4622 in
2877 4567 3082 4636 meipso
3107 4565 3446 4629 describens,

1861 4671 1914 4716 et
1942 4661 2148 4716 iteratis
2167 4661 2369 4715 vicibus
2387 4662 2573 4716 dicens
2599 4661 2722 4713 audi
2751 4674 2855 4723 me,
2874 4657 3138 4727 Neptune,
3166 4657 3254 4728 qui
3275 4666 3447 4710 terras

1864 4753 2059 4816 ambis,
2106 4753 2254 4807 illum
2286 4755 2580 4808 secundum
2615 4750 2710 4804 tibi
2757 4764 2906 4803 mare
2961 4749 3088 4804 dare
3133 4749 3446 4818 precabar;

1866 4845 1980 4898 dies
2011 4845 2210 4916 navigii
2246 4843 2498 4897 notabam
2521 4843 2728 4912 digitis,
2752 4851 2808 4896 et
2839 4841 2914 4893 ita
2943 4849 3088 4894 totus
3115 4849 3294 4894 tecum
3325 4853 3447 4893 ver-

1867 4934 2028 4990 sabar
2085 4935 2229 4990 utsi
2281 4949 2441 5004 quem
2496 4941 2759 4987 tentarem
2809 4931 3122 5002 appellare,
3157 4944 3302 5000 sirpe
3363 4946 3448 4984 me

1871 5026 2028 5080 latuit
2063 5023 2394 5080 Dorotheum
2435 5037 2666 5088 vocare;
2699 5021 2910 5076 ridebat
2943 5019 3052 5082 ille,
3083 5034 3185 5088 ego
3215 5034 3345 5074 vero
3374 5019 3442 5073 de

1871 5133 2058 5174 errore
2090 5117 2355 5172 dolebam.
2401 5114 2458 5170 Si
2507 5116 2744 5184 ignores,
2793 5113 2930 5168 scito
2971 5121 3230 5180 quantum
3267 5110 3319 5164 in
3365 5125 3453 5166 me

1873 5211 2126 5280 philtram
2179 5206 2462 5276 injecisti:
2518 5220 2667 5274 stupe
2712 5219 2835 5260 cum
2888 5203 3184 5272 aspicerem
3218 5201 3451 5270 aliquem

1874 5301 2056 5370 procul
2081 5300 2406 5360 venientem,
2429 5309 2502 5361 te,
2523 5298 2728 5358 hercle,
2751 5294 2937 5347 videre
2959 5294 3236 5360 putabam,
3254 5289 3458 5344 mentis

1875 5391 2152 5446 voluntate
2190 5389 2493 5460 decipiente
2519 5387 2724 5444 oculos.
2771 5388 2853 5440 Ab
2887 5398 3072 5440 errore
3108 5383 3199 5436 vix
3254 5381 3459 5436 liberor

1876 5488 2001 5539 dum
2031 5486 2245 5540 litteras
2259 5493 2396 5550 tuas,
2441 5497 2560 5552 qua:
2597 5479 2856 5536 medelam
2877 5473 3109 5532 aderunt
3140 5472 3332 5543 amori,
3363 5486 3458 5526 ae-

1877 5578 2041 5648 cipio.
