4000 6314
578 183 725 249 2783

1029 291 1284 348 LXXXII.
1323 290 1709 351 STEI’HANO.

652 380 821 439 Tuam
861 382 1230 439 celebritatem
1280 384 1604 440 denuntiant
1646 386 1827 441 omnia
1865 387 1919 442 in
1948 387 2146 455 quibus

576 475 729 532 viros
760 475 930 530 bonos
962 490 1290 546 cognoscere
1308 476 1589 544 subsistit;
1613 478 2139 547 sicuteXpertorum

576 567 968 632 testimonium,
990 578 1279 635 superatur
1298 568 1431 622 actis
1456 583 1672 634 sermo,
1689 580 1916 637 postque
1937 584 2023 624 res
2037 585 2155 627 esse

579 658 830 722 videtur;
864 657 1100 711 studium
1150 657 1293 724 quod
1340 672 1556 726 semper
1609 674 1735 728 erga
1769 674 1876 726 me,
1919 661 2156 714 maximo

579 764 700 803 meo
740 748 954 813 honori,
994 748 1228 803 habuisti
1258 788 1274 811 .
1303 763 1444 803 nunc
1468 750 1771 817 praesertim
1796 751 1966 820 pluris
1984 749 2148 816 facio,

575 854 697 894 cum
740 849 947 893 tantum
989 840 1166 893 virum
1204 840 1334 892 mihi
1366 840 1659 909 contigerit
1702 840 1857 909 juxta
1892 841 2153 895 brevissi-

572 943 718 982 mum
764 928 862 981 viae
910 927 1254 983 intervallum
1309 927 1544 994 abesse;
1586 930 1840 996 quamvis
1881 929 2147 999 simplici-

568 1032 669 1075 bus
735 1014 934 1075 littéris
1003 1027 1248 1075 uteretur
1282 1060 1297 1084 ,
1336 1034 1442 1072 non
1537 1033 1751 1089 possem
1827 1019 2152 1089 respondere

560 1106 772 1183 jubenti
808 1126 822 1175 ;
846 1111 981 1164 adeo
1011 1125 1202 1180 magna
1225 1109 1354 1163 mihi
1382 1107 1645 1162 incumbit
1668 1108 1913 1163 molestia
1936 1119 2024 1163 tua
2046 1110 2153 1164 dis-

569 1200 821 1255 cessione
844 1200 1067 1266 alilieto,
1109 1210 1163 1254 et
1209 1202 1388 1255 omnis
1417 1202 1539 1256 vitae
1567 1209 1668 1255 tuae
1698 1199 1953 1253 virtutem
2004 1200 2150 1254 desi-

564 1291 789 1359 derans,
821 1300 877 1347 et
920 1307 1262 1362 quacunque
1289 1292 1621 1361 praeveniens
1656 1291 1938 1346 denuntiat
1981 1289 2145 1357 fama,

564 1381 897 1450 experientia
934 1381 1197 1449 fundata;
1256 1384 1327 1437 ita
1407 1391 1465 1438 ut
1523 1400 1711 1453 parum
1759 1383 1972 1440 abesset
2018 1385 2145 1455 quin

565 1486 688 1526 eum
711 1488 816 1542 qua
850 1473 989 1528 forte
1014 1474 1235 1530 indutus
1251 1489 1402 1530 eram
1426 1486 1576 1531 veste
1600 1478 1841 1533 venirem
1868 1479 2147 1533 familiari.

1888 184 2244 247 PROCOPII
2277 186 2522 246 GAZ/EI

2174 306 2223 360 Α

3694 172 3819 237 ῗῖδί

2785 293 3281 363 tnr.2TE¢AN9.

2329 388 2439 458 Τὴν
2469 386 2741 457 ὑμετέραν
2776 384 3141 455 λαμπρότητα
3171 381 3434 452 κηρύττει
3464 381 3566 452 μὲν
3594 383 3693 435 ὅσα
3709 380 3847 446 τοὺς

2255 462 2492 547 ἀγαθοὺς
2557 473 2847 547 γνωρίζειν
2900 475 3100 546 ἄνδρας
3152 474 3476 527 ἐπίσταται·
3510 472 3590 535 ὡς
3614 473 3673 526 δέ
3723 475 3818 529 τῶν

2256 569 2627 642 πειραθέντων
2654 570 2686 638 ἡ
2720 565 3017 638 μαρτυρία,
3074 567 3290 619 νικᾶται
3320 567 3439 628 τοῖς
3463 566 3653 633 ἔργοις
3678 567 3707 617 ὁ
3739 567 3816 618 λό-

2255 677 2370 726 γος,
2408 658 2634 712 καὶτῶν
2681 656 3024 726 πραγμάτων
3082 655 3314 708 κατόπιν
3342 650 3487 707 εἶναι
3515 656 3700 708 δοκεῖ·
3730 655 3817 723 τὴν

2253 751 2310 804 δὲ
2339 751 2469 821 περὶ¹
2489 748 2589 819 ἐμὲ
2618 747 2855 818 σπουδὴν
2884 748 2971 801 ἀεὶ
3002 747 3242 816 μεγίστῳ
3272 746 3679 816 παραδεδωκὼς
3702 746 3820 799 θαύο

2260 861 2412 914 ματι,
2445 841 2540 895 νῦν
2565 843 2662 910 ούχ
2680 841 2883 910 ἣκιστα
2910 837 3069 891 τοῦτο
3095 837 3257 901 ποιῶ,
3288 838 3492 908 ὅτεπερ
3534 838 3706 905 ἄνδρα
3738 855 3819 906 μοι

2252 935 2505 990 τοσοῦτον
2526 933 2744 986 ἔπεισεν
2787 931 2882 984 ἐπὶ
2920 930 3248 1001 μικρότατον
3272 931 3449 1001 μῆκος
3478 930 3600 983 ὁδοῦ
3625 930 3818 983 θεῖναι·

2251 1024 2327 1087 ὡς
2356 1025 2403 1077 εί
2429 1023 2525 1075 καὶ
2552 1021 2730 1091 ψιλοῖς
2761 1020 3032 1089 ἐχρήσατο
3058 1019 3402 1088 γράμμασιν,
3437 1019 3539 1072 οὐκ
3571 1018 3640 1073 ἂν
3671 1020 3823 1089 ἔσχον

2253 1114 2555 1181 ἀντιλέγειν
2607 1111 2918 1165 κελεύοντιο
2968 1110 3110 1164 οὖπυ
3142 1110 3199 1164 δέ
3262 1127 3352 1180 μοι
3407 1109 3549 1180 βαρὺ
3605 1112 3817 1180 φορτίον

2251 1204 2526 1274 ἐπέθηκεν
2583 1202 2887 1273 αἰδουμένῳ
2938 1201 3037 1272 τὴν
3093 1201 3297 1270 ἄφιξιν,
3357 1204 3455 1256 καὶ
3496 1202 3594 1255 τοῦ
3624 1205 3819 1265 παντὸς

2252 1295 2370 1366 βίου
2423 1293 2522 1365 τὴν
2584 1294 2822 1364 ἀρετήν·
2877 1295 2972 1347 καὶ
3030 1294 3131 1346 ὅσα
3180 1291 3532 1362 προλαϐοῦσα
3561 1292 3819 1363 κηρύττει

2251 1387 2431 1457 φήμη,
2485 1383 2846 1453 βεδαιωθεῖσα
2869 1387 2937 1454 τῇ
2966 1383 3162 1455 πείρᾳ·
3199 1382 3347 1435 ὥστε
3377 1380 3579 1453 μικροῦ
3604 1383 3717 1435 δεῖν
3746 1385 3823 1446 ὡς»

2249 1474 2393 1547 εἶχον
2428 1477 2708 1547 σχήματος
2738 1476 2994 1546 εἱπόμην,
3028 1474 3162 1545 μηδέ
3215 1476 3329 1537 τοῖς
3353 1473 3581 1536 οἰκείοις
3608 1474 3823 1544 χαίρειν

564 1562 668 1617 hus
711 1565 847 1619 meis
881 1580 986 1620 non
1042 1567 1375 1624 valedicens.
1442 1568 1548 1624 Sed
1587 1569 1830 1638 quaedam
1876 1570 2134 1638 cogitatio

2248 1568 2419 1623 είπών
2438 1584 2452 1599 ·
2487 1567 2621 1621 ἀλλά
2652 1566 2719 1638 μέ
2747 1584 2830 1630 τις
2863 1567 3043 1621 ἔννοια
3097 1564 3254 1635 μόλις
3281 1566 3515 1634 ἐπέσχεν
3540 1565 3813 1635 ὁρμῶντα,

563 1652 710 1707 subit
769 1654 822 1708 in
868 1670 955 1711 me
1025 1658 1260 1714 excitato
1298 1698 1313 1723 ,
1362 1631 1619 1715 censenti.
1656 1658 1791 1713 nihil
1864 1631 2134 1730 despicere

2246 1655 2593 1726 λογιζόμενον
2622 1631 2682 1709 τό
2717 1655 2879 1727 μηδὲν
2916 1631 3184 1726 ὑπερορᾷν
3206 1631 3485 1725 πατρίδος,
3524 1631 3584 1706 ἐν
3668 1653 3815 1724 πρῶ-

562 1745 892 1813 patriam,_in
919 1763 1021 1817 qua
1052 1749 1281 1818 primum
1307 1750 1472 1806 solem
1493 1751 1620 1817 vidi,
1645 1759 1698 1805 et
1724 1751 2001 1821 pulchrius
2023 1748 2157 1809 esse

563 1847 691 1903 erga
715 1835 885 1902 illam,
921 1838 1205 1907 quaejusta
1267 1849 1415 1908 sunt,
1480 1856 1725 1908 servare,
1758 1857 1919 1912 quam
1947 1859 2140 1898 aurum

567 1926 849 1993 possidere
893 1945 910 1996 ;
946 1940 997 1984 et
1054 1939 1233 1988 tantos
1264 1944 1480 1990 exteros
1525 1935 1670 1990 circa
1729 1947 1815 1991 tne
1847 1943 2157 2005 praesentes.

562 2025 937 2075 contemnere.

1076 2110 1361 2170 LXXXIII.
1398 2115 1646 2174 PETRO.

631 2198 836 2259 Gratus
864 2201 1199 2275 Epiphanius
1219 2207 1305 2261 cui
1334 2210 1444 2265 tuis
1475 2211 1669 2266 litteris
1693 2226 1941 2283 magnam
1973 2215 2142 2271 bene-

562 2287 854 2345 volentiam
886 2293 1271 2359 tribuis,,mihi
1309 2299 1547 2355 amicitia
1577 2301 1851 2371 vincitur;
1889 2319 2139 2374 magnam

561 2378 614 2431 in
636 2381 890 2436 omnibus
920 2382 1257 2452 diligentiam
1299 2389 1557 2454 ostendit,
1585 2405 1705 2459 qua:
1750 2402 1875 2447 sunt
1926 2394 2142 2462 juvenis

558 2486 666 2525 non
709 2472 1083 2543 manifestans,
1105 2477 1198 2532 sed
1222 2487 1367 2534 totus
1392 2479 1593 2537 litteris
1623 2483 1855 2549 deditus,
1891 2484 2141 2541 reﬂexio-

560 2562 1017 2635 niqueintentus;
1052 2570 1196 2637 quod
1255 2581 1630 2640 argumentum
1674 2583 1760 2629 est
1810 2576 2136 2631 calumniam

558 2662 746 2708 contra
809 2656 952 2711 illum
1004 2658 1171 2715 fuisse
1204 2662 1544 2730 instructam,
1570 2665 1871 2737 falsumque
1898 2667 2027 2721 illud
2056 2668 2137 2723 vi-

556 2742 668 2798 deri
693 2748 833 2814 quod
854 2747 980 2802 olim
1010 2749 1386 2808 denuntiatum
1407 2772 1427 2821 ;
1452 2755 1758 2811 otiosorum
1782 2758 1924 2812 enim
1946 2758 2049 2811 ista
2075 2768 2132 2813 et

555 2835 750 2889 utentis
766 2850 832 2890 ex
849 2836 1144 2894 irrationali
1158 2843 1269 2897 otio
1287 2842 1339 2896 in
1355 2858 1417 2897 ea
1437 2859 1556 2914 quae
1572 2859 1676 2899 non
1692 2844 1933 2914 deberet,
1953 2844 2132 2902 illatae.

2241 1768 2333 1804 τον
2365 1746 2503 1804 εἶδον
2548 1749 2639 1803 τδν
2672 1749 2826 1820 ἥλιον
2853 1764 2865 1777 ·
2899 1748 2995 1802 καὶ
3032 1748 3110 1812 ώς
3140 1747 3303 1801 καλὸν
3337 1749 3407 1804 τὰ
3442 1749 3583 1819 πρὸς
3614 1745 3814 1816 ταύτην

2243 1841 2431 1895 δίκαια
2495 1839 2808 1910 φυλάττειν,
2844 1839 3037 1911 ἢπολὺ
3082 1840 3385 1910 κεκτῆσθαι
3442 1839 3697 1909 χρυσίων
3722 1837 3817 1892 καὶ

2244 1931 2428 2007 ξένους
2450 1931 2738 1995 τοσούτους
2769 1932 2836 1990 δι’
2872 1932 2972 2002 ἐμὲ
3002 1933 3275 2002 παρόντας
3307 1930 3605 2000 ὑπεριδεῖν.

2829 2111 3216 2180 ΠΓἏΠΕΤΡῼ.

2326 2204 2385 2258 '0
2413 2203 2575 2266 καλὸς
2641 2203 2960 2271 Ἐπιφάνιος
3009 2205 3120 2264 τοῖς
3166 2201 3454 2271 ὑμετέροις
3519 2200 3813 2272 γράμμασι

2242 2295 2505 2366 πλείστην
2559 2295 2900 2365 ἐπαγόμενος
2957 2292 3195 2357 εὓνοιαν,
3255 2292 3486 2361 συνέστη
3519 2293 3621 2362 μὲν
3642 2291 3815 2356 οὕτως

2241 2389 2388 2458 ἐμοὶ,
2443 2386 2676 2457 σπουδὴν
2706 2386 2765 2440 δέ
2795 2388 2975 2440 πᾶσαν
3009 2383 3322 2450 ἐπεδείξατο
3387 2382 3635 2454 λογικὴν,
3679 2383 3813 2454 μηδὲ

2239 2476 2348 2531 τῶν
2393 2477 2495 2530 ὅσα
2542 2476 2698 2547 φέρει
2756 2475 2943 2545 νεότης
3001 2474 3472 2546 ἐπιδεικνύμενος,
3527 2473 3647 2526 ἀλλ’
3692 2472 3821 2526 ὅλον

2239 2568 2404 2622 αὐτὸν
2430 2570 2544 2631 τοῖς
2573 2567 2753 2636 λόγοις
2795 2566 3031 2630 ἐνδιδοὺς
3064 2566 3159 2619 καὶ
3189 2568 3257 2636 τῇ
3293 2565 3491 2636 μελέτῃ
3527 2580 3811 2635 προσκαρο

2236 2660 2443 2729 τερῶνο
2488 2659 2516 2712 ὃ
2564 2658 2628 2730 δὴ
2680 2658 2775 2712 καὶ
2836 2658 3137 2729 τεκμήριον
3174 2654 3316 2711 εἶναι
3365 2656 3513 2710 δοκεῖ
3566 2654 3665 2709 τοῦ
3709 2655 3807 2727 τὴν

2238 2750 2576 2822 κατηγορίαν
2632 2749 2978 2803 πεπλᾶσθαιο
3034 2750 3126 2802 καὶ
3169 2749 3364 2819 ψευδὲς
3419 2744 3558 2802 εἷναί
3618 2747 3807 2801 πουτδ

2237 2843 2405 2898 πάλαι
2458 2841 2854 2913 θρυλλούμενον
2888 2857 2904 2873 ο
2952 2841 3270 2912 ἀργούντων
3314 2841 3423 2911 γὰρ
3479 2841 3667 2893 ἐκεῖνα
3712 2840 3810 2892 καὶ

555 2923 811 2981 Isocratis
844 2929 1104 2987 obediens
1168 2934 1473 3004 praeceptis,
1504 2944 1558 2989 et
1597 2949 1922 2991 consumens
1966 2935 2133 2989 otium

2239 2934 2474 2997 διανοίας
2503 2933 2563 2999 ἐξ
2590 2933 2788 3003 ἀλόγου
2831 2934 3026 3004 σχολῆς
3060 2933 3146 3001 ἐφ’
3187 2932 3223 2987 ἃ
3255 2932 3332 3003 μὴ
3370 2932 3452 2985 δεῖ
3472 2931 3807 3001 φερομένης.

554 3018 678 3070 vitae
695 3019 969 3075 audiendo.
985 3036 1278 3084 sermones.
1298 3039 1403 3078 non
1422 3026 1513 3079 dat
1560 3026 1932 3081 calunmiatori
1958 3025 2147 3093 {metit

553 3120 677 3159 vum
727 3110 918 3166 merito
936 3096 1599 3185 calumniandi;quamvis
1617 3118 1731 3186 ipse
1765 3118 1940 3182 sileat,
1963 3116 2129 3171 vitam

553 3199 714 3255 habet
736 3203 803 3255 ad
826 3202 1040 3258 laudem
1073 3206 1414 3261 inducentem
1437 3225 1465 3273 ;,
1481 3209 1686 3262 utinam
1707 3209 1924 3278 juvenis
1947 3208 2119 3277 magis

553 3293 795 3347 intendat
808 3295 1311 3367 studio,nostraque
1324 3300 1388 3353 de
1401 3300 1489 3354 illo
1502 3316 1625 3369 spes
1639 3316 1742 3366 non
1760 3302 1831 3356 sit
1844 3299 2135 3358 frustrata.

2252 3026 2552 3096 Ἰσοκράτει
2580 3024 2637 3077 δέ
2666 3042 2752 3087 τις
2802 3022 3124 3094 πειθόμενος
3149 3023 3243 3075 καὶ
3272 3021 3688 3074 καταναλίσκων
3709 3019 3809 3090 τὴν

2236 3117 2331 3171 τοῦ
2386 3117 2500 3186 βίου
2561 3114 2756 3186 σχολὴν
2796 3115 2876 3178 εἰς
2930 3114 3031 3185 τὴν
3056 3114 3166 3167 τῶν
3191 3113 3365 3181 λόγων
3398 3112 3710 3182 φιληκοΐαν,
3744 3112 3809 3164 οὺ

2234 3208 2416 3261 δίδωσι
2447 3204 2757 3274 συκοφάντῃ
2794 3203 2951 3271 λόγον
2978 3201 3054 3264 ώς
3080 3201 3308 3264 εἰκότως
3334 3200 3440 3271 ἄρα
3469 3201 3769 3268 κατηγορεῖ
3788 3214 3807 3229 ο

2234 3298 2335 3352 κᾶν
2368 3297 2478 3369 γὰρ
2502 3295 2662 3359 αὐτὸς
2692 3293 2889 3367 σιγώη,
2925 3293 3017 3346 τὸν
3049 3291 3163 3362 βίον
3187 3292 3302 3361 ἔχει
3338 3291 3473 3361 πρὸς
3505 3289 3807 3359 ἀπολογίαν

552 3382 852 3452 ἀρκοῦντα·
876 3384 1083 3453 γένοιτο
1111 3387 1165 3441 δὲ
1199 3389 1293 3441 καὶ
1320 3389 1410 3442 τὸν
1437 3390 1554 3445 νέον
1582 3391 1782 3461 μᾶλλον
1805 3392 2105 3447 ἐπιδιδόναι
2139 3389 2275 3461 πρὸς
2304 3389 2519 3457 λόγους,
2551 3385 2649 3439 καὶ
2670 3385 2821 3456 ἡμᾶς
2845 3384 2942 3454 τῆς
2974 3382 3069 3434 ἐπὶ
3121 3380 3300 3476 ῖούτφ
3363 3380 3437 3451 μὴ
3495 3376 3807 3450 διαμαρτά“

550 3492 609 3529 νε
619 3493 665 3528 ιν
685 3476 737 3528 ἐ)
749 3477 916 3548 πίδος,

461 3628 465 3632 _
552 3569 841 3627 LXXXIV.
860 3573 1229 3631 ZACIIARLE
1261 3574 1348 3629 ET
1371 3574 1680 3632 PIIILIPPO
1703 3576 2118 3636 FliATRlBUS.

620 3661 969 3721 Admirabilis
1017 3664 1362 3729 Timotheus,
1395 3667 1535 3723 hanc
1573 3667 1756 3724 ferens
1797 3671 2114 3737 epistolam,

551 3754 771 3825 utrique
818 3766 1058 3811 vestrum
1099 3759 1368 3813 scribendi
1417 3760 1467 3812 in
1511 3762 1764 3827 praesenti
1806 3771 1889 3817 est
1945 3762 2117 3828 ratio;

548 3856 705 3915 patre
734 3856 883 3904 ortus
901 3859 1181 3905 mansueto
1212 3851 1554 3920 maximeque
1579 3853 1906 3923 tranquillus
1934 3854 1988 3908 in
2033 3869 2122 3909 se-

554 3933 673 4003 ipso
716 3934 1014 4005 genitorem
1054 3939 1387 4004 circumfeﬂ,
1455 3956 1663 3996 morum
1740 3944 2123 3998 verecundiam

2368 3571 2489 3622 IIA'.
2528 3564 2828 3635 ΖΑΧΑΡΙᾼ
2848 3565 2969 3617 KAI
2994 3562 3282 3633 ΦΙΛΙΠΠῼ
3306 3559 3662 3614 ΔΔΕΛΦΟῐΣ.

2306 3663 2365 3715 '0
2401 3659 2714 3728 θαυμαστὸς
2737 3654 3021 3726 Τιμόθεος,
3052 3655 3080 3707 ὁ
3104 3651 3311 3722 ταύτην
3339 3651 3522 3720 φέρων
3554 3650 3658 3718 τὴν
3680 3648 3804 3700 ἐπι-

2227 3754 2425 3823 στολὴν
2446 3750 2539 3805 τοῦ
2583 3750 2681 3820 μὲν
2723 3747 2972 3810 ἀλλήλοις
3005 3744 3240 3814 γράφειν
3281 3742 3375 3795 ἐπὶ
3411 3741 3505 3794 τοῦ
3533 3739 3806 3810 παρόντος

2226 3843 2375 3897 ἐστὶν
2422 3842 2562 3912 ἀρχή
2601 3858 2615 3871 ο
2674 3838 2883 3908 πατρὸς
2932 3836 2991 3890 δὲ
3032 3835 3319 3904 τυγχάνων
3380 3832 3688 3901 ἐπιεικοῦςξ
3706 3831 3808 3884 καὶ

2225 3933 2347 3986 λίαν
2379 3931 2733 4001 ἀπράγμονος
2755 3928 2811 3980 ἐν
2832 3924 3011 3995 ἐαυτῷ
3046 3922 3334 3993 περιφέρει
3384 3921 3477 3974 τὸν
3530 3919 3802 3988 φύσαντα,

548 4025 697 4080 vultu
718 4042 816 4082 suo
842 4028 1196 4086 manifestans
1216 4032 1515 4099 ;erubescit
1540 4035 1684 4089 enim
1714 4034 1913 4102 subito,
1932 4036 1976 4089 si
2002 4037 2124 4103 quis

2239 4026 2320 4096 τὴν
2342 4024 2450 4076 τῶν
2466 4024 2681 4094 τρόπων
2706 4019 2990 4074 εὐσέϐειαν
3006 4017 3101 4069 ἐπὶ
3122 4016 3217 4070 τοῦ
3242 4013 3540 4100 προσώπου
3556 4012 3805 4075 δεικνύςι

550 4117 696 4172 illum
716 4119 935 4186 'laudet,
960 4121 1005 4175 si
1029 4121 1200 4177 solum
1226 4126 1467 4194 aspicere
1495 4125 1642 4179 velit.
1675 4124 1775 4180 Hic
1830 4136 2118 4195 propterea

2239 4091 2451 4187 ερυθριᾷ
2496 4091 2627 4182 γοῦν
2688 4112 2944 4182 ἑτοίμως,
2981 4110 3083 4164 κᾶν
3113 4126 3198 4195 τις
3228 4091 3394 4161 αὑτὸν
3423 4106 3648 4175 ἐπαινῇ,
3693 4103 3805 4157 κᾶν

561 4211 768 4278 regiam
812 4212 999 4266 urbem
1035 4215 1207 4279 venit,
1239 4215 1546 4287 indigetque
1579 4231 1759 4287 vestra
1787 4219 2119 4274 auctoritate

2239 4209 2550 4263 ίποὸλέπειν
2604 4206 2767 4275 μόνον
2818 4203 3002 4274 ἐθέλῃ.
3067 4190 3237 4263 Οὗτος
3266 4200 3392 4256 ὅτου
3413 4198 3476 4268 δὴ
3504 4199 3668 4269 χάριν
3700 4197 3804 4266 τὴν

550 4303 602 4354 in
655 4303 852 4372 quibus
918 4307 1185 4375 poteritis,
1240 4309 1503 4363 auxilium
1533 4310 1779 4366 facileilli
1817 4312 2112 4378 praebente.

2239 4300 2471 4354 Βασιλίδα
2530 4297 2686 4351 πόλιν
2717 4296 3025 4366 κατείχετο,
3063 4294 3157 4348 καὶ
3193 4293 3363 4345 δεῖται
3396 4289 3496 4360 τῆς
3525 4288 3803 4359 ὑμετέρας

550 4388 683 4444 Illud
718 4391 979 4447 facientes
1004 4396 1139 4463 grati
1164 4397 1318 4450 eritis
1352 4398 1485 4453 viris
1518 4399 1696 4462 bonis,
1728 4401 1929 4469 quibus
1981 4399 2124 4455 nihil

550 4479 742 4536 melius
769 4485 1113 4552 cognoscitur
1144 4501 1303 4556 quam
1337 4490 1518 4544 colere
1546 4491 1826 4546 virtutem.

1063 4752 1328 4811 LXXXV.
1366 4753 1614 4812 llSDEM.

620 4845 866 4904 Prmsens
914 4860 1108 4913 annus,
1148 4856 1208 4903 ut
1260 4848 1498 4914 videtur,
1541 4848 1851 4920 freﬁuentes
1889 4866 1918 4905 a
1959 4853 2115 4909 nobis

550 4952 741 5005 preces
774 4936 1022 5008 perferet,
1049 4939 1224 5007 justas
1257 4948 1461 5005 tamen,
1482 4950 1537 4995 ct
1555 4941 1772 5009 dignum
1801 4943 1956 4998 laude
1979 4958 2115 5014 prae-

549 5037 750 5082 textum
799 5029 1077 5094 habentes,
1128 5028 1173 5083 si
1216 5030 1335 5098 quis
1358 5030 1495 5085 bona
1544 5042 1723 5086 mente
1747 5032 2024 5099 praeditus,
2061 5042 2116 5089 et

554 5120 799 5175 moribus
830 5114 1110 5187 .Graacus,
1161 5121 1485 5177 beneficium
1540 5137 1599 5178 se
1656 5133 1913 5193 praestare
1946 5126 2115 5181 malit

543 5226 705 5280 quam
746 5211 977 5281 priorem
1017 5214 1290 5283 accipere.
1328 5214 1398 5268 Ea
1424 5230 1587 5285 porro
1628 5216 2110 5285 impraesentiarum

544 5304 864 5372 mdigentia.
906 5304 1078 5371 Nilus,
1110 5307 1195 5360 vir
1243 5305 1653 5373 celeberrimus,
1691 5308 1781 5377 qui
1811 5308 1974 5362 vitam
2006 5308 2114 5367 Deo

540 5396 900 5460 consecravit,
935 5396 987 5451 in
1022 5399 1153 5454 urbe
1178 5400 1395 5469 quidem
1433 5401 1664 5466 habitat,
1693 5411 1864 5458 matre
1891 5404 1957 5460 de
1995 5403 2114 5472 ipso

541 5485 797 5551 sollicita,
826 5484 971 5544 illius
1019 5500 1357 5546 senectutem
1409 5491 1569 5547 simul
1612 5503 1665 5548 et
1695 5493 1818 5548 inde
1845 5494 2109 5549 orientem

541 5575 910 5635 infirmitatem
964 5580 1169 5637 fovens.
1219 5581 1407 5654 Neque
1467 5591 1647 5641 tamen
1713 5586 1891 5643 minus
1948 5602 2109 5659 quam

2221 4391 2425 4464 ῥοπῆς,
2457 4393 2515 4443 ἐν
2542 4383 2624 4452 οἷς
2657 4389 2724 4443 ἂν
2755 4387 2989 4458 δύνησθε
3051 4382 3368 4455 συμμαχίαν
3396 4382 3603 4436 ἄλυπον
3634 4396 3805 4450 χορη-

2220 4484 2458 4555 γούσης·
2492 4486 2649 4538 τοῦτο
2675 4484 2733 4537 δὲ
2765 4480 3070 4546 ποιοῦντες,
3122 4479 3383 4548 ἀνδράσιν
3405 4477 3596 4530 ἔσεσθε
3637 4493 3804 4546 κεχα-

2222 4578 2466 4651 ρισμένοι
2504 4578 2759 4648 χρηστοῖς
2777 4593 2792 4609 ⁸
2822 4567 2884 4629 οὗ
2902 4574 3087 4645 μεῖζον
3111 4573 3261 4629 οὐδὲν
3284 4560 3396 4634 τοῖς
3423 4571 3593 4641 τιμᾷν
3622 4571 3802 4637 ἐγνω-

2221 4670 2342 4726 κόσι
2371 4672 2468 4741 τὴν
2501 4671 2723 4743 ἀρετήν.

2743 4760 2871 4814 ΠΕ’.
2909 4757 3037 4824 Τοῖς
3051 4756 3278 4821 αὐτοῖς.

2290 4855 2365 4908 Τὸ
2395 4852 2590 4925 παρὸν,
2619 4852 2695 4915 ὠς
2726 4849 2923 4913 ἔοικεν,
2952 4848 3070 4911 ἔτος
3103 4848 3314 4917 δεήσεις
3338 4844 3647 4915 παρ“ἡμῶν
3674 4844 3801 4897 δια-

2217 4936 2435 5021 κόμίσει
2485 4948 2717 5011 πυκνὰς,
2781 4946 2918 5017 πλὴν
2974 4940 3067 4998 οὖν
3115 4943 3329 5004 δικαίας
3383 4942 3482 4994 καὶ
3519 4941 3800 5010 πρόφασιν

2216 5042 2447 5113 ἐχούσας
2499 5028 2922 5108 ἐπαινουμένην,
2952 5036 3017 5090 ἄν
3062 5052 3145 5099 τις
3194 5033 3492 5102 εὐγνώμων
3540 5033 3639 5084 καὶ
3701 5031 3799 5083 τον

2217 5134 2418 5205 τρόπον
2456 5132 2786 5199 Ἑλληνικὸς,
2810 5130 2969 5201 χάριν
2999 5127 3064 5181 ἂν
3095 5127 3287 5198 ἡσθείη
3312 5126 3510 5191 διδοὺς,
3531 5124 3566 5195 ἢ
3599 5124 3800 5192 προτέ-

2218 5241 2328 5295 ρων
2347 5222 2655 5293 δεχόμενος’
2680 5219 2903 5288 τοιαύτη
2922 5219 2980 5272 δέ
3010 5235 3092 5281 τις
3123 5216 3230 5269 τῶν
3257 5216 3539 5286 παρόντων
3560 5218 3594 5284 ἡ
3611 5213 3796 5284 χρείαο

2213 5316 2453 5378 Νεῖλοςὸ
2481 5311 2809 5381 λογιώτατος
2838 5309 2956 5381 Θεῷ
3009 5309 3100 5362 τὸν
3163 5308 3274 5378 βίον
3348 5304 3592 5370 ἀναθεὶς,
3639 5304 3802 5356 πέλιν

2218 5407 2315 5476 μὲν
2337 5406 2476 5458 οἰκεῖ
2524 5403 2728 5475 μητρὸς
2754 5402 2841 5454 ἐπ’
2875 5399 3025 5470 αὐτῷ
3055 5396 3407 5464 σαλευούσης,
3440 5396 3625 5465 γῆρας
3658 5391 3801 5465 ὁμοῦ

2215 5494 2550 5568 θεραπεύων,
2611 5494 2706 5547 καὶ
2741 5493 2839 5565 τὴν
2867 5490 3115 5546 ἐντεῦθεν
3151 5487 3437 5542 ἀσθένειαν
3463 5505 3475 5517 ·
3502 5487 3613 5539 οὐδ’
3640 5485 3711 5539 ἂν
3742 5483 3800 5538 δέ

2213 5582 2375 5660 ἦττον
2406 5586 2634 5654 πολλῶν,
2659 5585 2791 5654 ἶσοι,
2823 5584 2909 5639 ἐπ’
2935 5583 3171 5655 ἐρημίας
3197 5580 3496 5634 οἰκούντων
3521 5578 3611 5632 ἐπ’
3642 5576 3797 5631 sua?
