4000 6314
241 315 398 387 ’2785

1672 318 2073 388 EPIS’I‘OL/E.

3350 304 3513 416 τιδι’

233 384 378 500 ’σεία
405 425 751 499 γνωρίζεται*
783 426 958 481 οἶκίαν
984 427 1042 481 δὲ
1071 429 1409 499 κεκτημένος
1424 384 1599 485 Χτόπον
1624 433 1792 503 ὑψηλδ

1908 384 1919 385 γ
1940 384 2072 388 ___-
3350 384 3489 416 ιιου

1895 473 1901 494 ,
1930 438 2082 493 multi
2107 439 2160 495 in
2186 441 2478 499 solitudine
2514 443 2768 514 degentes
2797 456 3021 519 propter
3058 452 3312 521 pietatem
3346 461 3489 517 cele-

248 519 482 591 ὲχούσης
511 520 605 573 τὸν
626 520 1051 591 παρακείμενον,
1088 521 1330 590 γείτονος
1353 522 1629 577 ἀπέλαυσε
1663 541 1829 595 πονη-

251 611 371 681 ροῦ,
431 611 491 674 ὃς
551 611 772 682 θυρίδας
831 613 975 666 κατὰ
1020 612 1116 666 τοῦ
1150 614 1225 686 μὴ
1258 616 1632 686 προσήκοντος
1663 615 1825 686 ψιλοῦ

248 705 578 775 νεωτερίσας
600 705 779 769 τινὰς,
815 708 950 778 πρὸς
983 707 1081 776 μὲν
1113 707 1175 762 τὸ
1211 709 1384 780 παρὸν
1413 710 1684 781 ὡμολόγει
1716 728 1825 783 μη-

230 796 334 849 ’δὲν
369 796 619 866 ἐμποδὼν
643 796 883 858 ἔσεσθαι,
915 798 1118 875 ταύτας
1144 801 1447 871 οἰκοδομεῖν
1476 802 1786 875 βουλομένῳ
1804 821 1820 838 ο

228 887 321 950 πὼς
343 887 398 941 δὲ
417 888 511 940 νῦν
543 890 623 951 είς
651 889 811 960 ἔργον
835 879 968 960 ἦ).οε
998 891 1026 943 ὁ
1064 890 1241 958 λόγος,
1284 895 1514 966 κώλυμα
1547 896 1648 961 τὰς
1670 898 1823 970 θυρί-

240 974 340 1042 δας
371 979 744 1049 προϐάλλεται
765 999 778 1013 ·
816 981 1006 1054 ὥσπερ
1034 983 1190 1054 δίκην
1213 986 1462 1039 ἀπαιτῶν
1486 988 1566 1041 ὅτι
1596 990 1821 1059 παρεῖδε

240 1071 769 1140 καινοτομούμενοςθ
804 1073 948 1144 ὁρῶν
981 1075 1038 1128 δὲ
1069 1078 1182 1140 τοῖς
1221 1077 1449 1142 δικαίοις
1484 1082 1820 1153 πανταχόθεν

239 1161 435 1215 ἑαυτὸν
462 1160 849 1233 ἐξωθούμενον,
902 1167 1257 1237 παρείσδυσιν
1282 1170 1463 1240 ἑαυτῷ
1499 1171 1820 1237 δυναστείας

238 1252 451 1306 ἐπινοεῖ
473 1268 487 1283 ο
515 1255 608 1307 καὶ
630 1252 691 1308 τὸ
724 1254 982 1324 μέγιστον
1009 1257 1201 1328 ἀνδρὸς
1233 1262 1346 1323 τοῖς
1370 1259 1602 1326 δικαίοις
1646 1265 1818 1332 ἐγνω-

236 1345 398 1406 κότος
427 1344 545 1397 ἀεί·
583 1347 660 1407 είς
692 1346 799 1416 γὰρ
822 1346 912 1401 τὸν
943 1348 1108 1403 πολὺν
1131 1352 1336 1426 ἐκεῖνον
1358 1352 1580 1408 ὠθεῖται
1614 1354 1819 1411 Νεστό-

237 1453 376 1506 ριον,
402 1437 480 1506 τῷ
513 1437 587 1508 μὴ
610 1442 866 1508 παρεῖναι
916 1441 1008 1495 τὸν
1065 1443 1232 1514 ἄνδρα
1266 1444 1484 1518 θαρρῶν
1504 1464 1521 1481 ο
1566 1451 1677 1512 τοῖς
1705 1450 1816 1521 γὰρ

233 1526 385 1597 αὐτῷ
428 1530 795 1600 προσήκουσιν
823 1534 904 1595 εἰς
939 1535 1256 1605 συμμαχίαν
1278 1539 1643 1609 χρησάμενος,
1669 1541 1815 1613 ὠνὴν

232 1621 317 1682 εἰς
341 1620 501 1672 αὐτόν
523 1638 644 1674 τινα
672 1623 809 1686 πρὸς
843 1626 1184 1694 κακουργίαν
1216 1628 1492 1683 ἐπλάσατο
1522 1630 1584 1684 τὸ
1606 1631 1814 1687 δίκαιον

229 1698 406 1773 ὄνομα
429 1720 442 1733 ’
473 1706 568 1760 καὶ
602 1711 739 1778 πρὸς
764 1710 977 1764 ἀδικίαν
1011 1711 1142 1783 ὕλην
1176 1713 1379 1782 λαϐὼν,
1409 1718 1501 1771 καὶ
1529 1720 1657 1795 τούς
1689 1721 1811 1774 κατ’

1929 523 2139 582 bratur.
2172 527 2307 584 Cum
2334 540 2513 587 autem
2541 533 2760 590 domum
2796 540 3130 608 acquisierit,
3164 559 3284 614 qua:
3318 547 3496 604 locum

1925 617 2199 674 excelsum
2251 621 2613 693 propinquum
2654 627 2839 693 habet,
2871 630 3054 686 vicino
3116 637 3350 703 quodam
3396 640 3498 695 im-

1884 726 1887 727 '
1926 709 2097 776 probo
2123 711 2312 777 utitur,
2342 729 2463 795 quae
2498 714 2761 773 fenestras
2788 729 2975 774 contra
3009 722 3098 791 jus
3133 739 3292 782 omne
3338 729 3496 785 inno-

1924 810 2080 866 vans,
2130 804 2384 870 praesenti
2430 806 2646 877 quidem
2679 816 2928 881 tempore
2967 813 3321 883 profitebatur
3363 820 3496 876 nihil

1924 889 2190 946 obstaculi
2222 896 2337 951 fore
2379 912 2472 952 eas
2527 898 2796 955 aediﬁcare
2845 904 3065 959 volenti.
3112 907 3264 964 Nunc
3312 922 3491 967 autem

1921 993 2043 1034 cum
2076 983 2143 1036 ad
2171 999 2306 1054 opus
2343 1001 2524 1043 sermo
2566 991 2803 1059 devenit,
2837 992 3105 1052 fenestras
3138 998 3491 1069 impedimen-

1923 1077 2035 1123 tum
2092 1075 2413 1141 praatendit,
2454 1080 2612 1147 quasi
2649 1080 2912 1150 justitiam
2952 1097 3199 1156 repetens
3228 1093 3371 1158 quod
3404 1094 3491 1147 in-

1920 1174 2126 1217 novans
2154 1162 2243 1230 jus
2283 1167 2714 1233 praetermiserit.
2752 1170 2887 1225 Cum
2924 1188 3052 1229 veru
3095 1178 3491 1235 animadvertat

1920 1263 1981 1304 se
2024 1252 2272 1322 undique
2305 1269 2334 1308 a
2365 1256 2489 1326 jure
2516 1268 2819 1327 extrusum,
2856 1265 2922 1318 ad
2968 1271 3259 1338 potentiam
3301 1273 3491 1328 confu-

1918 1353 2045 1406 gere
2070 1345 2366 1415 excogitat,
2406 1357 2570 1418 atque
2623 1351 2733 1407 imo
2787 1355 2887 1410 viri
2933 1357 3216 1426 cujusdam
3261 1364 3352 1432 qni
3401 1364 3490 1433 ju-

1922 1429 2127 1485 stitiam
2154 1446 2369 1504 semper
2397 1438 2622 1508 diligere
2650 1444 3025 1500 statuit.lllum
3054 1451 3196 1503 enim
3224 1429 3487 1519 praestan-

1912 1519 2187 1576 tissimum
2216 1524 2420 1581 invadit
2452 1528 2791 1599 Nestorium,
2825 1551 2930 1591 non
2977 1539 3170 1595 adesse
3212 1542 3484 1599 hominem

1907 1609 2582 1691 con-fidens.Propinquos
2613 1623 2665 1677 in
2712 1626 2972 1681 auxilium
3020 1633 3312 1695 advocatis,
3359 1650 3486 1703 pre-

1918 1704 2050 1756 tium
2083 1705 2419 1777 sibialiquod
2449 1711 2514 1766 ad
2543 1716 2844 1771 nocendum
2879 1722 3149 1790 aequitatis
3182 1722 3381 1780 famam
3409 1726 3487 1779 rf-

228 1796 398 1849 αὐτοῦ
438 1800 775 1868 πανταχόθεν
813 1800 1069 1866 ἐπαίνους
1096 1804 1403 1862 διαϐάλλειν
1432 1791 1777 1881 πειρώμενος

1915 1790 2100 1860 ﬁnxit;
2147 1802 2202 1849 et
2248 1766 2315 1851 ad
2358 1797 2614 1866 injuriam
2648 1766 3114 1879 materiam‘eapit
3157 1821 3210 1866 et
3238 1816 3484 1883 proprias

229 1888 369 1942 ἀλλὰ
420 1890 590 1944 ταῦτα
625 1891 811 1962 μαθὼν
838 1895 904 1948 δι’
938 1896 1113 1967 ὑμῶν,
1152 1899 1389 1954 κωλύσει
1411 1902 1532 1964 ταῖς
1557 1905 1811 1972 ἀπειλαῖς

216 1981 321 2056 ῑτὸν
348 1982 637 2038 ἀδικοῦντα
665 1985 732 2039 δι’
752 1986 945 2059 ἀνδρὸς
968 1991 1242 2060 τιμῶντος
1274 1993 1344 2047 τὰ
1372 1994 1582 2053 δίκαια.

784 2160 937 2230 Πςν.
973 2159 1225 2221 ΩΡΙΩΝΙ.

298 2238 368 2300 Ὅ
389 2248 488 2317 μὲν
553 2289 567 2305 .
639 2290 655 2305 .
732 2296 745 2310 .
780 2255 856 2325 (l)
884 2260 1198 2328 χαριεῖσθαι
1227 2265 1293 2335 τῇ
1326 2262 1699 2340 παιδεύσειτῇ
1736 2274 1803 2341 σῇ

218 2337 286 2390 τί
306 2355 370 2405 γε
401 2339 484 2393 δεῖ
509 2343 816 2414 γράμματα
882 2386 897 2402 .
960 2366 977 2402 .
1037 2389 1053 2405 .
1113 2352 1210 2405 καὶ
1242 2354 1416 2409 ταῦτα
1436 2357 1606 2428 δήπου

222 2428 320 2479 ἐπὶ
361 2429 456 2482 τοῦ
488 2433 719 2502 γράφειν
750 2437 816 2490 ἀν
870 2477 886 2493 .
948 2474 975 2495 -.
1054 2482 1069 2496 .
1147 2444 1248 2515 τῆς
1294 2447 1393 2517 μὲν
1424 2450 1503 2513 είς
1534 2451 1677 2521 ὑμᾶς
1707 2428 1802 2507 εὐ-

221 2519 373 2582 νοίας
411 2520 501 2574 τὸν
528 2523 696 2594 ἄνδρα
738 2528 1060 2601 τεθαύμακα
1093 2535 1231 2606 μηδὲ
1273 2537 1365 2591 τὸν
1430 2579 1445 2593 .
1527 2519 1582 2594 ._
1627 2582 1641 2596 .
1720 2544 1801 2597 εί-

218 2605 448 2684 δόμενον
478 2615 536 2681 ἐξ
565 2612 640 2671 ὧν
656 2614 795 2674 οἶδεν
822 2622 950 2692 ὑμῖν
972 2605 1353 2697 χαριούμενος
1377 2630 1479 2702 τὴν
1504 2631 1561 2685 δὲ
1589 2634 1799 2704 σιωπὴν

218 2707 334 2775 ήγα
410 2748 423 2761 .
496 2749 511 2763 .
583 2750 598 2764 .
672 2710 975 2783 ἐρυθριῶν·
1005 2717 1101 2769 καὶ
1137 2720 1301 2788 σοφὸν
1329 2720 1469 2792 ἔχων
1493 2724 1797 2779 ἐπιστεῖλαι

225 2797 415 2866 μηδέν.
461 2800 549 2864 Ὦς
576 2801 683 2873 γὰρ
751 2805 850 2858 καὶ⁹
905 2804 1154 2864 Πλάτωνι
1179 2811 1255 2881 τῷ
1289 2816 1582 2886 σοφωτάτῳ
1626 2817 1796 2881 δοκεῖ,

216 2886 321 2938 οὐκ
342 2887 485 2941 ἔστιν
514 2891 717 2961 ἀρετὴν
744 2894 942 2949 εἰδέναι
972 2914 1024 2971 τι
1052 2898 1127 2968 μὴ
1155 2902 1269 2962 τοίς
1291 2898 1474 2972 ἔργοις
1502 2904 1639 2975 πρὸς
1665 2907 1795 2978 ἀρε-

213 2976 317 3047 τὴν
340 2978 690 3051 ἐπειγόμενον
709 2998 722 3013 ³
753 2985 781 3037 ὃ
809 2985 865 3038 δὲ
888 2985 964 3057 μὴ
991 2987 1137 3042 ἔστιν
1160 2991 1380 3059 εἰδέναι,
1411 2976 1789 3069 κᾶνκὲρυθριά·

215 3085 378 3138 σαιμι
408 3072 535 3140 περὶ
584 3073 775 3127 τούτου
822 3078 1193 3148 φθεγγόμενος
1222 3096 1239 3112 ⁶
1280 3085 1375 3137 καὶ
1417 3086 1590 3139 ταῦτα
1621 3089 1789 3142 ποιῶν

210 3158 407 3231 ὥσπερ
446 3160 512 3215 ἂν
530 3161 586 3216 εῐ
608 3180 692 3227 τις
721 3167 987 3239 μουσικὴν
1017 3171 1139 3239 μηδ’
1178 3170 1316 3242 ὄναρ
1341 3175 1525 3241 είδὼς,
1566 3169 1687 3233 εἶτά
1707 3194 1789 3243 τις
1818 3158 1861 3184 υ
1892 3162 1906 3216 ί

213 3244 460 3320 ΔὈρφεὺς
503 3249 643 3309 εἶναι
667 3257 835 3326 λέγοι,
868 3262 937 3314 τά
962 3263 1125 3334 θηρία
1150 3268 1215 3337 τῇ
1242 3267 1379 3340 λύρᾳ
1412 3273 1784 3343 χειρούμενος

209 3341 329 3395 ἀλλ’
363 3347 411 3398 εί
431 3345 537 3400 δέοι
559 3349 667 3403 τῶν
701 3352 1030 3422 κρουμάτων
1059 3356 1393 3427 ἐφάψασθαι,
1426 3341 1787 3432 γέλωςήεύθύς

204 3437 240 3488 ὁ
274 3437 507 3507 κόμπος,
570 3442 664 3496 καὶ
714 3446 893 3500 πάντα
923 3446 991 3520 δὴ
1033 3452 1232 3520 ῥᾳδίως
1266 3455 1580 3528 ἐλέγχεται·
1620 3462 1785 3519 πόθεν

208 3522 306 3581 οὖν
339 3528 410 3603 [δ]
446 3532 519 3602 μὴ
543 3535 764 3605 πέφυκα
785 3539 934 3608 παρά
963 3541 1040 3613 τῷ
1059 3544 1138 3615 σῷ
1164 3546 1292 3618 οείφ
1317 3522 1629 3624 vagam:
1648 3555 1785 3629 εφης

204 3636 264 3671 τοι
290 3620 426 3691 πρὸς
454 3623 617 3677 αὐτὸν
645 3627 904 3694 πολλάκις
930 3633 1080 3704 νόμῳ
1105 3636 1168 3707 δὴ
1190 3638 1372 3706 φιλίας
1391 3620 1781 3717 ἀποσεμνύνων

201 3707 343 3779 ἒμέο
379 3713 407 3765 ὁ
441 3712 498 3765 δὲ
531 3715 621 3767 τὸν
662 3718 827 3772 πόθον
859 3721 920 3773 οὐ
956 3726 1193 3792 σκοπῶν,
1227 3729 1344 3783 ἀλλ’
1372 3735 1436 3786 ὲκ
1458 3707 1581 3789 τῶν.
1602 3739 1781 3811 ἔργων

205 3797 347 3855 εἶναι
402 3803 530 3889 τούς
566 3805 758 3876 λόγους
807 3812 1087 3882 οἰόμενος,
1140 3819 1364 3885 ἀπαιτεί
1410 3797 1780 3903 γενέσθαι-με

201 3893 447 3948 τοιοῦτον
470 3891 581 3949 οἷον
607 3914 675 3967 με
701 3901 814 3962 τοῖς
841 3900 1018 3970 λόγοις
1062 3908 1392 3977 ἀνέπλασας,
1422 3916 1514 3967 καὶ
1553 3917 1647 3970 τοῦ
1684 3921 1777 3973 σοῦ

200 3984 433 4055 ψεύδους
492 3987 586 4043 νῦν
637 3993 867 4059 εὐθύνας
913 3999 1343 4069 εἰσπράττοντα·
1380 4007 1474 4058 καὶ
1515 4008 1779 4081 διελέγχω

202 4094 300 4129 σου
335 4079 458 4142 τοὺς
485 4080 695 4151 λόγους,
725 4085 825 4139 οὐκ
851 4085 991 4157 ἔχων
1016 4089 1218 4161 ἀρετῆς
1246 4093 1499 4161 γενέσθαι
1520 4079 1777 4154 διδάσκα-

195 4165 321 4227 λος*
372 4167 511 4239 πλὴν
572 4172 760 4245 ἐπειδὴ
809 4176 947 4245 πρὸς
987 4178 1046 4231 σέ
1075 4197 1165 4249 μοι
1208 4183 1277 4234 τὰ
1322 4184 1649 4256 γράμματα,
1684 4189 1772 4243 δο-

196 4258 288 4309 κεῖ
329 4256 391 4329 δὴ
443 4260 605 4315 πάλιν
655 4263 977 4336 θαυμάζειν,
1033 4269 1120 4325 ινα
1185 4273 1259 4343 μὴ
1298 4276 1493 4329 σαυτὸν
1541 4278 1776 4352 ὲλέγχῑις

191 4345 547 4417 ψευδόμενον.

745 4519 871 4578 ΠΖι.
904 4526 1207 4601 ΔΙΟΔΩΡῼ.

272 4604 511 4660 Ὂεολοῖν
567 4610 662 4664 τοῦ
722 4614 1013 4683 Εὐριπίδου
1067 4620 1276 4688 ῥακίων
1300 4622 1398 4695 τὴν
1418 4624 1557 4698 ἐμὴν
1585 4629 1764 4686 οἰκίαν

186 4697 454 4768 ἔπλησας,
485 4702 760 4773 ἁδωνάρια
797 4707 1020 4775 πέμψας
1048 4710 1291 4783 ἄρυθμα,
1335 4717 1479 4772 καθά
1503 4697 1588 4772 σοι
1610 4721 1764 4789 φίλον

187 4791 398 4855 καλεῖν,
460 4794 556 4846 καὶ
599 4794 835 4864 βλαῦτας
879 4800 1177 4879 ἀμούσους,
1232 4806 1328 4860 καὶ
1386 4809 1759 4882 ἁφικράτιδας

185 4882 273 4949 ἐφ’
305 4876 389 4944 αἷς
420 4884 468 4936 εί
490 4884 583 4938 καὶ
629 4886 753 4955 μέγ’
801 4876 1086 4958 οἰμώξειεν
1115 4896 1145 4947 ό
1172 4876 1478 4968 στρατηγός
1512 4876 1759 4973 ’ίφικράξ

181 4986 285 5041 της
338 4973 457 5028 οὐδὲ
504 4976 605 5047 τῆς
649 4978 904 5051 Ἀττικῆς
928 4984 1227 5053 φερούσαις
1249 4993 1575 5063 τεκμήριον.
1620 4996 1757 5050 Οὐδὲ

96 5090 115 5101 ν
183 5079 211 5128 γ
228 5060 295 5131 ip
327 5063 489 5135 χάριν
516 5065 636 5118 τινὰ
662 5066 754 5119 καὶ
783 5071 974 5124 πεῖναν
998 5073 1255 5145 μελίττης
1296 5060 1589 5151 Ὑμήττίού
1616 5101 1758 5156 παρο

180 5156 420 5223 ἐχονται,
454 5158 573 5210 οὐδὲ
600 5157 843 5231 βοῶσιτῇ
872 5163 972 5234 θέᾳ
1000 5166 1098 5235 τὴν
1125 5170 1404 5240 Ἀττικὴν,
1432 5177 1487 5227 ὲν
1561 5154 1759 5248 Μάρα-

179 5244 291 5295 θὼν
331 5244 426 5299 καὶ
457 5246 719 5317 Σαλαμὶς,
741 5250 835 5302 καὶ
864 5250 1060 5322 ἄνδρες
1090 5255 1407 5328 ἐλευθερίας
1437 5244 1762 5338 καίφροτνή.

179 5350 351 5402 ματος
412 5335 663 5404 ἐρασταὶ,
695 5339 755 5390 οὐ
787 5339 865 5407 μά
897 5342 995 5393 Δία
1050 5344 1182 5413 παρ’
1218 5346 1347 5416 ὑμῖν
1397 5351 1573 5424 μούσῃ
1604 5335 1759 5409 τετε-

180 5424 448 5493 ιεσμένου
470 5425 536 5479 τά
558 5427 665 5497 γὰρ
685 5428 994 5499 ὑμέτερα...
1017 5435 1133 5487 ἀλλ’
1152 5435 1394 5507 εὔστομα
1419 5444 1649 5498 κείσθωο
1683 5452 1756 5519 μή

168 5532 225 5571 τι
266 5517 360 5570 καὶ
381 5518 528 5573 λάθω
552 5520 955 5593 φθεγξάμενος·
986 5527 1052 5580 τὰ
1089 5529 1186 5598 μὲν
1224 5533 1293 5585 σὰ
1321 5532 1469 5604 δῶρα
1503 5517 1745 5594 τοιαῦται

1906 1879 2102 1938 laudes
2125 1885 2364 1956 undique
2398 1903 2655 1961 spargere
2681 1895 2891 1950 nititur.
2924 1895 3031 1952 Sed
3062 1879 3350 1970 postquam
3372 1904 3484 1960 hac

1908 1987 2010 2042 per
2046 1989 2146 2031 nos
2189 1977 2460 2049 didicerit,
2514 1984 2676 2041 minis
2724 1973 3035 2057 prohibebit
3083 2007 3206 2047 eum
3253 1997 3341 2064 qui
3389 2010 3485 2066 per

1908 2064 2089 2119 virum
2126 2067 2269 2137 juris
2292 2071 2835 2133 observantissimum
2869 2081 3120 2152 injuriam
3151 2084 3302 2143 facit.

2395 2164 2694 2225 LXXXVI.
2732 2169 2991 2229 ΟἰὶΙΟΝῘ.

1976 2246 2071 2303 τηε
2093 2250 2310 2318 quidem
2353 2252 2527 2326 (dicit)
2553 2272 2612 2314 se
2638 2260 2946 2331 disciplina:
2975 2272 3079 2324 ιιιτε
3100 2268 3438 2329 tributurum
3461 2316 3478 2342 ,

1906 2340 1952 2393 si
1997 2350 2212 2409 Oportet
2260 2346 2463 2416 scripta
2509 2348 2650 2419 (mea
2680 2354 3042 2414 admiratione
3085 2366 3384 2436 prosequi),
3424 2340 3482 2424 et

1905 2430 2021 2486 haec
2078 2434 2264 2490 dicens
2308 2437 2374 2492 de
2413 2438 2558 2512 (tua)
2599 2445 2873 2501 scribendi
2917 2448 3078 2520 (arte,
3132 2467 3237 2507 non
3262 2430 3476 2528 seu).

1905 2519 2091 2577 Virum
2118 2526 2335 2595 quidem
2372 2541 2593 2602 propter
2644 2534 2785 2591 hanc
2824 2537 2876 2592 in
2916 2519 3015 2595 vos
3043 2519 3474 2604 benevolentiam

1903 2614 2132 2673 miratus
2160 2634 2318 2688 sum;
2358 2637 2465 2677 non
2501 2634 2680 2680 autem
2722 2627 2864 2685 illius
2895 2632 3107 2704 (miror)
3138 2640 3474 2703 prudentiam

1900 2703 1954 2758 in
1989 2705 2055 2760 iis
2077 2723 2198 2777 quae
2225 2710 2377 2765 vobis
2396 2714 2609 2769 tribuit.
2634 2716 2867 2776 Silentia
2893 2725 3018 2778 ‘utor
3047 2728 3394 2796 erubescens,
3420 2742 3475 2788 et

1902 2795 2035 2850 nihil
2064 2801 2281 2867 sapiens
2333 2804 2689 2861 scribendum
2736 2809 2959 2867 habens.
3001 2813 3065 2869 Ut
3092 2816 3235 2873 ntim
3282 2831 3335 2874 et
3377 2795 3476 2876 do?

1896 2887 2141 2946 ctissime
2167 2890 2378 2949 Platoni
2406 2895 2639 2965 videtur»,
2679 2913 2900 2959 noscere
2924 2905 3175 2962 virtutem
3205 2925 3310 2963 non
3343 2912 3472 2969 licet

1887 2980 1944 3034 ei
1970 2983 2061 3050 qui
2096 2998 2202 3038 non
2243 3001 2339 3055 per
2378 3002 2541 3058 opera
2589 2993 2656 3047 ad
2697 2994 2950 3051 virtutem
3000 3012 3267 3068 properat.
3298 3002 3469 3070 ’Quod

1889 3348 2136 3429 (ἤθει-ει,κ
2155 3350 2301 3408 feras
2364 3354 2479 3425 lyra
2524 3362 3043 3421 mansuefacientem
3084 3385 3100 3435 ;
3141 3379 3194 3425 at
3243 3387 3371 3430 vero
3411 3378 3454 3430 si

1886 3448 2161 3506 oporteret
2187 3443 2547 3502 instrumenta
2595 3453 2885 3522 attingere,
2939 3459 3107 3515 risum
3152 3465 3335 3518 statim
3371 3467 3459 3535 jn-

1887 3529 2093 3584 ctantia
2129 3544 2393 3599 moveret,
2431 3547 2483 3592 et
2507 3541 2686 3593 omnia
2715 3557 2847 3599 sane
2875 3545 3038 3605 facile
3068 3552 3460 3625 redargueren-

1887 3625 1996 3671 tur.
2029 3615 2145 3672 Non
2179 3621 2341 3690 igitur
2366 3625 2455 3692 qui
2492 3641 2635 3690 sum,
2686 3629 2731 3684 is
2771 3647 2801 3684 a
2833 3641 2924 3689 tuo
2966 3615 3456 3701 avunculovexisti-

1882 3724 2022 3762 mor.
2068 3711 2284 3782 Aliquid
2340 3716 2389 3768 ei
2420 3719 2620 3785 saepius
2663 3736 2731 3775 ex
2778 3726 3032 3783 amicitia:
3078 3730 3200 3802 lege
3248 3737 3453 3808 dixisti,

1881 3798 2134 3856 laudandi
2173 3804 2277 3858 mei
2307 3810 2501 3876 gratia.
2533 3807 2627 3865 llle
2659 3821 2838 3868 autem
2867 3831 2975 3873 non
3002 3798 3241 3879 amorem
3269 3833 3453 3885 consi-

1881 3892 2079 3949 derans
2105 3935 2121 3962 ,
2165 3898 2260 3953 sed
2287 3913 2353 3954 ex
2396 3902 2650 3970 operibus
2688 3909 2849 3961 verba
2876 3923 2999 3967 esse
3031 3913 3175 3970 dicta
3232 3910 3452 3989 putans,

1882 3998 1968 4036 me
1996 3986 2161 4040 talem
2190 4003 2311 4045 esse
2344 3993 2512 4061 exigit
2540 3996 2754 4065 qualem
2791 4014 2878 4055 me
2906 4006 3086 4060 verbis
3113 3986 3366 4066 efﬁnxisti
3395 4027 3453 4071 et

1882 4074 1959 4127 tui
1990 4078 2266 4148 mendacii
2289 4084 2530 4140 rationes
2560 4097 2921 4156 repetentem.
2939 4092 3053 4149 Tua
3082 4108 3258 4154 autem
3276 4105 3450 4161 verba

1876 4178 2006 4218 sane
2042 4168 2328 4236 redarguo,
2376 4187 2496 4227 cum
2545 4190 2648 4229 non
2696 4180 2896 4246 possim
2942 4181 3157 4239 virtutis
3194 4188 3452 4258 magister

1876 4255 2012 4311 ﬁeri.
2043 4259 2337 4328 Postquam
2371 4281 2502 4323 vero
2531 4269 2597 4323 ad
2635 4280 2686 4325 te
2726 4288 2859 4327 mea!
2885 4274 3081 4334 littera:
3105 4285 3445 4351 perveniunt,

1874 4348 2091 4402 videtur
2122 4355 2341 4419 quidem
2379 4375 2567 4415 rursus
2598 4364 2807 4435 mirari,
2850 4382 2919 4422 ne
2957 4370 3184 4440 teipsum
3228 4378 3450 4433 menda-

1801 4446 1848 4502 ι)
1875 4453 1992 4493 cem
2027 4440 2195 4497 fuisse
2225 4445 2615 4514 deprehendas.

2326 4536 2633 4598 LXXXVII.
2666 4546 2987 4607 DlODORO.

1942 4622 2165 4682 Laceris
2210 4628 2487 4698 Euripidis
2531 4639 2789 4705 vestibus,
2838 4661 2958 4714 quae
3008 4648 3216 4705 duobus
3266 4655 3438 4711 (tholis

1871 4723 2202 4783 emerentur,
2247 4735 2420 4773 meam
2469 4723 2686 4777 domum
2734 4729 2999 4799 implesti,
3039 4754 3267 4795 venerea
3324 4747 3439 4800 sine

1870 4803 2127 4875 rhythmo
2154 4823 2321 4877 opera
2356 4812 2598 4876 mittens,
2634 4826 2691 4869 ut
2733 4829 2782 4872 te
2821 4836 2884 4874 ea
2931 4838 3127 4882 vocare
3162 4831 3340 4899 juvat,
3384 4847 3432 4889 et

1869 4897 2230 4955 calceamenta
2257 4904 2405 4971 poesi
2436 4907 2702 4967 carentia.
2727 4919 2782 4962 et
2812 4897 3174 4981 lphicratidas
3207 4923 3274 4977 de
3317 4897 3436 4994 qui-

1868 4988 1967 5042 bus
1998 4990 2164 5044 etiam
2195 4994 2584 5063 ingemuissent
2611 4999 2715 5052 duo
2746 4999 3060 5073 Iphicrates,
3091 5013 3288 5082 quippe
3319 4988 3440 5084 quae

1866 5082 2061 5137 Atticae
2081 5083 2293 5149 signum
2323 5101 2431 5141 non
2465 5086 2660 5141 ferant.
2686 5087 2803 5144 Non
2827 5094 2969 5146 enim
2989 5101 3220 5165 gratiam
3247 5082 3441 5173 quam-

1864 5174 1987 5227 dam
2024 5184 2079 5229 et
2120 5174 2318 5230 famem
2364 5179 2481 5247 apis
2526 5177 2815 5249 Hymettiae
2854 5196 3263 5254 przcstaut,nee
3292 5200 3436 5253 Atti-

1864 5279 1985 5318 cam
2021 5267 2087 5320 ad
2125 5268 2490 5334 spectaculum
2531 5270 2767 5326 clamose
2792 5286 2987 5331 vocant
3023 5279 3075 5330 in
3112 5296 3229 5348 qua:
3257 5285 3434 5342 Mara-

1864 5358 1993 5411 thon
2017 5367 2070 5411 et
2094 5358 2347 5424 Salamis,
2385 5371 2442 5415 et
2472 5363 2570 5416 viri
2599 5363 2864 5421 libertatis
2891 5375 2944 5420 et
2975 5366 3158 5437 gloria:
3190 5389 3435 5434 amantes

1864 5465 1991 5516 non,
2025 5451 2227 5517 hercle,
2246 5466 2306 5504 ea
2339 5468 2460 5522 qua:
2489 5457 2625 5524 apud
2654 5471 2748 5512 vos
2773 5467 2855 5513 est
2883 5474 3030 5518 musa
3051 5464 3272 5528 perfecti
3299 5468 3430 5526 sint.

1861 5540 2049 5595 Vestra
2090 5544 2368 5600 enimvero
2409 5545 2512 5600 alia
2544 5546 2837 5616 prudenter
2877 5549 3093 5607 silentio
3136 5561 3331 5623 tegam,
3363 5572 3433 5616 ne

1683 5633 1914 5692 NOTE.

245 5703 323 5774 (Ι)
362 5701 417 5758 in
453 5704 537 5760 his
570 5706 777 5764 lacunis
803 5715 1039 5783 corrupti
1073 5718 1295 5775 madore
1325 5721 1528 5778 codicis
1564 5739 1734 5793 pauca
1768 5735 1930 5787 verba
1962 5731 2263 5798 perierunt.
