4000 6314
579 293 719 357 2787

1851 288 2208 350 PROCOPII
2251 289 2495 350 GAZ/EI

3700 290 3834 354 2788

581 399 949 472 quiddnscius
983 398 1178 454 dicam.
1221 397 1374 452 Talia
1420 403 1546 452 sunt
1585 398 1800 468 quidem
1850 408 1938 452 tua
1980 400 2140 453 dona.

2261 399 2316 452 τὰ
2359 399 2414 451 δὲ
2459 398 2722 468 ἡμετερας
2774 400 2877 453 κᾶν
2933 397 3099 462 αὐτὸς
3153 399 3504 462 ἐπαινέσειας
3569 401 3716 455 οὕτω
3765 407 3830 474 τῇ

582 495 776 550 Nostra
818 506 946 547 vero
995 499 1052 547 et
1079 491 1192 562 ipse
1217 490 1492 555 laudares,
1543 504 1664 544 cum
1697 491 1832 546 adeo
1861 492 2032 544 ventri
2061 492 2140 544 in-

578 585 818 653 dulgeas.
853 580 1090 638 Gulosus
1115 581 1258 638 enim
1293 594 1414 635 cum
1452 580 1550 646 sis,
1579 589 1634 635 et
1659 581 1863 636 ventris
1894 580 2143 650 explendi

577 690 762 730 curam
816 674 1036 738 habeas,
1083 681 1138 726 et
1169 674 1313 727 escis
1355 687 1606 742 magnam
1659 672 1970 728 felicitatem
2027 688 2142 727 me-

579 765 751 831 tiaris,
790 765 834 820 si
883 763 1013 834 quid
1052 763 1197 819 forte
1235 764 1458 834 jucundi
1506 773 1735 818 venatus
1764 764 1862 827 sis,
1898 762 2145 832 protinus

577 855 824 910 extendis
863 855 1099 923 linguam
1154 861 1214 907 ut
1262 855 1484 923 quidam
1527 849 1671 922 *Δία
1709 853 1982 921 ingentem
2035 853 2146 922 cly-

576 961 758 1016 peum.
789 945 858 1000 Et
893 944 1046 999 testis
1074 952 1159 998 est
1187 945 1316 1002 hora
1347 959 1452 1014 qua
1495 945 1794 1013 placentam
1831 944 1969 1012 apud
2013 941 2146 998 alios

576 1036 877 1107 abripiens,
910 1043 1078 1089 totam
1107 1035 1288 1088 statim
1326 1035 1379 1088 in
1414 1049 1477 1089 os
1509 1033 1800 1088 immisisti.

1009 1123 1339 1179 LXXXVIII.
1371 1121 1695 1179 CYRIACO.

645 1215 887 1283 Quantas
933 1214 1026 1269 ﬁlii
1075 1216 1319 1285 patribus
1365 1217 1569 1286 gratias
1618 1216 1874 1282 debeant,
1911 1230 2018 1270 non
2051 1230 2146 1284 ap-

585 1307 757 1376 prime
784 1307 923 1362 scire
953 1306 1098 1374 licet,
1130 1306 1233 1360 nisi
1284 1307 1407 1376 quis
1447 1315 1502 1360 et
1547 1305 1662 1375 ipse
1712 1305 1944 1381 ﬁliorum
1997 1315 2184 1376 pater-

575 1396 682 1461 sit;
706 1412 773 1450 ex
799 1410 863 1449 eo
894 1395 1036 1450 enim
1067 1409 1251 1449 amore
1280 1409 1391 1464 quo
1428 1393 1572 1450 Iilios
1599 1395 1984 1465 complectitur
2011 1395 2152 1450 sciet

573 1485 798 1540 omnino
844 1486 1031 1555 quales
1091 1487 1145 1539 in
1197 1486 1372 1555 ipsum
1419 1485 1624 1540 fuerint
1697 1487 1992 1556 genitores.
2045 1486 2148 1554 Qui

576 1585 758 1630 tamen
794 1576 966 1630 musis
1001 1574 1305 1646 indulgent,
1339 1583 1396 1630 et
1434 1584 1561 1631 ante
1586 1577 2016 1644 experimentum
2063 1592 2150 1630 ra-

2244 488 2440 558 γαστρὶ
2464 488 2819 558 χαριζόμενος
2849 505 2862 518 ·
2902 489 3083 559 λίχνος
3134 488 3244 561 γάρ
3271 507 3356 554 τις
3377 489 3479 554 ὢν,
3523 492 3624 544 καὶ
3647 492 3712 544 τὸ
3737 509 3835 559 γα-

2245 579 2560 648 στρίζεσθαι
2600 579 2836 650 μελέτην
2891 586 3280 651 πεποιημένος,
3333 581 3426 635 καὶ
3454 581 3715 651 βρώμασι
3736 583 3831 652 τὴν

2247 671 2490 741 μεγάλην
2536 672 2878 742 εὐδαιμονίαν
2939 671 3178 742 μετρῶν,
3207 673 3260 725 εῐ
3304 673 3358 726 τί
3411 689 3517 725 που
3566 673 3831 742 θηράσαις

2245 761 2366 831 ἡδὺ,
2421 761 2725 833 προτείνεις
2781 761 2988 825 εὐθέως
3017 763 3118 831 τὴν
3164 760 3434 830 γλῶτταν,
3475 763 3734 830 καθάπερ
3755 779 3833 826 τις

2243 853 2376 917 Ala;
2409 853 2506 924 τὴν
2538 852 2782 924 μεγάλην
2835 853 3072 906 άσπίδα⁶
3103 853 3196 906 καὶ
3251 852 3466 923 μάρτυς
3491 854 3520 904 ὁ
3551 853 3747 922 καιρὸς
3777 853 3833 903 ὲν

2243 941 2288 1016 ᾧ
2309 949 2400 1000 τὸν
2444 945 2755 1000 πλακοῦντα
2804 945 2936 1016 παρ’
2961 945 3165 1018 ἐτέρων
3215 948 3573 1019 ἀφήρπασας,
3599 947 3723 998 ὅλον
3743 944 3835 996 εὐ.

2249 1039 2345 1102 οὺς
2380 1037 2758 1108 παραπέμψας
2785 1037 2864 1108 τῷ
2894 1037 3143 1106 στόματι.

2786 1125 2919 1181 ῐιιιν.
2949 1127 3279 1196 meum.

2323 1220 2494 1273 ’Ὅσον
2534 1219 2584 1272 οί
2621 1219 2808 1282 παῖδες
2839 1219 2948 1281 τοῖς
2987 1217 3258 1287 πλτράσιν
3274 1216 3546 1284 ὀφείλουσι
3577 1216 3832 1288 χάριτας,

2251 1312 2350 1367 οὐκ
2383 1311 2530 1364 ἐστιν
2560 1310 2755 1366 είδέναι
2791 1309 2927 1382 πρὸς
2983 1309 3164 1372 ἀξίαν,
3206 1310 3253 1360 εί
3310 1309 3384 1378 μή
3420 1325 3508 1370 τις
3541 1310 3636 1361 καὶ
3667 1310 3836 1372 αὐτὸς

2253 1403 2464 1458 παίδων
2490 1402 2727 1472 ὑπάρχει
2758 1403 2975 1471 πατὴρ⁹
3015 1401 3076 1452 τό
3115 1417 3175 1452 τε
3205 1398 3312 1470 γάρ
3359 1399 3417 1465 ἐξ
3455 1396 3522 1471 ἧς
3549 1399 3666 1468 ἔχει
3697 1400 3837 1470 πρὸς

2250 1491 2376 1554 τοὺς
2413 1491 2613 1553 παῖδας
2680 1493 2935 1560 στοργῆς,
2986 1491 3190 1543 εἴσεται
3240 1491 3461 1552 πάντως
3510 1492 3654 1542 ποῖοι
3693 1491 3836 1560 πρὸς

2255 1581 2418 1636 αὑτὸν
2457 1581 2706 1652 ὑπῆρξαν
2766 1581 2816 1632 oi
2857 1580 3164 1646 φύσαντες·
3211 1579 3349 1651 πλὴν
3381 1581 3496 1633 ὅσοι
3527 1583 3651 1643 ταῖς
3698 1580 3836 1649 μού-

575 1665 719 1718 tione
745 1678 927 1719 verum
952 1665 1274 1734 dijudicant.
1309 1663 1462 1722 Unde
1489 1665 1644 1722 decet
1673 1673 1725 1721 te
1744 1681 1869 1737 erga
1892 1675 2144 1736 parentes

2261 1690 2373 1749 σαις
2399 1672 2734 1738 ἀνάκεινται,
2791 1673 2885 1726 καὶ
2925 1672 3030 1743 προ
3081 1671 3178 1740 τῆς
3221 1672 3413 1742 πείρας
3451 1672 3593 1740 λόγῳ
3619 1671 3834 1743 τάληθῆ

576 1754 736 1817 talem
766 1755 1020 1824 esse,qui
1049 1753 1190 1811 forte
1227 1757 1350 1826 plus
1383 1771 1544 1827 quam
1608 1757 1792 1814 caeteri
1819 1757 2149 1813 benevolen-

573 1847 662 1902 tia:
689 1846 1010 1916 largiuntur.
1043 1848 1380 1918 Quapropter
1427 1863 1514 1906 me
1539 1851 1605 1906 ad
1649 1851 1788 1906 hanc
1808 1851 2148 1906 scribendam

571 1939 853 2008 epistolam
897 1951 1202 2006 moverunt,
1236 1945 1546 1998 mercedem
1582 1953 1866 2014 paternam
1903 1959 1934 1998 a
1969 1953 2024 1998 te
2067 1958 2146 1998 re-

573 2037 846 2098 petentes,
873 2039 932 2084 ut
977 2045 1084 2085 non
1132 2031 1424 2088 erubescas
1479 2031 1639 2088 talem
1693 2048 1812 2088 esse
1848 2033 2061 2104 qualem
2098 2042 2151 2088 te

535 2189 538 2192 Α
576 2121 785 2183 volunt,
811 2130 868 2174 et
894 2120 1035 2174 Deus
1061 2132 1112 2175 te
1142 2122 1196 2174 in
1227 2120 1388 2176 finem
1421 2123 1626 2180 tulerit.
1650 2122 1806 2177 Tunc
1835 2125 1978 2178 enim
2017 2124 2151 2192 ipsis

574 2226 720 2266 mors
761 2212 871 2279 ipsa
901 2211 1037 2266 levis
1065 2212 1189 2276 erit,
1219 2212 1519 2268 scientibus
1563 2213 1778 2282 qualem
1809 2216 1890 2269 sui
1928 2216 2152 2286 generis

575 2301 895 2370 reliquerint
922 2316 1320 2357 successorem.

573 2491 858 2546 LXXXIX.
881 2489 1252 2548 ΖΔΟΙΙΑΒΙᾹΞ
1277 2489 1362 2544 ET
1387 2489 1710 2549 PIIILIPPO
1731 2492 2148 2551 FRATBIBUS.

641 2583 741 2648 Qui
774 2598 893 2637 eam
917 2597 1016 2652 pro
1033 2581 1185 2636 vobis
1201 2583 1410 2652 accepit
1439 2583 1741 2652 epistolam,
1764 2583 1944 2641 Patris
1963 2585 2150 2658 Optimi

579 2680 634 2726 et
659 2671 928 2741 justitiam
956 2672 1183 2728 colentis
1207 2683 1261 2728 et
1288 2672 1432 2728 inter
1458 2689 1649 2730 omnes
1679 2672 1857 2743 juStos
1889 2678 2150 2733 celebrati

573 2764 714 2818 Illius
744 2773 846 2820 est.
897 2765 1146 2832 Quandiu
1191 2766 1444 2822 Mercurii
1481 2769 1733 2836 templum
1793 2767 2154 2838 frequentavit

573 2855 912 2922 adolescens,
956 2867 1011 2912 et
1053 2866 1258 2912 natura:
1300 2859 1405 2912 vim
1439 2861 1677 2914 ostendit
1704 2869 1758 2914 et
1787 2863 2038 2916 ardorem
2065 2861 2151 2916 in-

573 2947 862 3015 trepidum.
885 2949 951 3002 Et
977 2965 1118 3004 nunc
1145 2950 1208 3004 ad
1243 2951 1623 3019 imperatorem
1656 2952 1902 3007 ascendit
1928 2953 2138 3022 legibus

577 3039 798 3094 studere
827 3039 1034 3117 volens,
1073 3051 1134 3096 ut
1171 3042 1398 3110 prodeat
1421 3051 1628 3107 orator,
1663 3043 1786 3098 vitze
1827 3043 2134 3098 institutum

575 3134 822 3202 corporis
848 3133 1031 3202 specie
1055 3136 1318 3199 revelans,
1344 3146 1398 3189 et
1421 3119 1601 3204 lingua
1636 3137 1799 3189 verba
1835 3134 2140 3204 proferens.

575 3221 693 3276 Non
726 3237 857 3278 sane
887 3225 1094 3292 justum
1127 3233 1245 3278 erat
1276 3224 1420 3278 illius
1442 3227 1507 3278 ad
1536 3241 1632 3279 vos
1657 3223 2043 3292 profectionem
2071 3225 2144 3278 si-

554 3312 742 3380 _Iontio
775 3313 1075 3381 praeterire,
1116 3315 1230 3382 qui,
1263 3329 1382 3367 cum
1427 3329 1616 3368 omnes
1643 3331 1670 3365 a
1707 3329 1791 3368 me
1829 3315 2147 3369 informatos

577 3409 834 3469 tanquam
870 3401 1006 3455 filios
1037 3402 1318 3469 reputetis,
1339 3412 1393 3455 et
1445 3403 1495 3454 in
1539 3403 1686 3456 illum
1727 3418 1832 3458 nou
1861 3405 2136 3474 quamque

577 3491 823 3546 obtinere
847 3491 1275 3546 benevolentiam
1300 3493 1650 3549 exltibebitis.

1097 3579 1618 3638 XC.EUDEMONL
1780 3655 1787 3666 η

647 3669 1070 3725 Celeberrimum
1101 3671 1320 3734 Ierium,
1349 3687 1472 3726 eum
1512 3675 1603 3742 qui
1645 3674 1786 3741 apud
1825 3688 1924 3727 nos
1974 3675 2138 3729 Italo-

579 3777 698 3816 rum
748 3762 926 3832 lingua
977 3778 1097 3818 reos
1129 3764 1393 3830 defendit,
1424 3775 1478 3819 et
1516 3765 1673 3820 bonis
1704 3768 1948 3822 moribus
1979 3769 2154 3836 magis

580 3867 742 3922 quam
777 3855 1002 3909 scientia
1033 3865 1279 3922 ornatur,
1320 3871 1423 3910 non
1457 3859 1638 3924 putavi
1687 3856 1755 3910 ad
1811 3872 1907 3912 vos
1935 3869 2150 3914 euntem
2191 3909 2199 3916 .

577 3944 901 3999 mittendum
939 3961 1058 4001 esse
1083 3945 1318 4000 silentio.
1349 3947 1554 4001 Bonum
1595 3955 1681 4002 est
1720 3947 1864 4001 enim
1914 3949 2154 4002 absenti-

581 4037 685 4092 bus
713 4037 866 4090 vobis
896 4051 1112 4104 semper
1142 4035 1247 4092 frui
1282 4053 1296 4090 :
1334 4037 1530 4104 altera,
1563 4038 1836 4107 inquiunt,
1884 4039 2154 4109 navigatio

579 4137 664 4182 est
699 4143 820 4182 cum
860 4127 1179 4184 absentibus
1210 4143 1305 4196 per
1341 4129 1552 4184 litteras
1583 4129 1916 4184 conversari.
1946 4129 2155 4184 Felices

583 4232 763 4274 tamen
795 4221 1134 4290 quibusjura
1183 4221 1401 4289 dividis,
1447 4231 1502 4276 et
1556 4231 1659 4276 tute
1706 4225 1846 4288 voci,
1899 4231 2152 4291 tanquam

2247 1765 2614 1836 διακρίνουσιν
2638 1782 2653 1796 ο
2688 1764 2810 1818 ὅθεν
2848 1783 2908 1817 σε
2943 1763 3184 1818 τοιοῦτον
3238 1768 3368 1836 περὶ
3411 1767 3538 1828 τοὺς
3571 1765 3835 1827 τεκόντας

2251 1859 2520 1931 προσήκει
2557 1856 2832 1926 γενέσθαι,
2851 1856 2900 1908 οἳ
2925 1855 3066 1925 τάχα
3100 1855 3207 1908 τῶν
3232 1855 3408 1908 ἄλλων
3433 1856 3599 1908 πλέον
3629 1856 3712 1917 είς
3743 1855 3834 1906 εῖδ-

2249 1967 2399 2004 νοιαν
2425 1947 2842 2019 συνεισφέρουσι
2862 1965 2876 1979 ο
2907 1947 2987 2000 διό
3020 1963 3088 2016 με
3143 1947 3234 1999 καὶ
3259 1945 3394 2016 πρὸς
3425 1946 3525 2017 τὴν
3547 1947 3834 2016 παροῦσαν

2249 2040 2539 2112 ἐπιστολὴν
2562 2040 2906 2110 κεδῐινήκασι,
2932 2037 3122 2108 μισθὸν
3150 2037 3432 2100 αἰτοῦντες
3452 2054 3510 2089 σε
3537 2037 3835 2107 πατρικὸν,

2248 2133 2313 2187 τὸ
2345 2133 2420 2203 μὴ
2449 2130 2810 2202 καταισχῦναι
2830 2148 2890 2184 σε
2913 2130 3172 2194 τοιοῦτον,
3200 2124 3309 2182 οἷον
3330 2128 3484 2182 αὐτοί
3517 2146 3578 2182 τε
3613 2128 3837 2198 βούλον-

2251 2240 2367 2287 ται,
2411 2223 2507 2276 καὶ
2567 2222 2698 2284 Θεὸς
2757 2225 2837 2286 είς
2889 2223 3063 2292 πέρας
3092 2221 3307 2290 ἐνέγκοι
3329 2237 3343 2252 ·
3367 2221 3487 2274 τότε
3509 2221 3619 2290 γὰρ
3649 2219 3837 2282 αὐτοῖς

2253 2315 2348 2366 καὶ
2373 2313 2602 2376 θάνατος
2643 2313 2802 2383 ῥέων,
2852 2313 3241 2382 ἐπισταμένοις
3277 2308 3390 2365 οἷον
3438 2310 3687 2381 διάδοχον
3740 2309 3836 2362 τοῦ

2251 2404 2441 2474 γένους
2472 2403 2758 2458 ἀπέλιπον.

2387 2496 2512 2549 DG’.
2546 2494 2846 2566 ΖΑΧΑΡιᾼ
2877 2493 2995 2547 ΚΑΙ
3022 2493 3304 2563 ΦῐΔῐΠΠῼ
3333 2491 3691 2565 ΛΔΕΛιξΟΙΣ.

2334 2587 2393 2641 Ὁ
2420 2584 2623 2657 ταύτην
2641 2585 2777 2658 πρὸς
2803 2585 2946 2653 ὑμᾶς
2967 2582 3146 2636 λαϐὼν
3164 2583 3262 2652 τὴν
3284 2582 3598 2649 ἐπιστολὴν,
3629 2582 3838 2650 πατρὸς

2253 2681 2462 2750 ἀγαθοῦ
2495 2681 2708 2750 πέφυκε
2738 2679 2830 2733 τοῦ
2857 2679 2924 2750 τὰ
2947 2677 3161 2748 χρηστὰ
3185 2676 3472 2744 τιμῶντος,
3494 2675 3590 2728 καὶ
3616 2675 3674 2727 ὲν
3701 2675 3837 2727 πᾶσι

2252 2745 2483 2833 διλιαίοις
2545 2745 2997 2840 γνωριζομένου-ἶ
3026 2745 3106 2830 είς
3151 2765 3350 2836 Ἐρμοῦ
3394 2765 3449 2818 δὲ
3504 2765 3774 2834 φοιτήσας
3807 2765 3838 2815 ὁ

2255 2865 2392 2924 νέος,
2425 2859 2642 2928 φύσεώς
2691 2876 2751 2912 τε
2797 2857 2988 2929 ῥώμην
3032 2856 3364 2922 ἐπεδείξατο,
3409 2855 3502 2910 καὶ
3527 2853 3837 2926 προθυμίαν

2255 2949 2626 3018 ἀοκνοτάτηνο
2671 2947 2765 3001 καὶ⁵
2795 2945 2889 2998 νῦν
2923 2943 3058 3015 πρὸς
3095 2943 3324 3012 βασιλέα
3361 2941 3560 3011 ἀνῆλθε
3596 2940 3844 3012 προσλα-

2247 3041 2362 3092 δεῖν
2385 3041 2511 3102 τοὺς
2544 3039 2742 3105 νόμους
2794 3035 3139 3106 βουλόμενος,
3166 3034 3314 3096 ὅπως
3365 3031 3606 3104 προέλθῃ
3650 3035 3836 3102 ῥήτωρ

2248 3131 2346 3200 τὴν
2381 3129 2658 3183 πολιτείαν
2694 3128 2876 3197 φέρων
2902 3124 2980 3194 τῷ
3009 3123 3244 3194 σώματι,
3269 3124 3360 3176 καὶ
3380 3125 3446 3192 τῇ
3468 3123 3686 3192 γλώττῃ
3713 3122 3839 3182 τοὺς

2255 3222 2470 3288 λόγους,
2510 3217 2950 3289 προϐεϐλημένος
2973 3231 2986 3247 ·
3017 3216 3098 3278 ,οὐ
3151 3215 3218 3284 δὴ
3241 3213 3446 3266 δίκαιον
3497 3212 3597 3281 τὴν
3626 3212 3838 3265 οτούτου

2251 3313 2388 3385 πρὸς
2412 3313 2554 3380 ὑμᾶς
2579 3309 2760 3378 ἄφιξιν
2824 3305 3159 3378 παραδοῦναι
3214 3305 3364 3374 σιγῇ,
3424 3303 3473 3357 οῖ
3531 3303 3660 3365 τοὺς
3705 3294 3836 3370 παρ’

2255 3402 2388 3474 ἐμοῦ
2427 3401 2848 3469 τετελεσμένους
2883 3395 2982 3451 ἷσά
3028 3414 3131 3450 που
3161 3397 3256 3450 καὶ
3278 3395 3472 3458 παῖδας
3501 3393 3837 3463 νομίζοντες,

2251 3493 2344 3546 καὶ
2372 3493 2450 3552 είς
2479 3490 2667 3544 τοῦτον
2725 3487 2936 3542 εὔνοιαν
2966 3487 3026 3540 οὐ
3059 3487 3157 3554 τὴν
3208 3484 3478 3556 τυχοῦσαν
3501 3480 3836 3546 ὲνδείξεσθε.

2322 3571 2336 3587 ⁸
2540 3606 2547 3618 ι
2786 3583 2858 3645 ιιν.
2907 3575 3303 3630 ΕΥΔΑιΜοΝι.

2325 3671 2428 3726 Τὸν
2455 3670 2785 3740 λογιώτατον
2825 3669 3014 3738 ἰἐριον
3046 3667 3136 3720 τὸν
3169 3667 3269 3736 τῆς
3303 3663 3518 3720 Ἰταλῶν
3546 3661 3678 3732 παρ’
3708 3660 3842 3731 ἡμῖν

2254 3763 2701 3834 προϐεϐλημένον
2749 3761 2952 3830 φωνῆς,
3007 3759 3102 3812 καὶ
3127 3757 3350 3828 τρόποις
3389 3755 3615 3824 ἀγαθοῖς
3638 3752 3841 3824 μᾶλλον

2253 3857 2287 3928 ἢ
2340 3855 2563 3925 παιδείᾳ
2611 3850 3004 3921 κοσμούμενον,
3067 3848 3168 3901 οὐκ
3214 3846 3404 3918 ᾠήθην
3427 3845 3537 3899 δεῖν
3569 3843 3670 3915 τὴν
3701 3843 3840 3912 πρὸς

2255 3948 2415 4018 ὑμᾶς
2463 3945 2610 4000 ίόντα
2674 3939 3048 4014 παραπέμψαι
3110 3939 3278 4009 σιγῇ’
3339 3935 3500 3989 καλὸν
3559 3935 3665 4002 μὲν
3729 3931 3840 4002 γὰρ

2255 4039 2502 4094 ἀπόντων
2541 4035 2693 4104 ὑμῶν
2742 4033 3038 4087 ἀπολαύειν
3082 4028 3188 4084 ἀεί.
3227 4027 3491 4098 Δεύτερος
3549 4025 3632 4090 δὲ,
3679 4026 3840 4092 φασὶ,

2257 4130 2446 4200 πλοῦς,
2490 4130 2603 4191 τοῖς
2651 4125 2851 4182 ἀποῦσι
2905 4123 2994 4177 διὰ
3044 4123 3390 4193 γράμματων
3435 4117 3795 4188 προσομιλεῖν
3823 4133 3838 4148 ·

2256 4221 2396 4292 πλὴν
2430 4221 2743 4289 εὐδαίμονες
2767 4217 2956 4280 ὅντως.
3001 4209 3080 4278 οἷς
3106 4213 3312 4276 διὲπεις
3342 4211 3410 4266 τά
3437 4209 3643 4274 δίκαια,
3670 4208 3844 4262 καθά-

577 4312 777 4384 tripodi
808 4313 1022 4368 cuidam
1067 4315 1320 4382 suspensi
1359 4324 1509 4380 sunt,
1550 4324 1600 4369 et
1631 4329 1919 4368 commune
1959 4328 2152 4368 revera

2261 4330 2365 4383 περ
2409 4311 2552 4374 τινὸς
2609 4307 2862 4380 τρίποδος
2916 4308 3016 4376 τῆς
3068 4304 3168 4372 σῆς
3217 4297 3576 4372 ἐξηρτημένοι
3617 4299 3842 4368 φωνῆς’

578 4405 944 4474 spectaculum
990 4406 1260 4475 justitiam
1325 4409 1458 4476 ipsis
1514 4407 1828 4462 redeuntem
1888 4406 2154 4472 videntes,

576 4509 740 4564 quam
775 4498 1310 4566 prrecedenttempus
1360 4496 1802 4552 labefactaverat.
1830 4497 2168 4565 Supervaca-

578 4601 740 4641 neum
786 4596 967 4640 autem
1007 4586 1191 4640 dicere
1223 4596 1274 4641 te
1315 4587 1369 4642 in
1414 4588 1480 4641 iis
1507 4587 1560 4640 in
1599 4587 1798 4656 quibus
1834 4589 1986 4642 vobis
2016 4586 2157 4640 iudi-

577 4685 689 4747 get,
723 4677 860 4731 bene
883 4677 936 4730 in
961 4692 1083 4730 eum
1112 4687 1357 4732 acturum
1395 4679 1488 4748 qui
1518 4679 1672 4732 vobis
1704 4679 1846 4732 hanc
1874 4677 2158 4748 epistolam

579 4767 846 4820 attulerit.
869 4765 972 4832 Qui
999 4767 1140 4820 enim
1169 4767 1329 4822 vitam
1362 4769 1566 4822 orando
1593 4767 1866 4838 transigit,
1887 4767 2158 4836 quomodo

579 4875 687 4912 non
714 4859 907 4914 honori
940 4857 1164 4914 habebit
1195 4860 1502 4914 orationum
1537 4870 1720 4930 patres
1749 4875 1888 4931 quos
1915 4858 2114 4912 viderit
2135 4857 2180 4918 2,

581 4951 792 5008 Redeat
861 4951 1024 5022 igitur
1083 4952 1414 5006 annuntians
1453 4953 1596 5022 quod
1645 4953 1836 5007 audire
1885 4960 2158 5019 optamus,

561 5055 636 5099 te
665 5044 863 5098 famam
903 5043 1063 5097 factis
1085 5043 1312 5098 vincere
1340 5053 1394 5098 et
1429 5043 1633 5112 majora
1661 5045 1793 5098 dare
1815 5058 1977 5114 quam
2016 5044 2162 5098 acci-

581 5137 795 5208 pientes
831 5135 1042 5191 volunt.

1081 5225 1222 5282 XCI.
1267 5223 1490 5281 NEPHA
1501 5223 1630 5281 LIO.

653 5315 737 5371 Tu
781 5317 999 5388 quidem
1029 5318 1082 5372 in
1108 5318 1294 5372 multis
1313 5318 1510 5372 litteris
1533 5317 1766 5386 inopiam
1792 5325 1940 5371 tuam
1987 5315 2156 5384 doles,

577 5424 680 5481 ego
706 5403 884 5463 autem
910 5409 1128 5464 divitias
1156 5419 1212 5466 et
1251 5418 1624 5478 paupertatem
1659 5417 1974 5475 contemno,
2015 5407 2152 5462 mira

581 5507 771 5555 tamen
803 5511 1122 5568 paupertate
1151 5499 1382 5555 aIIlictus
1405 5499 1564 5568 (adeo
1611 5498 1854 5568 indigere
1897 5507 1951 5552 et
1981 5496 2155 5551 abun-

579 5596 713 5645 dare
744 5592 1012 5646 sententia
1047 5591 1198 5657 facit,
1233 5608 1336 5646 non
1371 5593 1592 5661 divitite)
1645 5591 1970 5659 fortunaque
2024 5590 2154 5643 hinc

575 5694 632 5736 ct
667 5685 787 5738 inde
815 5691 988 5739 actus.
1019 5685 1213 5740 Desine
1250 5686 1414 5753 igitur
1440 5682 1853 5752 pusillanimiter
1883 5681 2025 5752 apud
2049 5695 2148 5736 nos

2265 4405 2361 4458 καὶ
2385 4403 2562 4456 κοινὸν
2592 4401 2760 4462 ὄντως
2788 4397 2968 4468 θέαμα
2998 4395 3096 4466 τὴν
3124 4394 3279 4464 δίκην
3309 4393 3490 4452 αὐτοῖς
3513 4389 3848 4443 ἐπανελθοῦ-

2267 4511 2366 4547 σαν
2422 4491 2659 4564 ὁρῶντες
2705 4490 2770 4560 ἣν
2834 4485 3123 4558 προλαϐὼν
3173 4485 3202 4536 ὁ
3255 4481 3446 4554 χρόνος
3501 4479 3847 4550 ἠμαύρωσε·

2267 4587 2521 4660 περιττὸν
2544 4586 2601 4638 δὲ
2633 4583 2812 4650 λέγειν
2844 4581 2920 4644 ὡς
2950 4575 3008 4634 εὗ
3040 4579 3287 4648 ποιήσεις
3339 4577 3396 4628 ὲν
3423 4568 3504 4636 οἷς
3538 4573 3697 4660 ὑμῶν
3734 4573 3851 4626 δεῖ-

2265 4655 2357 4734 ται
2387 4677 2481 4730 καὶ
2515 4675 2604 4729 τὸν
2625 4674 2722 4744 τὴν
2746 4669 3034 4740 ἐπιστολὴν
3063 4669 3192 4738 ὑμῖν
3219 4665 3585 4735 κομισάμενον
3608 4679 3623 4692 ο
3656 4655 3702 4730 ᾧ
3737 4662 3850 4732 γὰρ

2268 4771 2380 4843 βίος
2410 4771 2458 4821 οἱ
2495 4767 2662 4833 λόγοι,
2695 4763 2812 4824 πῶς
2843 4763 2904 4814 οὐ
2935 4760 3159 4830 τιμήσει
3189 4757 3314 4818 τοὺς
3330 4755 3438 4808 τῶν
3467 4755 3640 4820 λόγων
3672 4753 3852 4806 πατέ-

2271 4880 2368 4934 ρας
2393 4859 2546 4924 ἰδών;
2573 4853 2762 4927 ἡκέτω
2780 4853 2958 4908 τοίνυν
2975 4849 3250 4918 ἀγγέλλων
3277 4847 3421 4918 άπερ
3438 4845 3658 4899 ἀκούειν
3685 4846 3850 4914 εὐχό-

2271 4933 2436 5021 μεθα,
2469 4949 2544 5010 ὡς
2611 4945 2768 5015 νικᾷς
2831 4944 2896 5011 τῇ
2941 4939 3108 5010 πείρᾳ
3141 4939 3239 5006 τήν
3278 4937 3489 5004 φήμην,
3536 4933 3634 4987 καὶ
3673 4935 3853 5004 μείζω

2267 5042 2422 5104 δίδως
2455 5040 2600 5110 ἢπερ
2633 5037 2682 5088 οἱ
2710 5032 3080 5104 λαμϐάνοντες
3101 5028 3405 5099 βούλονται.

2677 5279 2687 5292 ,
2823 5211 2943 5278 ιε’.
2968 5205 3294 5275 ΝΗΦΔΛΙῼ.

2341 5312 2413 5364 Σὺ
2454 5313 2553 5381 μὲν
2583 5309 2640 5362 ὲν
2667 5304 2864 5376 πλήθει
2897 5299 3250 5374 γραμμάτων
3294 5296 3392 5366 τὴν
3432 5296 3661 5365 ἀπορίαν
3713 5294 3856 5366 θρη-

2269 5407 2403 5468 νεῖς,
2423 5402 2536 5472 ἐγὼ
2563 5401 2622 5454 δὲ
2645 5399 2714 5452 τὰ
2743 5398 3004 5469 χρήματα
3023 5391 3262 5452 καὶτοὺς
3290 5387 3648 5450 πλουτοῦντας
3684 5404 3853 5455 περι.

2272 5493 2475 5566 φρονῶ,
2511 5491 2690 5546 καίτοι
2725 5487 2887 5558 πενίᾳ
2938 5483 3228 5553 θαυμαστῇ
3269 5479 3621 5549 συνεχόμενος
3652 5475 3856 5540 minus;

2269 5587 2376 5657 ἄρα
2429 5584 2491 5636 τὸ
2544 5581 2804 5636 πένεσθαι
2856 5578 2952 5630 καὶ
3006 5574 3254 5628 πλουτεῖν
3303 5569 3558 5642 ήγνώμη
3589 5568 3758 5657 ποιεῖ,
3788 5567 3852 5619 οὐ

2267 5656 2548 5749 χρήματα)
2577 5671 2726 5745 παρὰ
2777 5669 2877 5738 τῆς
2926 5665 3092 5736 τύχης
3125 5662 3254 5734 τῇδε
3294 5662 3516 5714 κάκεῖσε
3550 5656 3851 5724 πλανώμε..
