3966 6318
277 303 420 368 2789

1699 308 2113 374 EPISTOLIE.

3391 327 3534 394 2790

275 438 363 484 νος
389 435 402 448 ⁸
438 417 728 490 τοιγαροῦν
779 417 984 470 παῦσαι
1037 415 1389 488 μικροψύχως
1421 419 1554 488 ἡμῖν
1596 417 1818 490 ὁδυρόμε

1928 471 1929 476 η
1962 421 2286 492 lamentari;
2319 427 2561 501 nihilque
2613 445 2867 503 magnum
2893 443 3106 504 reputa,
3141 437 3243 493 nisi
3281 443 3422 510 quod
3462 447 3530 500 ad

276 532 388 582 νςς,
416 511 552 584 μηδὲ
609 511 752 580 μέγα
805 510 1064 581 νομίζων,
1094 512 1235 583 πλὴν
1266 513 1314 564 εἰ
1343 513 1417 583 μή
1447 531 1500 568 τι
1529 513 1686 584 φέρει
1715 514 1851 584 πρὸς

275 606 482 680 ἀρετήν
508 620 522 634 ⁸
550 603 579 656 ὃ
597 621 650 656 τι
681 602 787 672 γὰρ
818 603 893 672 μὴ
916 602 1179 666 τοιοῦτον,
1209 603 1486 675 ἀλλότριον
1514 605 1574 658 τέ
1613 607 1729 680 ἐστι
1753 606 1850 660 καὶ

274 697 414 767 πρὸς
451 696 667 767 ἀπάτην
719 694 1028 764 ἐφέλκεται.
1060 694 1223 750 Ὅθεν
1285 697 1334 749 οἱ
1369 699 1585 768 φρονεῖν
1622 697 1846 762 εἰδότες,

271 788 460 859 ῶσπερ
486 787 607 840 τινὰ
633 786 804 856 μέθην
840 784 1014 839 ταῦτα
1076 786 1170 840 καὶ
1233 786 1500 858 φλυαρίαν
1551 787 1847 842 ἀποσεισά-

274 896 426 948 μενοι
457 880 557 947 τὴν
585 879 689 948 γῆν
719 877 1116 940 καταλιπόντες
1133 880 1198 948 τῇ
1222 881 1312 948 γῇ,
1337 879 1618 949 μεταρσίῳ
1639 878 1834 950 γνώμῃ

269 969 626 1041 περιπολοῦσι
676 970 764 1023 τὸν
817 969 1109 1041 οὐρανόν⁸-
1144 969 1241 1032 τὰς
1295 969 1576 1040 αἰσθήσεις
1602 970 1698 1024 καὶ¹
1745 970 1846 1040 τὴν

269 1065 404 1134 ὓλην
421 1064 516 1117 καὶ
541 1063 602 1115 τὸ
628 1063 726 1132 τῆς
759 1062 968 1132 πλάνης
995 1060 1193 1132 χωρίον
1223 1061 1414 1134 ὥσπερ
1449 1060 1573 1116 τινὰ
1596 1060 1844 1134 χαλεπὴν

265 1157 652 1230 διανηξάμενοι
677 1155 967 1212 θάλατταν.

791 1273 910 1340 ur.
960 1271 1320 1344 ΝΕετοΡιᾳ.

338 1367 457 1420 Ἔτι
495 1367 684 1436 σιγᾷςς
716 1365 795 1418 έτι
819 1365 916 1435 τῆς
945 1365 1116 1437 τύχης
1157 1365 1284 1438 γίνῃ
1327 1364 1673 1437 βαρύτερος;
1703 1364 1838 1434 ἡμῖν

262 1463 374 1530 γὰρ
408 1463 486 1523 είς
517 1461 597 1512 ἔτι
618 1459 714 1512 νῦν
751 1459 1118 1527 ἀπεστέρησε,
1157 1460 1220 1512 σύ
1267 1457 1325 1512 δὲ
1352 1459 1445 1512 καὶ
1473 1457 1686 1528 μικρῶν
1708 1457 1840 1526 ἡμῖν

261 1534 569 1622 ἐφθόνησας
627 1549 924 1614 συλλαϐῶν,
963 1551 1096 1632 μηδὲ
1141 1549 1202 1603 τὸ
1246 1550 1422 1603 κοινὸν
1467 1549 1530 1620 δὴ
1557 1548 1716 1603 τοῦτο
1768 1546 1838 1600 τὰ

258 1643 370 1696 τῶν
437 1643 605 1712 φίλων
647 1641 1016 1712 μιμούμενος’
1073 1639 1190 1695 ἀλλ’
1246 1639 1357 1709 ἐγὼ
1409 1641 1508 1711 μέν
1534 1657 1592 1694 σε
1645 1639 1738 1728 κα).
1763 1637 1836 1709 μὴ

257 1736 506 1806 παρόντα
549 1733 719 1797 ποθῶ,
777 1733 873 1787 καὶ
913 1733 1258 1827 μεμνημένος
1309 1731 1704 1827 εὐφραίνομαι⁸
1862 1767 1912 1827 Β

155 1847 164 1854 ·
253 1826 352 1880 νῦν
387 1825 578 1894 καιρὸν
609 1822 807 1895 εὐρὼν,
837 1823 938 1876 οὐκ
960 1817 1076 1876 οἶδα
1105 1821 1332 1890 τιμῆσαι
1359 1821 1538 1892 σιγὴν,
1572 1820 1736 1891 ἡνίκα
1757 1819 1836 1871 δεῖ

252 1935 316 1971 σε
342 1918 628 1988 προσερεῖν
686 1914 988 1983 ἐπιτήδειον
1023 1928 1038 1944 ⁸
1091 1912 1155 1966 σὺ
1185 1912 1242 1966 δὲ
1275 1914 1326 1965 εί
1353 1929 1404 1964 τι
1439 1910 1512 1981 μὴ
1547 1910 1645 1964 καὶ
1674 1909 1835 1964 τοῦτο

250 2007 354 2076 τῆς
400 2005 659 2072 πατρίδος
709 2001 1057 2072 ἀπήλαυσας,
1117 1999 1180 2054 τὺ
1222 2001 1406 2070 μένειν
1436 1999 1523 2068 ἐφ’
1554 1993 1636 2062 οἷς
1672 1999 1736 2068 δή
1775 2014 1832 2051 σε

251 2095 444 2168 πρώην
469 2094 786 2160 ἐπαίδευσα,
821 2091 1056 2164 μάλιστα
1094 2092 1192 2161 μὲν
1245 2090 1502 2144 ποθοῦσιν
1522 2089 1784 2159 ὲφίστασο
1810 2104 1825 2120 ⁸

247 2190 300 2240 εί
325 2187 378 2239 δὲ
412 2187 508 2256 μὴ,
543 2183 713 2255 μιμοῦ
745 2183 846 2253 τὴν
897 2182 1028 2236 θέαν
1057 2185 1170 2245 τοῖς
1201 2183 1492 2254 πράγμασι
1521 2197 1535 2211 ⁸
1581 2181 1678 2234 καὶ
1711 2179 1831 2232 πεξ-

250 2293 366 2338 σεις
397 2274 470 2338 ὡς
499 2275 597 2344 τὴν
627 2273 766 2345 ἐμὴν
790 2273 1140 2330 διδασκαλίαν
1161 2272 1223 2324 τὸ
1249 2271 1543 2344 τῆςχώρας
1575 2270 1832 2340 οὐδαμῶς

247 2365 470 2434 ἐνίκησε
504 2363 774 2436 βάραθρον
799 2380 812 2394 ⁸
839 2362 1012 2427 οὕτως
1043 2362 1344 2434 ἐπαίρομαι
1383 2366 1520 2434 πρὸς
1549 2361 1721 2430 ἄνδρα
1752 2360 1830 2414 δι-

243 2455 517 2510 δασκάλου
543 2455 890 2525 φρονήματος
911 2451 1294 2524 ἀντεχόμενος.

569 2569 685 2636 ara.
716 2567 966 2640 zezmp
1007 2567 1127 2621 ΚΑΙ
1167 2567 1504 2638 ΜΑΚΛΡΙῼ.

319 2678 528 2748 Οίπερὶ
591 2677 683 2731 τὸν
723 2675 1033 2746 σοφώτατον
1071 2677 1324 2732 Βαϐύλαν
1357 2677 1680 2748 ἀφικόμενοι
1745 2677 1828 2733 δι-

241 2773 526 2844 ηγήσαντό
552 2789 641 2842 μοι
672 2770 970 2842 προθύμως
1004 2773 1150 2844 ἅπερ
1169 2771 1392 2826 ἀκούειν
1427 2772 1526 2840 μὲν
1573 2771 1825 2843 εὐχομαι,

245 2866 378 2936 πρὶν
395 2864 451 2918 δὲ
481 2865 664 2933 λέγειν
690 2865 890 2927 αὐτοὺς
921 2864 1242 2935 ἠπιστάμην
1274 2882 1288 2896 ⁸
1315 2864 1374 2933 ἐξ
1416 2858 1492 2920 ὧν
1549 2865 1658 2936 γάρ
1698 2866 1827 2936 ἐμοὶ

243 2954 540 3021 φοιτῶντες
569 2953 668 3023 τὴν
688 2953 817 3022 περὶ
838 2948 1033 3020 λόγους
1061 2953 1319 3023 σπουδὴν,
1351 2952 1674 3025 σωφροσύνῃ
1707 2953 1826 3024 τρό-

1962 513 2216 571 virtutem
2267 517 2438 573 ducit.
2501 522 2653 587 Quod
2713 525 2858 578 enim
2910 541 3012 580 non
3069 527 3374 597 bujusmodi
3428 545 3532 602 est,

1955 615 2279 662 extraneum
2308 619 2393 664 est
2424 621 2480 664 et
2517 612 2583 665 ad
2621 627 2864 668 errorem
2904 615 3087 670 trahit.
3119 617 3292 681 Unde,
3325 623 3416 691 qui
3448 638 3538 679 sa-

1957 697 2132 764 piunt,
2165 713 2254 764 ea,
2280 709 2536 776 tanquam
2579 703 2904 760 ebrietatem
2935 709 3228 775 quanidam
3257 721 3309 764 et
3337 728 3532 780 nugas,

1955 787 2280 851 excutiunt,
2322 797 2520 843 terram
2564 797 2728 848 terra!
2776 793 3168 864 relinquentes,
3216 807 3271 851 et
3316 801 3532 856 sublimi

1955 887 2136 933 mente
2169 880 2364 936 coelum
2393 893 2603 952 petunt,
2636 899 2827 940 sensus
2852 894 2906 940 et
2929 886 3212 942 materiam
3243 897 3294 944 et
3326 895 3532 948 erroris

1959 968 2136 1022 locum
2165 981 2224 1024 ut
2255 972 2528 1041 quoddam
2561 987 2762 1028 saevum
2787 988 2938 1028 mare
2968 986 3392 1035 transnatantes.

2447 1257 2608 1314 XCII.
2655 1257 3021 1318 NESTORIO.

2017 1349 2208 1406 Adhuc
2239 1350 2410 1406 siles?
2444 1353 2634 1408 Adhuc
2664 1353 2888 1409 fortuna
2930 1356 2992 1409 tis
3021 1357 3277 1424 gravior?
3308 1358 3402 1413 Illo
3427 1375 3526 1416 nos

1949 1457 2118 1511 usque
2162 1442 2341 1498 adhuc
2394 1453 2446 1499 te
2487 1446 2742 1516 privavit,
2775 1457 2831 1501 tu
2863 1463 2992 1504 vero
3028 1457 3086 1503 et
3127 1465 3326 1520 paucas
3371 1454 3524 1508 nobis

1949 1533 2162 1590 invides
2201 1535 2459 1608 syllabas,
2505 1553 2573 1593 ne
2613 1537 2744 1594 illud
2773 1539 2990 1626 quidem
3029 1541 3331 1596 amicorum
3371 1557 3524 1599 com-

1949 1639 2114 1679 mune
2143 1626 2424 1682 invitatus.
2451 1627 2557 1682 Sed
2589 1643 2691 1699 ego
2721 1638 2775 1684 te
2813 1639 2869 1685 et
2894 1645 3000 1684 non
3033 1639 3354 1701 praesentem
3379 1633 3522 1690 desi-

1945 1717 2073 1773 dero
2104 1727 2159 1773 et
2201 1720 2498 1775 recordans
2541 1719 2712 1784 laetor,
2743 1736 2885 1777 nunc
2911 1736 3034 1776 cum
3063 1723 3407 1778 occasionem
3434 1740 3523 1780 re-

1939 1809 2110 1878 perio,
2139 1808 2409 1865 silentium
2450 1818 2668 1866 servare
2712 1813 2918 1879 nescio,
2961 1813 3182 1882 quando
3229 1823 3279 1870 te
3315 1814 3519 1885 alloqui

1939 1906 2282 1960 commodum
2329 1916 2431 1962 est.
2481 1905 2562 1962 Tu
2608 1921 2736 1963 vero
2776 1907 2880 1981 nisi
2931 1917 2988 1964 et
3029 1908 3218 1980 procul
3266 1924 3296 1964 a
3343 1911 3519 1980 patria

1937 1995 2070 2051 illud
2109 1992 2594 2068 rejecerismempe
2633 1999 3098 2070 perseverantiam
3127 2002 3181 2056 in
3223 2001 3291 2056 iis
3317 2019 3437 2073 quae
3467 2013 3520 2059 te

1937 2086 2066 2141 olim
2099 2089 2382 2153 docebam,
2405 2091 2634 2144 multum
2679 2101 2731 2145 te
2781 2090 3218 2148 desiderantibus
3241 2094 3390 2161 redi;
3429 2095 3519 2150 sin

1937 2191 2150 2242 contra,
2183 2187 2237 2234 at
2281 2179 2473 2233 saltem
2505 2182 2580 2232 tui
2607 2189 2886 2250 aspectum
2920 2181 3136 2239 imitare
3181 2183 3396 2239 actibus
3420 2202 3436 2252 ;
3462 2195 3517 2242 et

1935 2269 2295 2335 persuadebis
2323 2285 2497 2324 meam
2526 2271 2826 2325 doctrinam
2853 2272 3180 2342 regionisba
3193 2275 3382 2335 rathrq
3407 2289 3512 2331 non

1934 2371 2058 2412 esse
2098 2357 2300 2412 victam
2337 2377 2350 2412 :
2388 2359 2523 2415 adeo
2547 2359 2598 2414 in
2627 2362 2826 2427 virum,
2861 2363 3104 2433 magistri
3133 2365 3316 2421 studio
3339 2366 3514 2436 reple-

1937 2456 2046 2512 tus,
2077 2447 2325 2504 invebor.
2587 2477 2602 2489 -
3315 2471 3326 2482 '

2237 2564 2420 2620 XCIII.
2447 2564 2702 2622 ZOSIMO
2743 2564 2831 2620 ET
2878 2565 3207 2625 MACARIO.

2003 2677 2452 2746 Sapientissimus
2481 2677 2708 2749 Babylas
2729 2693 2852 2733 cum
2873 2679 2986 2734 huc
3009 2679 3340 2748 advenisset,
3370 2697 3510 2737 nun-

1933 2766 2088 2821 tiavit
2121 2767 2250 2822 mihi
2275 2783 2396 2838 quae
2427 2770 2643 2840 quidem
2692 2771 3076 2827 ardentissime
3105 2771 3295 2828 audire
3327 2775 3505 2844 cupio,

1929 2873 2050 2928 quae
2085 2871 2264 2914 autem
2309 2876 2565 2917 noveram
2589 2872 2880 2932 antequam
2907 2865 3216 2920 diceret.Ex
3259 2882 3322 2922 ea
3359 2868 3504 2922 enirn

1929 2965 2140 3006 morum
2185 2953 2452 3018 sapientia
2493 2963 2546 3008 et
2589 2956 2802 3011 caeteris
2829 2956 3128 3030 ivirtutibus
3177 2957 3376 3027 quibus
3425 2961 3507 3014 di-

239 3060 362 3098 ττων
417 3045 512 3097 καὶ
552 3046 674 3105 ταῖς
731 3042 947 3106 λοιπαῖς
999 3043 1224 3112 ἀρεταῖς
1265 3043 1630 3112 ὲκοσμήσατε,
1662 3042 1818 3112 δῆλον

1928 3043 2084 3098 cendi
2119 3043 2356 3098 studium
2387 3046 2715 3112 adornastis,
2758 3047 2973 3116 quando
3041 3049 3108 3103 ad
3137 3064 3222 3106 me
3271 3051 3505 3106 ventita-

236 3133 312 3206 ἦν
334 3133 622 3206 δήπουθεν,
655 3103 736 3198 ώς
776 3133 872 3188 καὶ
906 3103 1050 3206 πρὸς
1075 3103 1255 3202 νόμων
1285 3103 1444 3204 χάρίν
1462 3103 1816 3204 ἀπαίροντες,

1928 3135 2084 3200 batis,
2115 3135 2275 3204 plane
2313 3137 2663 3193 manifestum
2714 3103 2836 3195 erat
2875 3155 2993 3210 vos,
3035 3155 3157 3197 cum
3201 3143 3266 3198 ad
3317 3142 3496 3215 legum

244 3225 459 3292 μενεῖτε
479 3221 645 3276 πάλιν
694 3220 846 3274 αὐτοί
867 3235 880 3250 ⁸
925 3219 1024 3274 καὶ
1055 3219 1194 3291 πρὸς
1221 3220 1282 3274 τὸ
1311 3223 1560 3292 κρεῖττον
1582 3221 1821 3293 ἀναδρα-
1848 3229 1852 3240 “

241 3315 366 3383 μεῖν
389 3310 636 3380 γένοισθέ
699 3327 804 3364 που
855 3309 1282 3381 φιλονεικότεροι
1305 3327 1320 3343 ⁸
1352 3312 1402 3364 εί
1429 3311 1486 3366 δὲ
1516 3311 1694 3366 ταῦτά
1729 3329 1819 3382 μοι

233 3403 650 3472 παρασκευάζει
695 3401 795 3472 τὴν
853 3400 1068 3472 ἡδονὴν,
1099 3401 1153 3454 τί
1202 3400 1310 3472 χρὴ
1341 3401 1520 3470 λέγειν
1549 3402 1675 3471 (σὺν
1697 3402 1818 3472 Θεῷ

230 3493 592 3565 ὅέίρήσθω),
639 3494 730 3547 ὅτε
766 3492 1134 3564 δικαστηρίων
1199 3491 1662 3572 προϐεϐλημένων
1720 3494 1818 3549 καὶ

233 3589 474 3656 σ’φρονι
498 3584 714 3657 γλώττῃ
757 3587 823 3655 τῇ
877 3584 1114 3655 εὐνομίᾳ
1161 3584 1506 3654 προχέοντες,
1536 3585 1664 3648 τοὺς
1715 3584 1816 3655 μὲν

232 3677 512 3750 παρόντας
539 3674 823 3746 χειροῦσθε
841 3677 908 3744 τῇ
935 3675 1121 3746 πείρᾳ,
1155 3676 1280 3739 τοὺς
1307 3675 1368 3728 δὲ
1393 3676 1613 3747 μακράν
1643 3675 1814 3730 ἀπόν-

229 3785 336 3831 τας
379 3770 446 3838 τῇ
486 3769 690 3838 φήμῃ;
737 3765 944 3818 τούτων
979 3765 1089 3834 γὰρ
1153 3763 1591 3835 θρυλλουμένων,
1616 3765 1814 3836 μικρὸν

232 3857 340 3927 μὲν
355 3857 709 3928 Πολυκράτης
739 3857 818 3918 είς
842 3853 1100 3924 εὐτυχίαν
1121 3855 1272 3926 ἐμοί·
1293 3855 1446 3910 οὐδὲν
1465 3854 1522 3908 δέ
1553 3872 1644 3925 μοι
1669 3855 1811 3920 δόξει

233 3949 376 4020 μετὰ
401 3948 510 4004 τῶν
537 3946 747 4002 πολλῶν
777 3947 1056 4002 ταλάντων
1082 3947 1110 4000 ό
1142 3947 1392 4016 Κροῖσος.

633 4156 743 4222 utr.
780 4152 1082 4224 ΖΑΧΑΡΙᾼ
1115 4150 1401 4224 Assam.

301 4247 441 4309 Τούς
463 4245 696 4316 ἄγοντας
741 4245 841 4314 τὴν
901 4243 1208 4313 ἐπιστολὴν,
1240 4243 1440 4308 οἵτινες
1489 4245 1590 4315 μέν
1646 4247 1804 4314 εἰσιν,

227 4338 412 4408 ἀγνοῶ
437 4354 453 4370 ⁸
491 4338 576 4390 ὅτι
603 4336 663 4390 δέ
696 4353 755 4388 σε
809 4335 1200 4406 θαυμάζουσιν,
1252 4335 1489 4400 οἰκείους
1530 4335 1670 4406 ἄγαν
1693 4337 1807 4409 ὁρί-

1924 3241 2166 3281 amorem
2224 3229 2552 3302 transiretis,
2594 3231 2811 3287 eosdem
2844 3246 3064 3303 semper
3114 3249 3402 3292 mansuros
3447 3247 3502 3294 et

1921 3318 1991 3373 ad
2041 3319 2266 3374 meliora
2307 3323 2632 3391 properandi
2669 3337 2884 3393 semper
2929 3325 3237 3394 cupidiores
3267 3327 3496 3386 futuros.

1923 3409 1979 3464 Si
2009 3422 2188 3465 autem
2235 3412 2349 3466 haec
2396 3414 2529 3468 mihi
2565 3415 2820 3485 gaudium
2854 3415 3111 3482 alierum,
3143 3419 3272 3488 quid
3315 3420 3501 3476 dicen-

1921 3501 2047 3554 dum
2078 3509 2162 3555 est
2183 3500 2328 3570 (cum
2357 3500 2466 3557 Deo
2493 3512 2670 3557 autem
2703 3505 2962 3576 dicatur).
3005 3510 3222 3576 quando
3249 3510 3498 3567 tribuna-

1920 3592 2060 3648 libus
2091 3593 2412 3662 designatis,
2441 3595 2751 3664 aequitatem
2780 3597 3012 3662 sapienti
3047 3597 3226 3669 lingua
3270 3614 3499 3670 protun-

1917 3684 2129 3747 dentes,
2151 3693 2448 3751 praesentes
2473 3682 2692 3752 quidem
2725 3695 2848 3739 actu
2879 3685 3162 3756 subigetis,
3199 3688 3342 3744 fama
3365 3707 3496 3750 vero

1916 3773 2174 3830 absentes
2251 3783 2306 3828 et
2366 3774 2615 3844 regiones
2661 3775 2985 3846 longinquas
3029 3779 3368 3838 incolentes?
3395 3781 3492 3840 His

1915 3861 2060 3915 enim
2118 3861 2359 3932 undique
2419 3864 2472 3916 in
2514 3863 2704 3932 vulgus
2744 3865 2970 3934 sparsis,
3021 3883 3210 3937 parum
3268 3872 3486 3940 quidem

1915 3950 2043 4004 mihi
2077 3952 2142 4004 ad
2169 3965 2454 4021 prosperas
2491 3966 2576 4008 res
2599 3953 2944 4024 Polycrates;
2981 3957 3117 4012 nihil
3172 3969 3354 4016 autem
3395 3963 3481 4019 vi-
3519 3973 3530 3990 '

1913 4041 2132 4096 debitur
2151 4056 2272 4097 cum
2289 4053 2368 4099 tot
2392 4043 2610 4099 talentis
2634 4044 2881 4102 Croesus.

2233 4154 2420 4212 XCIV.
2471 4155 2842 4214 ZACIIARIIE
2883 4160 3161 4219 FRATRI.

1983 4247 2082 4314 Qui
2114 4249 2254 4304 hanc
2281 4249 2562 4318 epistolam
2595 4248 2797 4316 ferunt,
2831 4253 3050 4322 quinam
3095 4254 3208 4310 sint
3259 4257 3481 4326 nescio;

1909 4341 2036 4409 quia
2069 4355 2197 4395 vero
2223 4349 2274 4395 te
2307 4340 2594 4407 mirantur,
2625 4353 2886 4411 cognatos
2927 4345 3085 4400 valde
3124 4347 3346 4404 deﬁnio.
3377 4348 3480 4418 Qui

227 4432 394 4498 ζομαι
419 4446 434 4462 ⁸
466 4422 614 4484 οὗτοι
644 4427 752 4499 γὰρ
775 4427 978 4490 ἰδόντες
1021 4427 1144 4496 ἐμὲ,
1173 4428 1269 4480 καὶ
1296 4428 1596 4496 συγγενοῦς
1626 4447 1800 4500 χαρα-

1928 4432 2121 4501 ιυίάειη
2155 4431 2243 4486 ubi
2271 4445 2356 4486 me
2377 4431 2644 4498 viderunt,
2676 4441 2730 4488 et
2761 4433 2813 4488 in
2849 4437 3172 4503 congeneris
3199 4438 3482 4498 characte-

224 4525 429 4592 κτῆρος
484 4519 728 4584 ἐλθόντες
782 4521 862 4581 είς
913 4517 1143 4581 ἔννοιαν,
1192 4517 1341 4571 τοῦθ’
1371 4519 1508 4590 ὅπερ
1545 4515 1614 4590 ἦν
1635 4521 1800 4590 ἐμαν-

222 4613 444 4668 τεύοντο
467 4629 480 4642 ⁸
513 4612 606 4665 καί
665 4629 718 4666 τι
763 4609 902 4680 πρὸς
931 4610 1158 4673 ἑαυτοὺς
1201 4609 1447 4674 εἰπόντες
1477 4613 1572 4664 καὶ
1603 4612 1798 4683 κριτὰς

195 4708 488 4778 ῖάλλήλους
532 4705 895 4776 πεποιημένοι
947 4703 1041 4758 τοῦ
1102 4704 1431 4774 πράγματος
1465 4703 1540 4768 ὡς
1571 4704 1797 4774 ἀδελφὸς

219 4801 319 4854 τοῦ
347 4799 599 4868 φιλτάτου
633 4797 948 4866 καθέστηκα
975 4811 990 4827 ⁸
1029 4795 1218 4866 ἐπειδὴ
1245 4796 1382 4866 πρὸς
1417 4796 1544 4865 μίαν
1571 4794 1796 4865 γνώμην

220 4891 502 4962 ἐφέροντο,
562 4888 1003 4960 προσδραμόντες
1059 4887 1195 4958 ὁμοῦ
1248 4887 1544 4958 προσεῖπόν
1588 4903 1648 4940 τε
1676 4887 1794 4958 ἅμα

219 4987 318 5038 καὶ
344 4983 625 5052 εὐμενέσιν
675 4979 979 5050 ὀφθαλμοῖς
1033 4977 1404 5032 ὑπεϐλέποντο
1425 4993 1437 5008 ⁸
1490 4977 1582 5032 καί
1616 4994 1674 5030 σε
1703 4977 1792 5030 διὰ

219 5075 424 5138 παντὸς
449 5073 772 5144 ἐποιήσαντο
827 5069 1124 5138 θαύματος,
1173 5068 1434 5140 δικαστὴν
1463 5068 1622 5140 ὀρθὸν
1647 5058 1739 5124 καὶ
1764 5070 1792 5123 ὅ

213 5191 271 5226 τι
300 5166 494 5236 σεμνὸν
516 5161 1010 5234 ὀνομάζοντες,τῆς
1035 5161 1132 5230 μὲν
1158 5159 1316 5226 ἀξίας
1345 5163 1471 5224 ίσως
1495 5161 1752 5215 ἐλάττονα
1773 5176 1788 5194 ⁸

213 5258 366 5328 δῆλοι
391 5258 434 5311 δ’
457 5255 552 5310 οὖν
587 5251 728 5327 ⁴ἦσαν
759 5253 930 5306 πλείω
967 5251 1145 5320 λέγειν
1187 5251 1484 5316 ἐθέλοντες,
1509 5246 1584 5306 ὧν
1612 5254 1790 5322 ἀπαγ-

211 5351 427 5416 γέλλειν
453 5348 734 5419 ἠδύναντο,
759 5346 859 5416 τὴν
890 5343 1020 5414 περὶ
1053 5345 1112 5397 σὲ
1159 5345 1384 5414 γνώμην
1415 5343 1516 5413 τῆς
1543 5344 1788 5416 γλώττης

213 5442 608 5510 ἀποφαίνοντες
663 5440 984 5511 κρείττονα·
1021 5436 1133 5504 ἐγὼ
1197 5437 1253 5489 δὲ
1295 5437 1510 5499 πολλοῖς
1544 5439 1788 5502 ἐπαίνοις

214 5536 277 5598 ἐξ
306 5534 482 5588 αὐτῶν
507 5531 940 5602 στεφανούμενος
964 5545 977 5559 ⁸
1012 5528 1202 5582 ἔπειτα
1236 5527 1345 5598 γὰρ
1384 5527 1452 5580 τὰ
1480 5527 1602 5580 καθ’
1633 5529 1786 5598 ὑμῶν

214 5629 517 5696 ἐποιούμην
545 5621 829 5694 ὲγκώμιακο
860 5621 953 5675 καὶ
985 5619 1176 5687 μισθὸν
1200 5618 1440 5674 αἰτοῦσιν
1465 5618 1668 5671 ἐδίδουν
1688 5620 1786 5690 τὴν

215 5719 498 5792 παροῦσαν
515 5715 824 5786 ἐπιστολήν.
1006 5697 1019 5710 ’

1906 4523 1983 4578 ris
2008 4522 2369 4592 suspicionem
2397 4533 2681 4588 venerunt,
2713 4524 2765 4578 id
2788 4525 3137 4594 coniecerunt
3167 4531 3311 4598 quod
3327 4540 3476 4599 erat;

1904 4624 1952 4670 et
1987 4613 2230 4668 nonnihil
2254 4613 2396 4669 inter
2440 4615 2521 4685 se!
2538 4615 2700 4671 locuti
2734 4633 2902 4689 seque
2929 4627 3116 4676 mutuo
3147 4621 3360 4690 iudices
3397 4625 3475 4679 rei

1903 4704 2184 4776 facientes,
2203 4718 2287 4759 me
2311 4703 2502 4774 nempe
2533 4704 2870 4760 dilectissimi
2892 4722 3012 4762 esse
3040 4707 3286 4766 fratrem.
3317 4710 3476 4768 Post-

1901 4809 2062 4863 quam
2095 4796 2148 4848 in
2179 4809 2352 4848 meam
2375 4793 2706 4848 sententiam
2742 4795 3010 4850 devenere
3037 4812 3142 4852 una
3175 4813 3470 4856 accurren-

1906 4895 2008 4952 tes,
2041 4899 2126 4939 me
2153 4883 2314 4938 simul
2335 4883 2704 4951 alloquuntur,
2737 4894 2792 4939 et
2830 4885 3107 4944 benevolis
3136 4887 3308 4945 oculis
3335 4892 3475 4962 aspi-

1901 4978 2074 5033 ciunt.
2127 4974 2198 5031 Ut
2221 4983 2275 5029 te
2329 4974 2640 5029 omnimoda
2687 4975 3048 5034 admiratione
3095 4979 3470 5050 cumulavere,

1893 5069 2135 5139 judi‘cem
2157 5075 2362 5121 rer-tum
2395 5075 2450 5120 et
2473 5082 2634 5146 quam
2669 5069 3110 5138 augustissimum
3139 5069 3472 5141 appellantes
3501 5052 3513 5064 ’

1897 5155 2182 5214 et’merito
2216 5157 2527 5213 inferiorem
2568 5159 2744 5214 locum
2790 5161 3182 5229 po’ssidentem.
3243 5160 3470 5217 Patebat

1879 5261 2077 5322 .autem
2107 5265 2202 5305 eos
2228 5249 2380 5319 plura
2416 5249 2549 5304 velle
2575 5251 2757 5306 dicere
2785 5267 2946 5320 quam
2973 5252 3297 5308 annuntiare
3313 5263 3466 5323 pote-

1898 5352 2043 5408 rant,
2087 5357 2238 5396 suarn
2266 5341 2330 5395 de
2367 5350 2418 5394 te
2452 5341 2782 5395 sententiam
2811 5341 2990 5411 lingua
3027 5340 3286 5409 majorem
3319 5341 3464 5396 indi-

1895 5445 2102 5503 cantes.
2142 5433 2254 5502 Ego
2287 5442 2412 5486 vero
2439 5431 2716 5486 abiisdem
2750 5431 2936 5486 multis
2959 5433 3208 5488 laudibus
3237 5443 3464 5489 ornatus

1894 5541 2034 5580 sum.
2066 5523 2270 5577 Deinde
2315 5522 2458 5576 enim
2485 5532 2724 5576 vestrum
2760 5524 3064 5578 encomium
3121 5523 3375 5593 agebant,
3407 5530 3465 5578 et

1897 5616 2197 5670 mercedem
2271 5615 2581 5685 petentibus
2639 5615 2830 5670 dabam
2887 5624 3208 5684 praesentem
3262 5614 3463 5686 episto-

1893 5708 2020 5760 iatn.
