3966 6318
463 291 605 357 2731

552 493 670 550 Νοη
697 501 972 564 putassem
1003 504 1035 544 a
1063 491 1213 546 vobis
1246 503 1331 542 me
1363 487 1521 541 talem
1553 482 1859 541 subiturum
1891 484 2059 538 fuisse

1747 270 2101 338 PROCOPII
2131 259 2380 334 GAZEEI

1033 395 1196 453 XCV.
1235 392 1490 451 ORIONI.
2075 389 2131 450 Α

3196 317 3204 322 .
3607 252 3738 329 επεὶ

2536 463 2540 466 η
2711 380 2826 450 ιε’.
2897 383 3149 437 omnm.

2233 479 2347 532 Οὔκ
2403 477 2468 530 ἂν
2528 475 2687 547 ᾤμην
2717 475 2851 546 παρ’
2913 473 3070 544 ὑμῶν
3113 473 3388 543 τοιαύτην¹
3438 473 3740 544 ὑποστῆναι

485 587 907 650 accusationem,
941 598 1116 652 neque
1161 579 1358 636 silentii
1405 593 1513 632 non
1563 577 1900 632 innocentem
1942 588 2062 629 esse

2207 567 2399 640 ραφὴν,
2417 568 2538 622 οὐδὲ
2555 567 2766 637 σιωπῆς
2793 568 3064 636 ὑπάρχειν
3080 564 3373 630 ἀνεύθυνος
3390 571 3504 630 τοῖς
3525 567 3744 634 ἀγνοουο

488 692 596 730 non
632 673 936 730 dicentibus
965 686 1070 741 quo
1097 683 1228 726 sane
1256 667 1422 722 maris
1451 676 1504 721 et
1534 675 1692 720 terra:
1719 663 2060 719 devenerint.

487 767 616 830 Sed,
640 774 702 820 ut
724 760 1205 828 videtur,maluisti
1235 774 1318 814 me
1345 773 1604 814 accusare
1636 773 1797 827 quam
1827 756 2064 810 rationes

489 859 621 914 mihi
651 857 914 928 prmbere.
957 854 1088 909 Illud
1118 853 1262 906 enim
1294 861 1346 907 te
1375 852 1528 922 prius
1564 850 1806 904 indicare
1843 857 2064 918 oporte-

489 951 628 1005 bat:
671 950 809 1017 quod
859 946 1083 1000 multum
1135 943 1305 998 maris
1350 942 1628 996 dimensus
1680 955 1867 1014 esses;
1924 937 2066 1007 quod

493 1037 696 1092 insulas
729 1037 1032 1106 navigando
1059 1031 1808 1104 prmteriens-Heliespontum
1838 1031 2068 1086 vidisses

491 1125 821 1184 continentis
887 1125 1174 1192 utriusque
1236 1123 1516 1178 miraculis
1573 1130 1942 1186 exornatum;
2013 1127 2070 1193 et

495 1221 768 1273 transiens
803 1215 1184 1285 Propontidem
1238 1215 1306 1266 ad
1360 1215 1533 1282 ipsum
1584 1201 1923 1282 Bosphorum
1977 1212 2072 1266 de-

495 1309 775 1375 venisses;
810 1306 954 1376 quod
990 1305 1186 1360 ibidem
1224 1305 1412 1360 urbem
1448 1303 1756 1358 mirandum
1789 1311 2072 1374 spectacu-

497 1399 607 1452 lum
643 1397 766 1452 navi
799 1395 990 1451 delatis
1023 1395 1338 1450 offerentem
1388 1394 1649 1459 vidisses;
1687 1410 1806 1464 quae
1835 1395 1988 1464 quasi
2019 1396 2071 1447 in

499 1501 659 1546 terra:
687 1490 826 1543 collo
845 1487 1034 1554 jacens
1058 1487 1242 1542 Asiam
1272 1485 1502 1556 Europae
1530 1488 1822 1557 projectam
1857 1486 2073 1556 prospi-

502 1583 606 1646 cit,
666 1591 719 1634 et
772 1577 1003 1632 Pontum
1052 1579 1250 1632 finiens
1305 1578 1512 1647 reliquo
1566 1577 1700 1633 mari
1757 1576 2078 1632 transmittit

505 1670 790 1726 mirabilia.
825 1669 892 1724 Et
917 1670 1017 1722 alia
1052 1685 1385 1738 quaecunque
1423 1670 1630 1741 garrire
1660 1667 1832 1723 solent
1858 1669 1946 1736 qui
1979 1657 2074 1721 illa

506 1761 852 1831 contemplati
899 1766 1026 1816 sunt
1061 1773 1222 1815 aures
1269 1768 1482 1816 nostras
1513 1762 1812 1830 pulsantes.
1847 1753 1932 1814 Te
1972 1760 2076 1815 alia

506 1853 799 1916 scribente,
835 1851 881 1906 si
930 1851 1312 1917 tacuissemus,
1343 1860 1472 1907 tunc
1527 1853 1722 1908 merito
1771 1851 2080 1920 subiacere—

511 1959 632 1999 mus
663 1943 1090 2012 reprehensioni.
1119 1939 1274 1998 Nunc
1305 1943 1683 2000 au’tem.silens
1724 1952 1782 1998 et
1822 1941 2082 2010 navigan-

507 2036 642 2088 tium
671 2035 842 2104 legem
880 2035 1202 2104 despiciens,
1229 2049 1296 2089 ex
1331 2049 1449 2090 mea
1482 2043 1596 2088 arte
1619 2033 1850 2104 juridice
1887 2031 2084 2102 incipis

511 2127 752 2196 linguam
784 2140 1022 2180 movere.
1070 2125 1260 2180 Scribe
1297 2135 1475 2179 tamen
1521 2122 1884 2189 solummodo,
1908 2132 1964 2178 et
1993 2135 2087 2178 ac-~

505 2215 807 2270 cusationis
835 2215 1084 2286 querelas
1113 2214 1438 2270 subibimus.

1067 2385 1256 2447 XCVI.
1295 2383 1554 2447 JOANNI.

465 2500 472 2506 ·
585 2477 820 2556 Sapiens
866 2493 1017 2541 certe
1069 2490 1191 2538 erat
1237 2482 1326 2552 qui
1379 2481 1482 2536 hoc
1531 2480 1669 2536 dixit
1703 2499 1716 2536 :
1747 2475 2088 2553 Sapientem,

512 2578 730 2635 etiamsi
790 2575 978 2646 procul
1033 2589 1062 2628 a
1126 2583 1270 2629 terra
1321 2572 1548 2640 habitet,
1587 2571 1802 2628 etiamsi
1854 2574 2090 2629 nondum

517 2685 644 2725 eum
677 2665 849 2723 oculis
883 2667 1130 2732 viderim,
1181 2665 1414 2720 amicum
1457 2664 1663 2743 judico.
1697 2663 1844 2720 Talis
1875 2665 2094 2734 quidem

524 2776 614 2816 me
655 2758 854 2815 invasit
901 2773 1112 2824 sensus,
1145 2763 1292 2814 tuam
1335 2752 1557 2826 ‘quidem
1603 2757 1794 2812 faciem
1839 2757 2096 2826 ignoran-

531 2861 676 2914 lem,
729 2864 916 2905 amore
966 2857 1319 2904 tamen.eam
1366 2848 1504 2904 miro
1559 2851 1718 2904 modo
1767 2849 2096 2918 amplexum.

526 2940 637 2996 Sed
671 2941 828 2996 famae
863 2940 1069 3011 gratias
1106 2954 1228 3010 ego,
1263 2955 1364 3012 per
1395 2955 1556 3010 quam
1590 2949 1644 2996 et
1675 2941 1934 2996 distantia
1969 2954 2102 2994 con-

523 3035 848 3129 iunguntur,
869 3044 921 3088 et
951 3032 1255 3129 quaaionge
1291 3043 1419 3087 sunt
1447 3033 1734 3129 praesentia
1769 3046 1888 3088 esse
1915 3031 2102 3128 viden:
2130 3068 2176 3129 ϐ

533 3133 658 3196 tur._
690 3121 796 3179 Per
835 3123 975 3178 hanc
1014 3121 1159 3176 enim
1203 3135 1298 3175 vos
1337 3119 1637 3189 saepissime
1675 3118 1915 3181 intuens,
1942 3125 1994 3172 et
2029 3115 2104 3171 tui

533 3213 601 3266 ad
647 3213 847 3280 optima
899 3212 1040 3266 beati
1078 3210 1289 3264 ardoris
1324 3210 1437 3265 sola
1473 3208 1802 3280 cogitatione
1846 3205 2106 3270 suﬂ'usus,

535 3301 742 3369 tibique
797 3301 1120 3369 incorporeo
1166 3313 1354 3352 amore
1400 3298 1746 3368 conjunctus,
1795 3311 1900 3350 non
1955 3295 2111 3350 valde

538 3405 800 3461 corporea
875 3391 1065 3445 natitia
1126 3389 1364 3458 indigeo.
1420 3387 1526 3442 Sed
1597 3396 1740 3442 luant
1826 3385 2110 3458 epistolam

537 3498 604 3536 cx
645 3479 938 3534 Alexandri
975 3481 1106 3534 urbe
1139 3479 1359 3534 missam
1396 3479 1670 3548 aecipiens
1711 3477 1938 3548 teipsum
1982 3492 2111 3548 pos-

541 3571 720 3625 sidere
762 3569 890 3624 mihi
932 3570 1176 3626 videbar.
1225 3569 1503 3624 Sermonis
1537 3570 1680 3622 enim
1717 3569 1790 3622 tui
1830 3582 2030 3634 mores,
2058 3575 2115 3622 et

544 3671 721 3717 metus
753 3661 844 3717 ille
883 3677 950 3717 ne
983 3660 1288 3730 nutt_facias
1323 3677 1409 3716 res
1441 3661 1690 3718 caelestes
1734 3671 1836 3714 tute
1868 3674 1994 3731 erga
2027 3675 2116 3716 ο

545 3753 797 3808 amicitiae
852 3753 1255 3826 testimonium,
1317 3751 1706 3821 praecedentem
1763 3764 1870 3804 non
1924 3751 2117 3804 minuit

542 3845 763 3909 famam,
797 3844 889 3900 sed
920 3853 972 3898 te
1004 3843 1223 3898 exhibet
1254 3841 1466 3912 qualem
1509 3850 1560 3894 te
1601 3840 1787 3896 videre
1846 3839 2013 3897 volui.
2051 3841 2119 3896 Et

545 3939 662 3992 haec
695 3937 833 4008 agis,
867 3936 1157 3992 tribunalia
1187 3935 1539 4003 frequentans
1569 3948 1638 3988 ex
1661 3942 1766 3988 tua;
1791 3933 1929 3988 artis
1957 3935 2076 4004 lege
2101 3949 2117 3998 ;

547 4038 602 4084 et
629 4027 694 4084 in’
717 4037 864 4084 tanta
910 4044 1090 4084 rerum
1133 4027 1398 4084 ebrietate
1443 4028 1658 4083 sobrius
1693 4040 1815 4082 esse
1847 4033 2019 4096 potes.
2057 4024 2122 4079 Et

549 4121 625 4176 ita
651 4121 718 4175 ad
750 4121 912 4176 finem
941 4119 1123 4175 omnia
1147 4118 1474 4189 pertingant,
1505 4129 1564 4173 ut
1589 4116 1830 4172 futurum
1865 4115 2120 4186 sperasti.

551 4211 603 4268 Is
641 4211 784 4267 enim
824 4209 1160 4280 sapientibus
1199 4211 1342 4276 linis,
1379 4212 1446 4265 ad
1482 4209 1760 4280 propriam
1803 4209 2121 4278 dignitatem

2167 661 2366 731 μένοις,
2419 661 2526 730 ὅπη
2559 659 2624 730 δὴ
2654 658 2759 730 γῆς
2806 659 2840 728 ἢ
2902 657 3172 728 θαλάττης
3205 657 3500 725 ἀφίκοντο·
3529 656 3647 710 ἀλλ’
3676 656 3745 721 ὡς

2165 751 2310 805 ἔοικε
2342 753 2404 806 τὸ
2431 751 2629 822 μέλλον
2663 748 2920 820 ἔγκλημα
2953 748 3194 818 φεύγων,
3231 749 3381 801 εἵλου
3427 749 3751 818 κατηγορεῖν

2170 844 2370 916 μᾶλλον
2393 845 2534 916 ἢπερ
2553 843 2782 907 εὐθύνας
2809 841 3032 912 ὑπέχειν
3051 839 3196 911 ἐμοί.
3220 840 3287 892 Σὲ
3305 840 3415 912 γὰρ
3439 839 3548 892 ἔδει
3566 839 3754 909 πρῶτα

2171 935 2399 1007 μηνύειν
2417 937 2493 999 ὡς
2520 949 2532 1004 ι
2566 935 2703 988 πολὺ
2751 934 3090 1005 διεμέτρησα
3117 933 3350 1000 πέλαγος
3380 947 3396 961 ο
3429 932 3506 995 ὠς
3535 932 3637 992 τὰς
3664 932 3756 998 νή-

2171 1046 2298 1094 σους
2328 1026 2727 1099 παραπλεύσας
2785 1025 2878 1080 τὸν
2923 1023 3318 1094 Ἑλλήσποντον
3370 1019 3534 1086 εἶδον,
3563 1025 3676 1086 τοῖς
3698 1022 3757 1086 ἐξ

2171 1120 2443 1191 ἑκατέρας
2502 1119 2736 1190 ἠπείρου
2791 1113 3266 1186 δορυφορούμενον
3317 1114 3604 1183 θαύμασι·
3665 1115 3758 1168 καὶ

2173 1211 2460 1284 παρελθὼν
2496 1213 2598 1282 τὴν
2633 1207 3004 1281 Προποντίδα,
3039 1207 3177 1278 πρὸς
3211 1206 3374 1260 αὐτὸν
3405 1207 3647 1276 ἀφῖγμαι
3667 1205 3758 1258 τὴν

2173 1305 2452 1374 Βόσπορον
2479 1319 2494 1336 ·
2555 1301 2684 1356 ἔνθα
2742 1291 2900 1353 πόλιν
2949 1295 3090 1353 εἶδον
3143 1297 3432 1370 παραδόξῳ
3461 1297 3564 1368 θέα
3628 1313 3760 1367 προ-

2173 1393 2504 1449 απαντῶσαν
2556 1395 2671 1456 τοῖς
2709 1391 3108 1446 καταπλέουσιν
3127 1402 3140 1420 δ
3166 1379 3253 1443 ἐπ’
3285 1389 3472 1459 αύχένι
3499 1387 3613 1458 γὰρ
3645 1406 3763 1442 κει-

2181 1491 2315 1559 μένη
2342 1488 2442 1558 τῆς
2476 1488 2602 1556 γῆς,
2627 1485 2725 1556 τὴν
2765 1483 2958 1538 Ἀσίαν
2991 1483 3163 1554 ἐφορᾷ
3191 1483 3290 1552 τῆς
3321 1476 3594 1553 Εὐρώπης
3629 1499 3764 1551 προ-

2181 1576 2558 1652 ϐεϐλημένην·
2605 1577 2702 1631 καὶ
2752 1575 2845 1630 τδν
2903 1575 3107 1629 Πόντον
3151 1573 3444 1645 ὁρίζουσα,
3483 1576 3551 1644 τῇ
3599 1574 3762 1642 λοιπῇ

2183 1676 2422 1748 θαλάττῃ
2448 1673 2812 1745 παραπέμπει
2837 1670 2906 1724 τά
2933 1670 3193 1740 θαύματα
3216 1687 3231 1702 ο
3249 1669 3346 1724 καὶ
3375 1671 3476 1724 ὅσα
3504 1671 3764 1738 φλυαρεῖν

2185 1765 2565 1834 ἀπειροκάλως
2621 1761 2908 1826 εἰώθασιν,
2961 1760 3014 1814 οἱ
3064 1760 3224 1814 τάκεῖ
3271 1759 3622 1830 θεασάμενοι,
3667 1759 3765 1829 τὴν

2185 1856 2464 1929 ἡμετέραν
2493 1855 2664 1924 ἀκοὴν
2685 1850 3160 1921 καταπλήττοντες
3178 1866 3195 1884 ⁶
3212 1852 3261 1904 εί
3281 1851 3350 1904 τά
3371 1850 3601 1904 τοιαῦτα
3635 1851 3768 1922 γρά-

2181 1947 2388 2022 ψαντος
2416 1949 2778 2018 ἐσιγήσαμεν,
2796 1945 2908 2000 τότ’
2938 1945 3004 1999 ἂν
3035 1943 3261 2006 είκότως
3287 1942 3630 2013 ὑπεκείμεθα
3659 1944 3769 2004 τοῖς

2190 2041 2500 2111 ἐγκλήμασι
2517 2054 2531 2069 ⁶
2559 2038 2680 2092 νυνὶΙ
2702 2034 2760 2092 δὲ
2801 2035 3088 2106 σιωπήσας
3112 2035 3206 2088 καὶ
3240 2033 3332 2087 τδν
3360 2033 3469 2087 τῶν
3499 2033 3770 2086 πλεόντων

2191 2132 2356 2202 νόμον
2385 2117 2676 2200 ὑπεριδὼν,
2753 2127 2816 2193 ἐξ
2877 2125 3014 2198 ἐμοῦ
3081 2126 3183 2194 τῆς
3214 2125 3412 2196 τέχνης
3442 2124 3588 2196 ἄρχῃ
3624 2125 3773 2178 δικα-

2097 2258 2100 2262 -
2193 2225 2358 2288 νικῶς
2405 2223 2505 2295 τὴν
2567 2221 2816 2292 γλῶτταν
2863 2217 3032 2273 κινῶν
3048 2220 3068 2248 ’⁸
3107 2217 3247 2287 πλὴν
3278 2215 3562 2269 ἐπίστελλε
3591 2216 3771 2286 μόνον,

2195 2315 2300 2370 κᾶν
2329 2313 2652 2384 ἐγκλήματα
2683 2311 2904 2380 γραφῆς
2938 2307 3278 2376 ύποίσωμεν.

2747 2397 2896 2469 ις’.
2935 2397 3228 2468 ΙΩΑΝΝῌ.

2270 2483 2442 2567 Σοφδς
2469 2489 2536 2568 ἦν
2563 2494 2735 2557 ὅντως
2766 2495 2796 2546 ό
2823 2491 2998 2546 ταῦτα
3043 2489 3218 2561 δήπου
3269 2481 3668 2558 φθεγξάμενος,
3703 2485 3777 2550 ὥς

2200 2589 2310 2662 ἄρα
2347 2585 2646 2654 τδνσοφδν,
2706 2585 2812 2640 κᾶν
2869 2583 3005 2648 ἑκὰς
3037 2579 3162 2653 ναῖῃ
3200 2580 3414 2652 χθονὸς,
3451 2581 3556 2636 κᾶν
3587 2583 3779 2652 μήπως

2201 2680 2382 2742 ὄσσοις
2404 2677 2586 2742 ἐσίδω,
2613 2671 2788 2747 κρίνω
2841 2675 2998 2745 φίλον
3016 2687 3032 2706 ⁸
3068 2673 3312 2729 τοιοῦτόν
3341 2673 3396 2726 τί
3423 2691 3490 2744 με
3517 2673 3713 2737 πάθος,
3735 2667 3778 2726 ὦ

2203 2766 2400 2842 λῷστε,
2433 2767 2728 2840 κατείληφε
2756 2767 2856 2838 τὴν
2905 2767 3007 2838 μὲν
3032 2765 3162 2820 θέαν
3189 2764 3491 2834 ἀγνοοῦντα
3527 2765 3630 2834 τὴν
3666 2763 3778 2833 σὴν,

2205 2861 2283 2934 τῷ
2307 2861 2364 2916 δὲ
2389 2860 2538 2932 πόθῳ
2558 2859 2746 2923 δεινῶς
2771 2859 3136 2929 κατεχόμενον
3155 2874 3170 2890 ·
3221 2857 3338 2911 ἀλλ’
3373 2851 3434 2911 εὖ
3470 2873 3535 2925 γε
3558 2857 3657 2927 τῆς
3685 2858 3784 2926 φή-

2213 2967 2320 3022 μης
2376 2950 2447 3002 δι’
2497 2949 2565 3020 ἣν
2626 2948 2722 3002 καὶ
2767 2948 2838 3001 τὰ
2887 2946 3153 3000 διεστῶτα
3203 2947 3564 3010 συνάπτεται,
3594 2947 3691 2998 καὶ
3718 2945 3784 2998 τά

2211 3044 2403 3116 πόρρω
2425 3059 2521 3096 ποι
2549 3044 2810 3113 παρεῖναι
2851 3041 3032 3094 δοκεῖ·
3065 3039 3238 3112 ταύτῃ
3267 3039 3380 3112 γὰρ
3413 3041 3566 3109 ἡμᾶς
3592 3039 3785 3094 πολλά-

2211 3150 2301 3196 κις
2337 3131 2483 3195 ἰδὼν,
2511 3129 2728 3200 καὶτῆς
2748 3129 2878 3202 περὶ
2906 3131 2975 3183 τὰ
3001 3129 3236 3202 κρείττω
3260 3129 3544 3201 μακαρίας
3556 3130 3787 3200 σπουδῆς

2197 3217 2388 3292 ⁵γυμνῇ
2436 3222 2504 3291 τῇ
2549 3219 2763 3290 διανοίᾳ
2816 3219 3158 3290 περιχυθεὶς,
3200 3219 3298 3275 καὶ
3344 3221 3626 3291 ἀσωμάτῳ
3671 3236 3790 3274 συν-

2211 3310 2520 3382 απτόμενος
2547 3308 2735 3379 ερωτι,
2775 3310 2928 3363 οὐδέν
2981 3327 3032 3364 τι
3086 3310 3208 3365 λίαν
3263 3311 3600 3382 σωματικῶν
3626 3329 3792 3382 προσ-

2211 3402 2403 3472 δέομαι
2434 3401 2837 3474 γνωρισμάτων
2857 3416 2872 3430 °
2939 3401 3076 3456 ἀλλὰ
3110 3402 3206 3456 καὶ
3241 3402 3344 3473 τὴν
3368 3402 3648 3475 ὑμετέραν
3678 3405 3792 3458 ἐπιδ

2214 3492 2412 3564 στολὴν
2437 3495 2502 3547 ὲκ
2523 3493 2622 3564 τῆς
2658 3493 3009 3565 Ἀλεξάνδρου
3063 3495 3410 3565 πεμφθεῖσαν
3453 3495 3658 3562 λαϐὼν,
3696 3497 3792 3550 αὖε-

2213 3583 2342 3647 τοὺς
2363 3583 2507 3653 ὑμᾶς
2533 3583 2679 3654 ἔχειν
2708 3583 2928 3637 ἐδόκουν
2957 3600 2973 3616 ο
3027 3585 3087 3638 τὸ
3146 3585 3256 3656 γάρ
3291 3585 3405 3640 τῶν
3427 3585 3605 3654 λόγων
3637 3582 3791 3658 ἦθος,

2216 3677 2314 3732 καὶ
2355 3677 2418 3730 τὸ
2469 3676 2644 3731 δεινὸν
2695 3675 2902 3748 κρίνειν
2947 3675 3010 3730 ab
3041 3677 3118 3748 μὴ
3141 3677 3210 3730 τά
3239 3677 3360 3731 θεῖα
3403 3679 3678 3732 ποιεῖσθαι
3700 3678 3794 3748 τῆς

2218 3768 2360 3838 πρὸς
2382 3767 2485 3839 ἐμὲ
2515 3767 2700 3836 φιλίας
2755 3768 3079 3838 τεκμήριον,
3131 3770 3234 3841 τὴν
3289 3769 3676 3840 προλαϐοῦσαν
3699 3772 3795 3823 οὐκ

2218 3859 2416 3930 ἧλεγξε
2445 3859 2659 3930 φήμην,
2681 3859 2800 3913 ἀλλ’
2817 3859 2988 3926 ἔδειξε
3005 3861 3249 3914 τοιοῦτον
3269 3863 3456 3916 ὁποῖον
3477 3861 3610 3916 ἰδεῖν
3636 3871 3792 3933 προσ-

2221 3951 2492 4022 εδόκησα*
2527 3953 2624 4005 καὶ
2681 3949 2856 4006 ταῦτα
2895 3952 3270 4023 δικαστηρίοις
3315 3952 3614 4022 ὁμιλοῦντα
3656 3954 3798 4024 νόμῳ

2221 4043 2324 4112 τῆς
2351 4042 2577 4112 τέχνης·
2608 4042 2712 4098 κᾶν
2745 4045 2812 4115 τῇ
2848 4043 2986 4112 μέθῃ
3005 4043 3114 4096 τῶν
3137 4043 3486 4115 πραγμάτων
3509 4046 3800 4116 ἀνανήφειν

2225 4130 2370 4186 οὕτω
2398 4131 2698 4203 δυνάμενον
2716 4148 2731 4164 ’
2751 4132 2899 4186 ’ἀλλὰ
2914 4135 3012 4186 καὶ
3053 4132 3192 4204 πρδς
3227 4133 3406 4204 πέρας
3433 4134 3580 4191 ἔλθοι
3611 4135 3691 4200 ὡς
3717 4153 3799 4188 τυ-

2226 4225 2342 4293 χεῖν
2371 4221 2782 4293 προσεδόκησας
2800 4238 2814 4254 ⁸
2833 4221 2994 4276 τοῦτο
3016 4222 3127 4292 γὰρ
3142 4225 3600 4296 τοῖςβύφρονοῦσι
3630 4225 3799 4291 τέλος,

551 4303 780 4359 reditus.
807 4303 1033 4359 Dillicile
1063 4304 1204 4358 enim
1236 4290 1336 4358 θεῖ
1350 4319 1448 4358 nos
1476 4313 1532 4356 et
1559 4316 1678 4358 eam
1717 4316 1836 4370 qute
1877 4301 1931 4354 in
1968 4299 2101 4356 nobi:

2227 4290 2261 4381 ἦ
2295 4290 2434 4378 πρὸς
2457 4311 2554 4382 τὴν
2603 4290 2820 4366 οἰκείαν
2843 4290 3037 4384 ἀρχὴν
3063 4290 3418 4386 ἀναχώρησις
3443 4332 3458 4348 ·
3497 4317 3676 4371 δεινὸν
3699 4318 3801 4386 γὰρ

552 4401 638 4448 est
667 4393 1065 4451 multitudinem
1101 4395 1400 4459 dimittere,
1431 4403 1486 4450 et
1527 4409 1595 4449 eo
1638 4393 1815 4450 redire
1856 4391 2000 4448 unde
2037 4389 2101 4446 el

2227 4401 2318 4454 τὸν
2351 4401 2408 4454 έν
2429 4401 2559 4470 ἡμῖν
2576 4400 2747 4471 δῆμον
2767 4403 3027 4472 ἀφέντας,
3045 4403 3182 4476 πρὸς
3205 4405 3266 4458 τὸ
3282 4405 3602 4461 ἐπανελθεῖν
3628 4406 3802 4470 καλῶς

553 4483 829 4541 ﬂuximus.
1384 4532 1392 4540 .

1031 4571 1239 4628 XCVII.
1282 4571 1636 4630 SOSSIANO.
2109 4611 2126 4643 ,ι

629 4660 730 4720 Vir
777 4663 994 4734 quidam
1049 4665 1327 4734 piissimus
1375 4680 1472 4720 nos
1521 4666 1654 4720 adiit
1699 4666 1867 4722 multa
1913 4669 1980 4724 ab
2028 4669 2131 4726 im-

555 4755 728 4824 probo
774 4752 941 4809 fratre
989 4767 1297 4826 perpessus,
1327 4756 1650 4810 sententiam
1693 4766 1874 4812 autem
1921 4773 2128 4828 aequam

559 4848 782 4914 ducens,
818 4847 866 4902 si
917 4846 1006 4902 vix
1051 4861 1114 4902 ea
1159 4845 1406 4903 obtinere
1445 4849 1616 4919 possit
1656 4851 1850 4920 quibus
1891 4851 2132 4921 privatus

559 4937 681 4996 fuit.
715 4938 870 4995 Unde
914 4955 1010 5008 per
1045 4954 1130 4994 me
1162 4940 1228 4994 ad
1259 4951 1492 4994 vestram
1528 4940 1772 5010 confugit
1805 4927 2127 5011 potentiam,

560 5046 682 5101 qum
709 5030 849 5100 apud
874 5029 1110 5099 judicem
1141 5031 1340 5098 valeat,
1373 5041 1428 5086 et
1457 5025 1532 5086 illi
1577 5032 1628 5084 in
1669 5034 1836 5086 multa
1867 5033 2134 5116 pollentgs

562 5119 620 5174 in
652 5119 910 5174 auxilium
942 5119 1234 5176 conciliare
1275 5119 1468 5190 possit,
1500 5129 1554 5172 et
1595 5119 1867 5188 impensas
1915 5137 2135 5190 quan

559 5209 764 5279 judicio
811 5211 1079 5276 orittntttr,
1125 5213 1440 5282 praecidere.
1491 5207 1589 5265 Vix
1631 5210 1774 5266 enim
1815 5229 1883 5268 ex
1929 5226 2136 5270 merce-

568 5303 725 5359 dibus
756 5303 857 5358 sibi
891 5303 957 5357 ad
991 5305 1263 5372 proprium
1299 5305 1477 5360 cibum
1520 5304 1736 5360 sufﬁcit.
1773 5306 1878 5361 Sed
1924 5315 1977 5361 et
2017 5305 2138 5360 sine

570 5407 719 5447 mora
749 5391 824 5446 illi
854 5395 1172 5448 sententiam
1210 5392 1359 5447 reddi
1391 5407 1598 5460 curate;
1649 5411 1814 5450 unum
1843 5395 1988 5449 enim
2017 5404 2137 5450 orat

574 5481 945 5536 adversarium
983 5482 1336 5554 jurejurando
1372 5484 1668 5538 dissolvere
1703 5487 1768 5540 de
1808 5485 1972 5540 illatis
2002 5501 2137 5555 que-

575 5570 734 5626 relas.
777 5571 909 5628 IIuic
948 5573 1131 5628 multa:
1167 5587 1364 5628 nostra:
1404 5575 1752 5629 sollicitudini
1794 5585 1848 5630 et
1879 5575 2137 5630 amoenis-

573 5658 764 5714 simam
803 5662 1035 5732 linguam
1067 5673 1120 5718 et
1154 5679 1251 5732 pro
1282 5663 1405 5732 jure
1437 5666 1604 5720 libero
1644 5666 1844 5735 impetu
1883 5668 2136 5722 liuentem

2143 4517 2176 4573 φτ
2199 4495 2206 4500 ’
2229 4491 2289 4560 ἐξ
2318 4485 2379 4548 οὗ
2417 4491 2605 4558 καλῶς
2628 4493 3075 4566 άπερρεύσαμεν.

2127 4602 2145 4612 .«
2171 4585 2233 4666 3.,“
2773 4590 2886 4656 ιβ’.
2917 4589 3267 4662 sommo.

2315 4673 2374 4728 '0
2439 4674 2856 4741 θεοσεϐέστατος
2905 4680 2936 4732 ό
2987 4679 3135 4732 δεῖνα
3183 4679 3410 4749 ἀφίκετο
3468 4681 3610 4750 πρὸς
3661 4683 3800 4752 ἡμᾶς

2234 4765 2464 4819 πλεῖστα
2494 4769 2592 4838 μὲν
2634 4768 2693 4835 ἐξ
2721 4769 2949 4840 ἀδελφοῦ
3005 4772 3372 4842 πονηροτάτου
3406 4771 3613 4836 παθὼν,
3653 4774 3801 4844 δίκην

2232 4857 2288 4910 δὲ
2321 4857 2547 4928 μετρίαν
2601 4858 2906 4930 ἡγούμενος
2936 4862 2985 4914 εί
3016 4865 3200 4931 τυχεῖν
3251 4862 3507 4934 δυνηθείη
3541 4865 3697 4932 μόλις
3729 4858 3800 4917 ὧν

2234 4949 2640 5019 ἀπεστέρηταιθ
2703 4951 2826 5005 ὅθεν
2879 4952 2945 5004 δι’
3003 4952 3138 5022 ἐμοῦ
3193 4953 3330 5025 πρὸς
3377 4956 3476 5026 τὴν
3538 4957 3801 5026 ὑμετέραν

2234 5039 2569 5109 καταφεύγει
2617 5041 2788 5114 ῥοπὴν
2840 5045 2938 5096 καὶ
2991 5044 3253 5114 συστῆναι
3285 5045 3592 5116 δυναμένην
3623 5046 3703 5116 τῷ
3731 5046 3804 5098 δι·

2237 5133 2435 5202 καστῇ,
2462 5132 2556 5184 καὶ
2607 5132 2734 5196 τοὺς
2779 5134 2919 5204 μέγα
2951 5133 3284 5204 δυναμένους
3323 5135 3460 5199 πρὸς
3494 5137 3804 5206 συμμαχίαν

2237 5222 2386 5292 αὑτῴ
2432 5226 2760 5294 παρασχεῖν,
2804 5225 2898 5278 καὶ
2931 5225 3030 5289 τὰς
3059 5227 3124 5280 ὲκ
3153 5225 3246 5280 τοῦ
3274 5225 3630 5298 δικαστηρίου
3659 5244 3805 5296 περι·

2238 5307 2402 5377 κόψαι
2427 5310 2673 5376 δαπάνας
2701 5327 2716 5344 ·
2751 5311 2904 5381 μόλις
2951 5313 3064 5384 γὰρ
3117 5311 3176 5378 ἐξ
3235 5315 3447 5383 ἐράνων
3486 5316 3650 5383 ἀρκεῖ
3677 5316 3802 5387 πρὸς

2237 5399 2335 5470 τὴν
2358 5399 2500 5453 ῖδίαν
2528 5402 2738 5472 τροφήν
2757 5419 2768 5431 ·
2793 5401 2930 5455 ἀλλὰ
2975 5405 3070 5457 καὶ
3100 5402 3364 5472 σύντομον
3394 5405 3543 5476 αὐτῷ
3569 5406 3670 5478 τὴν
3703 5405 3801 5476 ψῆ.

2239 5508 2339 5560 φον
2373 5490 2661 5562 ἐνεχθῆναι
2695 5497 3152 5564 παρασκευάσατε
3173 5511 3187 5526 ·
3217 5496 3370 5550 ἁπλᾶ
3396 5496 3508 5567 γὰρ
3529 5499 3688 5562 αίτεῖ,
3717 5498 3800 5549 τὸν

2238 5579 2508 5634 ἀντίδικον
2531 5581 2681 5652 ὅρκῳ
2728 5583 3002 5650 διαλῦσαι,
3055 5588 3123 5640 τά
3164 5587 3288 5658 περὶ
3317 5587 3427 5641 τῶν
3453 5589 3798 5658 ἐπαγομένων

2240 5671 2562 5742 ἐγκλήματα
2581 5690 2596 5706 ο
2624 5675 2760 5746 πρὸς
2789 5677 2998 5763 ταύτην
3028 5677 3128 5748 τὴν
3162 5677 3366 5751 πολλὴν
3392 5678 3548 5750 ὑμῶν
3577 5678 3800 5752 σπουδὴν
