4000 6314
536 294 679 359 2792
696 301 724 383 λα

1824 293 2177 355 PROCOPII
2217 294 2463 355 GAZASI

3620 285 3802 353 2792‘

534 411 722 464 volens
761 406 1069 475 ostendere,
1106 405 1283 477 qualis
1331 420 1512 470 esses,
1556 418 1678 460 cum
1728 415 1780 460 te
1822 419 1944 461 eum
1991 418 2113 461 esse

2216 405 2357 476 αότῃ
2389 404 2623 475 χυθῆναι
2644 405 2710 474 τῇ
2741 402 2960 476 γλώττῃ
2987 401 3163 468 δεῖξαι
3190 398 3332 472 τάχα
3354 400 3662 472 βουληθεὶς,
3691 400 3798 468 οἷος

539 502 753 555 lateret.
787 496 955 554 Putas
988 498 1140 554 enini
1161 496 1389 555 forsitan
1428 506 1480 552 te
1522 508 1626 553 non
1669 497 1945 568 cognitum
1987 510 2109 551 esse

539 602 864 648 *rzesentem
912 591 1126 661 qualem
1165 606 1373 646 musam
1418 590 1654 645 nutrires
1686 590 1755 644 ab
1795 587 2109 644 oratoribus

540 682 918 753 progrediendi
957 682 1168 737 initium
1218 681 1446 738 faciens.
1487 682 1603 751 Ego
1644 696 1775 737 vero
1806 690 1858 735 te
1887 689 1939 735 et
1972 695 2108 751 prae-

537 786 745 831 sentem
795 776 998 845 optime
1035 789 1326 841 noveram;
1370 775 1464 829 sed
1506 790 1615 828 non
1654 773 1795 843 apud
1844 787 1931 827 me
1963 772 2110 825 circa

540 866 727 921 laudes
777 875 1042 935 quantum
1095 864 1412 934 oportebat,
1466 863 1803 928 exercitum,
1842 877 1915 918 ne
1970 861 2111 916 forte

540 960 726 1013 laudes
785 957 1021 1011 studium
1076 956 1349 1012 solventes
1400 970 1617 1011 cursum
1683 954 1985 1024 reprimant
2043 952 2110 1006 ad

539 1047 744 1115 majora
792 1048 1101 1102 tendentem
1150 1060 1387 1116 semper,
1421 1052 1477 1101 et
1517 1046 1586 1099 ad
1631 1045 1871 1114 vigorem
1915 1056 2111 1113 prope-

539 1144 773 1190 rantem.
824 1132 979 1189 Nune
1032 1143 1212 1189 autem
1273 1135 1381 1189 tuis
1438 1135 1638 1190 litteris
1687 1133 1845 1188 valde
1900 1132 2111 1187 laetatus

537 1242 682 1291 sum,
713 1240 823 1281 non
867 1224 1116 1281 laudibus
1153 1226 1471 1292 attendens;
1518 1226 1574 1280 in
1617 1234 1705 1280 tua
1752 1224 1896 1280 enim
1945 1222 2112 1279 subli-

539 1320 644 1372 mia
684 1320 847 1374 verba
882 1318 1156 1374 insnrrexi
1193 1318 1507 1374 omnimodo
1536 1327 1801 1380 mutatus,
1832 1316 1934 1371 nisi
1966 1315 2111 1386 quod

537 1422 604 1463 ex
639 1409 808 1465 musis
850 1418 905 1464 te
937 1408 1105 1464 illium
1148 1424 1348 1465 vocare
1389 1408 1574 1464 felices
1610 1406 1858 1463 fecimus.
1894 1406 2110 1461 Etenim

537 1501 584 1555 si
620 1501 690 1556 ad
727 1502 1014 1558 mendacia
1050 1504 1130 1559 sic
1170 1502 1411 1572 linguam
1458 1515 1696 1566 moveas,
1723 1499 1902 1570 qualis
1928 1499 2109 1563 ﬁeres,

537 1596 585 1650 ai
634 1596 866 1651 veritate
904 1604 1097 1667 captus
1139 1596 1330 1653 esses?
1365 1596 1611 1651 Laetabar
1659 1603 1838 1649 autem
1869 1591 2012 1663 quod
2045 1590 2112 1645 de

538 1697 593 1741 te
632 1686 749 1757 ipse
791 1687 1020 1751 rideres,
1060 1689 1204 1758 quod
1237 1687 1551 1741 divitiarum
1585 1681 1908 1739 insatiabilis
1940 1692 2111 1749 usque

536 1786 594 1834 et
617 1779 685 1834 ad
708 1794 825 1835 mea
853 1780 1018 1835 verba
1044 1787 1405 1834 mercaturam
1427 1777 1772 1834 extenderes.
1796 1772 1902 1829 Sed
1930 1773 2112 1828 dexte-

539 1885 654 1924 ram
684 1877 857 1936 tuam,
890 1870 1339 1935 fortunatissime,
1366 1869 1562 1939 imple;
1595 1878 1651 1924 et
1681 1867 1911 1922 libenter
1939 1865 2107 1919 feram

536 1961 814 2016 orationes
845 1976 993 2016 meas
1019 1962 1241 2016 venales
1267 1959 1461 2017 factas.
1498 1959 1643 2017 Cave
1682 1968 1861 2015 tamen
1891 1973 1959 2013 ne
1988 1970 2112 2029 pte-

538 2064 663 2103 nam
708 2052 922 2114 subeas,
963 2067 1058 2107 eas
1097 2063 1289 2122 sponte
1334 2056 1576 2124 exigens,
1608 2053 1735 2124 quia
1779 2052 1922 2107 lllios
1959 2063 2110 2106 meos

537 2139 859 2197 indecenter
886 2142 1123 2199 vendere
1157 2158 1322 2199 ausus
1349 2144 1446 2200 sis.

1067 2232 1177 2291 Cll.
1217 2233 1562 2291 CLIDONIO.

885 2416 1016 2473 Clll.
1052 2417 1425 2474 ZACHARLE
1463 2417 1742 2474 FRATRI.

605 2507 684 2564 De
729 2507 822 2564 illo
862 2510 1066 2581 optimo
1104 2511 1222 2566 viro
1257 2511 1411 2567 vobis
1449 2525 1676 2567 narrare
1705 2510 1913 2576 volens,
1945 2511 2109 2567 timeo

533 2611 606 2655 ne
640 2596 845 2655 frustra
899 2599 1159 2658 molestus
1207 2615 1330 2658 esse
1376 2602 1582 2667 videar,
1629 2604 1776 2673 apud
1821 2612 2109 2658 noscentes

534 2690 702 2746 verba
732 2690 961 2749 faciens.
1010 2693 1176 2749 Scitis
1205 2695 1352 2749 enim
1387 2693 1563 2764 qualis
1595 2693 1812 2763 quidem
1858 2695 1975 2764 ipse
2015 2695 2106 2762 sit,

535 2782 806 2849 quomodo
867 2799 989 2839 eum
1050 2793 1218 2840 totam
1290 2786 1454 2839 vitam
1512 2784 1623 2840 Deo
1680 2786 2106 2852 consecraverit,

536 2873 790 2929 omnibus
832 2874 1038 2930 invisus
1085 2876 1158 2930 sit
1203 2876 1535 2941 hominibus,
1571 2875 1761 2947 plenus
1803 2885 1985 2932 autem
2035 2877 2109 2932 sit

535 2978 632 3032 spe
681 2966 912 3021 caelesti.
960 2965 1302 3037 Quapropter
1340 2966 1594 3024 omnibus
1633 2969 1885 3039 iniuriam
1930 2968 2110 3025 facere

2212 499 2476 570 ὑπάρχων
2503 497 2794 561 ἐλάνθανες
2809 514 2824 529 ’
2851 496 2956 551 οἴει
2973 496 3085 568 γὰρ
3105 498 3236 560 ἴσως
3261 496 3568 566 ἠγνοῆσθαι
3585 496 3792 567 παρὼν,

2210 589 2418 658 ὁπόσην
2465 587 2750 659 ἀνεθρέιιω)
2792 587 3002 659 μοῦσαν
3050 590 3115 642 ἐκ
3164 588 3411 660 ῥητόρων
3444 586 3790 659 όρμώμενοςο

2211 680 2324 750 ἐγὼ
2350 681 2405 735 δέ
2443 697 2503 734 σε
2538 681 2632 734 καὶ
2677 680 2922 749 παρόντα
2960 679 3142 744 καλῶς
3174 680 3524 750 ἠπιστάμην·
3557 679 3675 735 ἀλλ’
3699 679 3794 749 οὐχ

2211 776 2337 829 ὅσον
2383 773 2551 844 ἐχρῆν
2601 772 2858 836 ἐπαίνους
2888 773 3022 842 παρ’
3057 772 3185 842 ἐμοὶ
3229 771 3667 841 γυμναζόμενον,
3699 769 3793 824 τοῦ

2215 867 2293 938 μὴ
2322 866 2444 929 τοὺς
2477 863 2735 927 ἐπαίνους
2774 863 2876 934 τὴν
2922 862 3238 935 προθυμίαν
3280 862 3641 928 ἐκλύσαντας,
3665 862 3795 915 ἀνα-

2214 958 2376 1028 κόψαι
2427 956 2627 1027 δρόμον
2668 955 2766 1008 ἐπὶ⁹
2816 955 2990 1027 μείζω
3035 955 3123 1007 ἀεὶ
3177 952 3482 1025 χωροῦντα,
3514 955 3613 1006 καὶ
3658 953 3794 1023 πρὸς

2211 1048 2397 1119 ἀκμὴν
2427 1049 2785 1117 ἐπειγόμενον
2807 1061 2824 1077 ⁶
2852 1047 2973 1100 νυνὶ
3001 1045 3060 1099 δέ
3091 1062 3187 1099 σου
3215 1046 3312 1100 καὶ
3334 1046 3458 1098 λίαν
3478 1042 3656 1115 ἥσθην
3681 1042 3795 1105 τοῖς

2211 1141 2556 1211 γράμμασιν,
2585 1139 2645 1192 οὐ
2667 1138 2795 1201 τοὺς
2824 1137 3080 1200 ἐπαίνους
3105 1136 3355 1189 σιωπῶν’
3382 1134 3544 1205 ἢγάρ
3564 1135 3795 1201 ἀνέστην

2215 1230 2512 1303 μετεώροις
2533 1232 2645 1294 τοῖς
2677 1233 2791 1293 σοῖς
2835 1229 3016 1296 λόγοις
3050 1225 3331 1296 πανταχοῦ
3369 1225 3792 1297 μεθιστάμενος,

2212 1324 2328 1379 ἀλλ’
2355 1324 2439 1378 ὅτι
2469 1322 2638 1376 παῖδα
2661 1320 2845 1375 καλεῖν
2872 1320 2939 1374 ἐκ
2964 1320 3077 1373 τῶν
3113 1318 3329 1390 μουσῶν
3365 1318 3753 1386 εὐτυχήκαμεν
3775 1328 3791 1343 ·

2211 1417 2307 1471 καὶ
2334 1414 2445 1487 γὰρ
2476 1412 2654 1477 οὕτως
2699 1413 2795 1466 ἐπὶ
2833 1410 3001 1483 ψευδῆ
3033 1411 3139 1482 τὴν
3183 1409 3437 1480 γλῶτταν
3480 1408 3669 1469 κινῶν,
3708 1409 3793 1471 τίς

2212 1506 2282 1561 ἀν
2309 1504 2490 1574 γένοιο
2532 1504 2632 1574 τῆς
2657 1502 2918 1575 ἀληθείας
2945 1500 3385 1571 summatm;
3415 1500 3590 1570 ἣσθην
3626 1499 3685 1551 δέ
3712 1516 3798 1552 σοι

2212 1599 2307 1654 καὶ
2338 1597 2535 1652 σαυτὸν
2563 1594 2985 1660 ἐπισκώπτοντι,
3013 1595 3149 1648 διότι
3177 1595 3480 1666 χρημάτων
3510 1591 3794 1654 ἀτελέστοις

2216 1690 2381 1761 ἐρῶν,
2411 1688 2507 1742 καὶ
2535 1687 2699 1758 μέχρι
2724 1686 2834 1740 τῶν
2864 1686 3018 1756 ἐμῶν
3046 1685 3223 1753 λόγων
3264 1687 3364 1755 τὴν
3400 1682 3680 1755 ἐμπορίαν
3710 1682 3796 1748 ἐξ·

2147 1743 2189 1800 Β
2218 1743 2456 1845 ἐτειναςο
2489 1743 3014 1851 ἀλλάἱιπλήρουπὴν
3048 1743 3229 1843 δεξιὰν
3273 1743 3656 1847 εθτυχεστατε,
3700 1743 3794 1827 καὶ

2216 1871 2455 1944 μετρίως
2496 1871 2630 1926 οἴσω
2661 1871 2790 1935 τοὺς
2833 1870 3028 1939 λόγους
3068 1869 3263 1931 ὠνίους
3306 1867 3618 1937 θεώμενος*
3655 1864 3795 1934 πλὴν

2210 1965 2312 2039 δρα
2345 1964 2422 2036 μὴ
2471 1963 2568 2017 καὶ
2611 1962 2766 2033 δίκην
2794 1961 3076 2033 ὑπόσχοις,
3131 1960 3594 2031 προσ-ἀπαιτήσας
3644 1958 3793 2009 οῖκο-

2212 2059 2327 2123 θεν,
2377 2059 2460 2113 ὅτι
2505 2074 2608 2130 μου
2644 2056 2840 2120 παῖδας
2867 2055 3137 2127 ἀπρεπεῖς
3165 2055 3514 2125 δημοσιεύειν
3559 2050 3795 2121 ἐτόλμη-

2214 2168 2333 2216 m.
2666 2238 2790 2294 PB'.
2831 2236 3190 2309 ΚΛΗΔΟΝΙῼ
3220 2236 3321 2307 (ι).

2402 2373 2420 2391 ’
2501 2377 2513 2390 ’
2566 2369 3015 2493 εἶινξιιᾷχᾷριᾼ
3042 2366 3306 2490 nam
3336 2367 3439 2489 (ei.

2191 2502 2197 2507 ’
2282 2502 2364 2571 Τὰ
2394 2515 2552 2571 κατά¹
2583 2515 2676 2569 τδν
2712 2514 2934 2585 ἄριστον
2960 2510 3113 2566 τόνδε
3163 2510 3484 2580 βουλόμενος
3509 2506 3644 2577 ὑμῖν
3673 2504 3792 2573 διη-

2212 2607 2513 2680 γήσασθαι,
2559 2604 2774 2659 δέδοικα
2807 2603 2881 2675 μὴ
2934 2603 3113 2674 μάτην
3160 2599 3399 2671 ἐνοχλεῖν
3448 2597 3622 2664 δόξω,
3663 2596 3794 2663 παρ’

2212 2699 2380 2754 είδόσι
2415 2698 2509 2751 τὸν
2543 2696 2701 2765 λόγον
2729 2707 2757 2736 ι
2802 2693 3163 2764 ποιούμενοςο
3212 2688 3327 2741 ῐστε
3379 2689 3491 2759 γάρ
3529 2683 3647 2748 οἷος
3696 2685 3792 2756 μὲν

2214 2791 2376 2855 αὐτδς
2401 2790 2762 2858 καθέστηκεν,
2792 2785 2985 2850 ὡςετὺν
3012 2785 3135 2839 ὅλον
3156 2784 3270 2855 βίον
3297 2780 3520 2843 ἀναθεὶς
3544 2778 3626 2849 τῷ
3653 2776 3791 2845 Θεῷ.

2213 2885 2381 2938 πᾶσιν
2412 2880 2781 2951 ἀπεχθάνεται
2817 2880 2930 2941 τοίς
2966 2876 3359 2949 ἀνθρωπίνοιςο
3392 2874 3574 2943 ἔχεται
3610 2870 3669 2923 δὲ
3696 2869 3794 2935 τῆς

2214 2974 2421 3030 ἄνωθεν
2445 2972 2660 3037 ἐλπίδος
2678 2988 2693 3002 ·
2717 2971 2811 3025 καὶ
2832 2970 2919 3022 διά
2949 2968 3111 3023 τοῦτο
3136 2967 3430 3039 πρόκειται
3452 2966 3565 3025 τοῖς
3587 2961 3795 3014 ἀδικεῖν

539 3055 868 3125 volentibus,
905 3065 962 3112 et
998 3059 1063 3112 ad
1098 3060 1411 3128 patiendum
1457 3068 1542 3115 est
1584 3069 1825 3130 paratus.
1866 3059 2018 3115 Nosti
2057 3067 2112 3116 et

2217 3065 2591 3138 βουλομένοις,
2622 3063 2719 3117 καὶ
2762 3060 2902 3133 πρὸς
2926 3059 2989 3113 τδ
3031 3059 3226 3112 παθεῖν
3258 3059 3409 3110 ἐστιν
3454 3051 3791 3119 ἐπιτήδειος·

539 3147 688 3202 illum
726 3147 972 3216 (fratrem
1015 3148 1165 3205 illum
1208 3151 1481 3222 appellare
1521 3153 1833 3221 erubesco),
1867 3153 1965 3222 qui
1993 3153 2115 3208 uni-

458 3246 469 3260 ’
539 3253 658 3293 eam
694 3240 950 3295 virtutem
993 3254 1118 3297 esse
1148 3242 1296 3296 ducit
1335 3243 1705 3298 omnimodam
1739 3245 1960 3313 explere
1998 3258 2114 3299 ma-

541 3330 732 3386 litiam.
785 3329 1101 3400 Despiciens
1143 3332 1366 3387 fratrem
1414 3332 1601 3388 taudiu
1645 3335 1728 3398 sia
1776 3334 1916 3390 fame
1949 3349 2117 3391 vexa-

543 3432 680 3487 tum,
711 3436 815 3476 non
857 3432 1106 3492 sumptus
1132 3422 1206 3478 illi
1237 3438 1302 3478 ex
1332 3438 1392 3480 se
1427 3424 1667 3494 praebere
1701 3427 1935 3495 mavult;
1970 3429 2114 3499 quod

541 3514 609 3570 ab
644 3514 864 3570 homine
892 3529 1019 3570 vere
1047 3517 1279 3585 sapienti
1309 3518 1428 3573 fieri
1448 3519 1756 3588 oportebat,
1775 3521 2024 3590 quamvis
2046 3521 2117 3577 ad

542 3604 595 3659 id
628 3605 847 3661 occasio
886 3604 1167 3662 invitaret.
1198 3606 1349 3663 Nunc
1371 3616 1551 3663 autem
1577 3624 1684 3664 non
1723 3624 1786 3665 ea
1813 3619 1899 3665 est
1927 3613 2115 3667 crimia

544 3696 713 3764 natio,
743 3697 869 3766 quia
904 3695 958 3751 id
991 3697 1133 3766 quod
1179 3697 1333 3754 decet
1378 3699 1604 3754 nimium
1645 3701 1981 3771 sapientibus
2025 3720 2115 3760 re-

545 3789 723 3857 liquit,
754 3786 851 3844 sed
892 3789 1036 3858 quod
1062 3797 1114 3844 et
1141 3802 1330 3845 eorum
1363 3805 1485 3861 quae
1521 3792 1589 3845 ad
1621 3792 1796 3863 ipsum
1840 3809 1947 3850 non
1989 3809 2117 3865 per-

543 3879 739 3943 tinent,
787 3876 1017 3946 eupidus
1069 3877 1316 3944 eﬂ‘eetus,
1349 3893 1413 3933 ea
1454 3877 1673 3949 abripit,
1706 3887 1763 3934 et
1803 3878 2120 3948 frequenter

546 3966 706 4023 fratri
753 3966 998 4032 insultat,
1036 3968 1289 4039 ictusque
1322 3968 1623 4039 saepissime
1659 3969 1871 4040 infligit,
1905 3978 1959 4026 et
1989 3985 2118 4041 pro-

547 4059 721 4129 priam
782 4057 1114 4115 voluntatem
1172 4060 1275 4116 sibi
1334 4059 1508 4131 legem
1569 4060 1813 4128 faciens,
1866 4071 2117 4117 naturam

548 4153 689 4209 forte
727 4152 940 4209 incusat
973 4153 1116 4223 quod
1155 4152 1223 4208 ad
1261 4154 1667 4222 improbitatem
1713 4154 1850 4209 nihil
1884 4155 2119 4226 amplius

551 4247 836 4304 invenerit.
882 4245 1035 4303 Unde
1068 4260 1172 4302 non
1200 4249 1266 4301 ad
1295 4247 1427 4303 illud
1465 4258 1621 4305 suam
1664 4249 1923 4319 repressit
1960 4247 2118 4305 mali.

550 4336 715 4403 tiam;
766 4336 876 4392 imo
920 4349 1054 4392 vero
1103 4348 1166 4391 ea
1215 4335 1425 4391 initium
1458 4330 1769 4391 futurorum
1803 4335 2065 4392 malorum
2101 4352 2118 4391 :

2218 3158 2334 3213 ίστε
2360 3157 2469 3228 γὰρ
2511 3156 2607 3209 καὶ
2650 3153 2799 3207 τόνδε
2844 3152 3101 3222 (ἀδελφὸν
3141 3149 3254 3220 γὰρ
3280 3146 3471 3201 τοῦτον
3519 3158 3796 3208 προσαγο-

2218 3248 2398 3322 ρεύειν
2430 3244 2782 3317 αίσχύνομαι)
2811 3244 2872 3308 ὃς
2905 3242 3035 3314 μίαν
3056 3240 3259 3312 ἀρετὴν
3290 3239 3503 3308 ἡγεῖται
3526 3233 3590 3287 τὸ
3615 3234 3797 3286 πᾶσαν

2216 3336 2575 3410 ἐκπληρῶσαι
2629 3334 2866 3390 κακίαν·
2936 3331 3185 3403 παριδὼν
3244 3327 3474 3397 ἄδελφδν
3534 3322 3795 3378 τοσούτου

2216 3432 2413 3504 χρόνου
2456 3426 2632 3490 οὕτως
2659 3425 2739 3495 τῷ
2761 3423 2908 3497 λιμῷ
2946 3421 3272 3493 πιεζόμενον
3291 3437 3307 3453 ·
3337 3419 3437 3475 οὐκ
3466 3415 3680 3472 οἴκοθεν
3706 3431 3798 3484 χο-

2221 3523 2412 3596 ρηγεῖν
2456 3518 2690 3590 μᾶλλον·
2718 3515 2747 3570 δ
2793 3515 2926 3586 παρ’
2970 3514 3167 3585 ἀνδρὸς
3211 3511 3272 3566 εὖ
3326 3508 3652 3583 φρονοῦντος
3687 3505 3797 3596 ἐδει

2218 3594 2496 3683 γενέσθαι,
2528 3610 2579 3663 εί
2623 3607 2718 3663 καὶ
2767 3605 3093 3675 πρδςτοΰτο
3120 3603 3311 3675 καιρδς
3355 3600 3570 3655 ἐκάλεν
3615 3597 3711 3652 νῦν
3738 3594 3799 3647 δέ

2217 3705 2279 3759 οὐ
2317 3703 2426 3757 τόδ’
2471 3702 2619 3756 ἐστὶν
2666 3696 2945 3769 ἔγκλημα,
2970 3696 3106 3751 διότι
3133 3696 3196 3749 τδ
3246 3695 3459 3766 πρέπον
3508 3693 3625 3754 τοῖς
3657 3689 3800 3756 ἄγαν

2220 3790 2562 3864 σωφρονοῦσι
2604 3788 2931 3860 παρέλιπεν,
2974 3785 3090 3840 ἀλλ’
3116 3785 3198 3838 ὅτι
3235 3784 3330 3837 καὶ
3360 3782 3471 3836 τῶν
3506 3780 3581 3851 μὴ
3629 3792 3802 3848 apoc-

2218 3885 2464 3958 ηκόντων
2508 3880 2799 3951 γενόμενος
2836 3878 3095 3950 ἐραστὴς,
3153 3876 3431 3946 ἀφῄρηται
3478 3871 3673 3932 ταῦτα,
3705 3866 3803 3921 καὶ

2218 3976 2545 4046 λοιδορεῖται
2595 3971 2773 4042 τούτῳ
2840 3970 3063 4031 πυκνῶς
3087 4008 3101 4033 ,
3152 3967 3370 4039 πληγάς
3416 3982 3480 4018 τε
3537 3962 3803 4022 πολλάκις

2220 4071 2490 4134 ἐπέτεινε,
2538 4066 2634 4120 καὶ
2667 4062 2835 4135 νόμον
2874 4062 2974 4134 τὴν
3011 4060 3181 4118 αὑτοῦ
3219 4057 3445 4129 γνώμην
3473 4054 3804 4125 ἡγούμενος,

2223 4162 2356 4225 ἴσως
2381 4159 2482 4231 τὴν
2509 4157 2673 4228 φύσιν
2718 4155 3027 4227 ἐμέμψατο,
3076 4155 3161 4209 ὅτι
3207 4152 3282 4223 μὴ
3333 4150 3499 4203 πλέον
3528 4146 3684 4200 οὐδὲν
3723 4144 3805 4205 είς

2223 4251 2490 4322 πονηρίαν
2535 4242 2694 4320 εὗρεν
2718 4247 2786 4289 17'
2846 4242 2969 4300 ὅθεν
3003 4245 3064 4298 οὐ
3121 4243 3288 4315 μέχρι
3337 4239 3543 4295 τούτων
3605 4236 3805 4305 ἔστησε

2223 4343 2321 4415 τῆν
2351 4340 2578 4405 κακίαν,
2627 4338 2830 4410 μᾶλλον
2854 4336 3118 4409 προοίμια
3145 4332 3317 4387 ταῦτα
3340 4330 3452 4385 τῶν
3497 4326 3807 4415 μελλόντων

550 4440 705 4481 suam
735 4426 879 4487 enim
921 4434 1171 4492 matrem,
1193 4425 1304 4493 jam
1336 4432 1495 4481 aetate
1534 4434 1867 4495 provectam,
1900 4428 2113 4496 quando

2223 4414 2440 4491 κακῶν
2469 4430 2568 4502 τὴν
2596 4431 2707 4502 γάρ
2758 4428 2953 4484 ἐαυτοῦ
2987 4426 3200 4500 μητέρα
3245 4422 3423 4496 γραῦν
3456 4420 3558 4493 ἤδη
3598 4414 3818 4486 τυγχά-’

552 4528 845 4586 puerorum
879 4515 1215 4572 educationis
1252 4514 1463 4571 fructus
1498 4529 1560 4572 se
1600 4517 1894 4574 relaturam
1933 4532 2125 4590 spera-

552 4609 664 4677 bat,
699 4607 892 4664 mnlier
933 4617 990 4663 et
1039 4614 1201 4664 aetate
1248 4616 1305 4662 et
1351 4620 1550 4677 genere
1596 4616 1652 4664 et
1694 4609 1780 4665 vel
1829 4611 1969 4680 apud
2013 4626 2122 4668 non

2220 4540 2449 4590 νουσαν,
2505 4523 2595 4577 ὅτε
2656 4521 2757 4592 τῆς
2801 4518 3193 4590 παιδοτροφίας
3219 4515 3416 4587 ἡλπισε
3469 4507 3807 4581 κομίσασθαι

2223 4617 2350 4682 τοὺς
2384 4613 2653 4687 καρποὺς,
2687 4610 2826 4683 γυνὴ
2857 4612 2953 4665 καὶ
2983 4608 3074 4663 διὰ
3102 4608 3202 4680 τὴν
3232 4606 3472 4678 ἡλικίαν,
3499 4601 3599 4654 καὶ
3626 4600 3721 4653 διὰ

552 4702 887 4774 propiuqttos
933 4701 1283 4758 veneratione
1328 4701 1535 4757 fruens.
1576 4701 1712 4757 Eam
1769 4702 1967 4772 saepius
2006 4703 2113 4774 qui-

2224 4708 2381 4780 γένος
2402 4746 2418 4773 ,
2465 4686 2561 4761 καὶ
2609 4702 2762 4774 παρά
2801 4703 2917 4766 τοῖς
2968 4699 3137 4771 μηδὲν
3193 4697 3566 4768 προσήκουσιν
3619 4686 3809 4780 αἰδοῦς

554 4798 676 4852 dem
726 4795 1036 4867 opprobriis
1069 4805 1389 4864 prosecutus
1434 4802 1539 4860 est,
1578 4794 1775 4863 saepius
1829 4802 2012 4851 autem
2072 4796 2113 4851 it

2224 4796 2582 4855 ἀπολαύουσα
2603 4835 2620 4863 ,
2666 4792 2875 4866 ταύτην
2932 4789 3196 4853 πολλάκις
3254 4787 3355 4858 μὲν
3407 4780 3533 4838 εἶπε
3591 4779 3806 4840 κακῶς,

553 4905 699 4957 eam,
720 4903 755 4946 ο
772 4886 1004 4960 Jupiter,
1024 4902 1146 4959 quae
1174 4880 1351 4960 ipsum'
1381 4887 1592 4959 genuit,
1615 4887 1889 4956 protendit
1917 4902 2129 4957 manus,

2230 4889 2492 4954 πολλάκις
2511 4889 2569 4944 δέ
2603 4886 2700 4943 καὶ
2726 4887 2917 4958 χεῖρας
2936 4883 3178 4939 ἀνέτεινε
3206 4878 3351 4933 κατά
3377 4878 3477 4948 τῆς
3508 4871 3805 4941 τεκούσης.

1839 4998 2077 5058 VABUE
2107 4999 2519 5060 LECTlONES.

627 5105 653 5134 ι
679 5089 805 5148 Vat.
831 5092 959 5158 τοὺς
992 5093 1209 5163 λόγους.
1290 5094 1318 5134 δ
1354 5054 1477 5149 Val.
1518 5092 1760 5167 ἐξεῦρεν.

2050 5189 2284 5248 NOTAE.

629 5281 707 5352 (ι)
740 5274 910 5351 Hujus
929 5276 1172 5353 epistolae
1192 5281 1408 5353 nonnisi
1423 5250 1706 5352 inscriptio
1723 5281 1839 5353 btec
1854 5292 2122 5353 superest,

558 5351 909 5427 quiapagina
942 5351 1151 5427 codicis
1171 5351 1410 5427 egplicit,
1446 5351 1671 5427 reliquis
1701 5351 2042 5409 desideratis.

633 5421 865 5497 (2)1lfec
888 5422 1115 5497 epistola
1139 5423 1193 5477 in
1217 5421 1474 5477 Vaticano
1497 5421 1685 5497 codice
1706 5432 1862 5477 sexta
1888 5429 1974 5497 est
1992 5440 2017 5497 _;
2044 5437 2130 5497 ve-

559 5492 865 5550 rumtamen
911 5509 976 5549 ea
1021 5494 1141 5548 loco
1167 5508 1267 5549 suo
1319 5492 1662 5564 praetermitti
1692 5507 1722 5547 a
1772 5508 1859 5564 me
1919 5493 2129 5564 debuit,

560 5567 688 5634 quia
718 5565 937 5620 madore
976 5572 1229 5634 corrupta
1257 5562 1450 5634 pagina
1501 5563 1726 5634 nonnisi
1751 5562 1964 5634 hiantes
2012 5563 2134 5618 reli-

561 5631 720 5702 quias
747 5634 879 5702 mihi
914 5633 1211 5702 praebebat.
1260 5631 1371 5689 Se‘d
1415 5647 1544 5688 ecce
1572 5633 1655 5687 vir
1679 5632 1750 5687 cl.
1791 5641 1846 5687 et
1884 5633 2135 5702 doctissi—

2233 5281 2628 5346 laurentianus,
2659 5280 2869 5352 roganti
2891 5277 3035 5352 mihi
3058 5277 3297 5350 epistola:
3315 5277 3594 5352 exemplar
3614 5291 3647 5332 e
3687 5277 3807 5352 Flo-

2236 5354 2454 5409 rentino
2479 5352 2665 5408 codice
2698 5348 3064 5421 suppeditavit
3092 5348 3106 5403 Ξ
3138 5362 3313 5421 neque
3337 5348 3388 5403 id
3405 5349 3805 5421 tantummodo,

2236 5439 2423 5478 verum
2456 5423 2620 5478 etiam
2655 5417 3076 5489 subsequentem
3132 5419 3205 5472 ad
3236 5417 3568 5489 Dorotheum
3598 5419 3805 5489 episto~

2238 5495 2370 5556 lam,
2401 5508 2523 5562 qua
2549 5503 2823 5561 postrema
2840 5486 2906 5544 'in
2934 5486 3251 5562 Florentino
3285 5487 3599 5562 codiceest,
3625 5487 3809 5562 in_va-

2703 5575 2888 5616 rorsus
2913 5557 3272 5624 desideratur,
3303 5556 3601 5612 liberaliter
3648 5557 3807 5609 obtu-

2708 5630 2992 5685 euelicium
3019 5642 3050 5682 a
3087 5643 3174 5682 me
3222 5627 3435 5696 publice
3465 5626 3570 5683 has
3606 5624 3807 5694 gratias

2243 5565 2422 5619 ticano
2452 5570 2633 5618 autem

2243 5634 2305 5688 lit
2329 5648 2346 5686 :
2371 5634 2441 5687 ob
2483 5633 2624 5701 quod

563 5689 706 5757 mus.
745 5689 949 5771 Caspa'r
985 5703 1279 5759 canonicus
1327 5702 1639 5769 Benciuius,
1695 5689 2137 5761 bibliothecarﬁts
2247 5706 2330 5769 agi
2357 5704 2473 5760 viro
2500 5689 2890 5767 benignissimo
2911 5712 3121 5765 zequum
3154 5689 3255 5752 est.
