4000 6314
290 314 434 379 792⁸

1697 307 2104 368 EPISTOLE.

3328 311 3467 375 2792
3487 311 3504 348 ¹

254 427 299 485 ὼ
339 430 479 486 Ζεῦ·
513 427 578 484 οὐ
628 427 843 499 χρόνον,
877 424 940 479 οὐ
982 422 1175 478 πολιὰν
1209 420 1472 492 ἐλεεινὴν,
1520 420 1583 476 οὐ
1619 423 1680 475 τὸ
1727 421 1826 490 τῆς

1944 436 2036 474 non
2089 429 2335 486 tempus,
2383 435 2490 473 non
2545 435 2712 476 canos
2767 422 3127 490 miserabiles,
3169 439 3273 478 non
3326 425 3518 482 matris

259 524 464 594 μητρὸς
510 519 782 582 αἰδεσθεὶς
813 517 1196 588 φιλάνθρωπον
1225 515 1428 584 ὄνομα·
1461 513 1576 567 ἀλλ’
1610 513 1714 584 ήδη
1744 512 1838 565 καὶ

259 617 451 686 βιαίως
493 612 827 684 ἀνατρέψας,
868 611 949 674 είς
997 609 1103 678 γῆν
1162 606 1429 662 κατέδαλε
1474 617 1497 644 ο
1522 621 1537 636 ·
1581 605 1676 658 καὶ
1737 603 1838 669 λὰξ

256 709 375 762 κατ’
407 707 579 776 αὐτῆς
607 704 888 776 ἐνήλλατο,
935 701 1144 772 βοώσης
1182 695 1296 753 οἷον
1327 697 1496 763 είκὸς,
1544 696 1640 749 καὶ
1674 695 1838 750 παῖδα

259 798 565 870 καλούσης·
615 797 709 852 καὶ
753 796 806 849 τί
839 794 950 865 γὰρ
997 792 1098 846 οὐκ
1135 791 1202 846 ἂν
1254 791 1400 844 εῐποι
1446 790 1662 860 μήτηρ,
1720 787 1837 856 μετ’

208 950 224 968 ⁸
257 893 452 954 ὠδῖνας
501 890 599 943 καὶ
624 886 833 959 τροφὴν
867 887 964 940 καὶ
1003 884 1101 947 τὰς
1133 881 1302 945 καλὰς
1336 881 1554 942 ἐκείνας
1597 878 1836 940 ἐλπίδας,

257 985 482 1037 τοιαῦτα
539 982 693 1051 παρά
766 979 861 1033 τοῦ
937 977 1131 1040 παιδὸς
1180 973 1524 1044 ἀνασχομένη
1569 971 1596 1010 ά
1649 971 1836 1036 κακά;

264 1073 577 1124 τελευταῖον
630 1069 687 1122 δὲ
749 1068 844 1121 καὶ
893 1069 994 1136 τῆς
1042 1066 1221 1127 οίκίας
1277 1061 1486 1131 ταύτην
1531 1061 1836 1130 ἀπήλασεν,

257 1163 484 1232 ἄπορον,
535 1160 770 1229 γυμνὴν,
817 1159 927 1211 τῶν
956 1155 1271 1232 ἀναγκαίων
1320 1152 1729 1222 ἐστερημένην·
1781 1149 1838 1203 ἓν

262 1249 390 1311 ἴσως
428 1248 588 1301 τοῦτο
636 1247 1027 1319 χαρισάμενος,
1067 1246 1152 1298 ὅτι
1201 1242 1296 1296 τοῦ
1355 1244 1593 1294 συνεῖναι
1636 1239 1840 1309 ταύτην

260 1338 570 1408 ἀπήλλαξε·
602 1339 696 1391 καὶ
725 1336 820 1390 νῦν
873 1331 1028 1398 οὗτος
1065 1334 1162 1404 μέν
1206 1334 1450 1402 ἐντρυφᾷ
1483 1334 1596 1395 τοῖς
1635 1331 1840 1384 τούτων

260 1433 472 1494 κακοῖς,
509 1429 647 1500 γυνὴ
677 1429 734 1482 δέ
777 1426 974 1496 γραῦς,
1015 1425 1112 1478 καὶ
1138 1424 1206 1477 τά
1241 1423 1428 1494 πρῶτα
1473 1422 1716 1493 φέρουσα
1743 1424 1841 1492 τῆς

1939 511 2098 566 dulce
2157 527 2353 567 nomen
2413 513 2700 568 reveritus.
2755 512 2861 568 Sed
2906 514 3016 584 jam
3074 531 3192 569 eam
3253 516 3520 572 violenter

1939 601 2283 666 subvertens,
2325 600 2376 654 in
2427 610 2625 655 terram
2677 602 2964 671 projecit,
2998 613 3055 658 ct
3105 605 3251 660 calce
3303 607 3354 660 in
3393 622 3518 662 eam

1941 692 2170 757 insiluit,
2210 694 2561 759 clamantem,
2613 705 2675 750 ut
2726 698 2940 761 merito,
2988 707 3044 751 et
3099 698 3266 752 lilium
3322 714 3520 752 vocan-

1941 796 2069 841 tem.
2106 786 2242 852 Quid
2280 787 2423 839 enim
2458 802 2561 842 non
2598 788 2800 841 diceret
2836 797 3029 854 mater,
3057 799 3176 856 post
3209 800 3393 859 partus
3419 794 3516 845 do-

1940 874 2106 938 lores,
2139 886 2192 928 et
2225 875 2604 928 educationem
2659 885 2712 930 et
2759 878 3011 944 pulchras
3054 879 3174 933 illas
3214 894 3358 948 spes,
3393 881 3518 935 talia

1940 985 1968 1019 a
2000 965 2108 1019 filio
2137 965 2349 1032 patiens
2394 965 2552 1020 mala.
2589 965 2828 1035 Denique
2868 977 2921 1020 et
2953 969 3112 1020 domo
3139 983 3256 1021 eam
3289 971 3516 1038 expulit,

1941 1067 2213 1125 egentem,
2247 1058 2470 1121 nudam,
2505 1059 2831 1112 necessariis
2883 1069 3201 1125 carentem;
3249 1061 3301 1114 id
3353 1076 3517 1114 unum

1943 1149 2083 1204 forte
2114 1150 2187 1202 illi
2222 1149 2524 1217 indulgens,
2557 1153 2702 1219 quod
2747 1150 2830 1204 sui
2879 1152 3139 1205 societate
3172 1168 3290 1206 eam
3334 1154 3514 1206 solvit.

1939 1239 2008 1295 Et
2046 1255 2190 1294 nunc
2233 1239 2322 1292 ille
2369 1239 2584 1308 quidem
2633 1239 2828 1293 talibus
2872 1241 3028 1293 malis
3069 1241 3326 1294 exsultat.
3371 1241 3522 1295 Anus

1942 1341 2149 1398 autem,
2182 1341 2237 1386 et
2277 1332 2482 1402 primas
2535 1331 2842 1387 nobilitates
2885 1334 3024 1400 apud
3075 1349 3174 1386 nos
3218 1349 3432 1401 gerens.
3465 1333 3517 1387 in

1942 1422 2192 1476 manibus
2231 1439 2340 1477 sua:
2389 1422 2514 1477 vita:
2559 1438 2708 1492 spem
2756 1425 2936 1477 habet.
2981 1423 3054 1478 llli
3095 1435 3273 1478 autem
3315 1425 3520 1494 optimo

263 1525 393 1594 παρ’
427 1524 560 1592 ήμίν
592 1519 896 1588 εὐγενείας,
929 1520 986 1571 ἐν
1013 1519 1133 1579 ταῖς
1160 1515 1318 1587 χερσὶ
1347 1514 1444 1576 τὰς
1479 1513 1703 1574 ἐλπίδας
1729 1510 1840 1581 ἔχει

1944 1523 1996 1568 et
2027 1514 2184 1584 hujus
2217 1515 2441 1570 miseria
2487 1514 2630 1568 aliud
2667 1515 3020 1570 infortunium
3054 1526 3178 1581 est;
3223 1525 3277 1570 et
3303 1518 3415 1585 jam
3453 1519 3520 1570 ad

225 1657 240 1664 κ
261 1613 354 1667 τοῦ
385 1614 529 1683 βίου·
555 1612 634 1682 τῷ
661 1611 716 1664 δέ
741 1609 964 1682 χρηστῷ
991 1608 1149 1678 τῷδε,
1177 1608 1272 1661 καὶ
1306 1606 1368 1659 τὸ
1406 1603 1608 1673 ταύτης
1646 1603 1839 1666 πάθος,

1944 1605 2221 1672 proprium
2252 1605 2453 1659 victmn
2489 1604 2758 1675 indigens,
2792 1619 2910 1658 cam
2948 1614 3126 1659 tamen
3170 1605 3384 1674 excepit
3418 1605 3521 1674 ipsi

260 1706 393 1776 ἄλλη
425 1705 635 1774 γίνεται
664 1703 921 1774 συμφορά
946 1718 960 1731 ·
988 1705 1081 1755 καὶ
1110 1701 1252 1770 πρὸς
1281 1699 1379 1770 τὴν
1403 1698 1609 1751 οἰκείαν
1633 1695 1839 1767 τροφὴν

1947 1697 2222 1750 miseriam
2279 1699 2660 1767 adaugentem.
2715 1697 2823 1753 Sed
2884 1697 3252 1753 necessarium
3315 1707 3524 1750 natura;

261 1760 664 1868 ἀπορούμενος,
708 1760 1004 1860 ὑπεδέξατο
1039 1760 1266 1863 ταύτην,
1310 1760 1686 1844 ἐπιτείνουσαν

1948 1789 2186 1842 debitum
2241 1789 2424 1843 solvit.
2481 1789 2548 1843 Et
2603 1806 2745 1844 nunc
2804 1806 2910 1844 una
2971 1791 3212 1843 habitant
3267 1789 3522 1843 solatium

262 1889 410 1959 αὐτῷ
440 1888 540 1959 τὴν
595 1887 801 1940 ἔνδειαν
820 1902 836 1918 ·
867 1887 1018 1955 ὅμως
1053 1885 1348 1951 ἀναγκαῖον
1402 1881 1561 1952 χρέος
1590 1878 1790 1932 ἐκτίνει
1817 1889 1840 1918 ε

1949 1881 2166 1933 unicmn
2221 1881 2482 1936 habentes
2537 1885 2678 1949 quod
2732 1898 2836 1936 non
2889 1881 3038 1951 plura
3091 1880 3326 1950 perpessi
3387 1879 3520 1933 sint.

272 1979 338 2046 τῇ
369 1975 558 2043 φύσει·
612 1974 704 2028 καὶ
740 1972 835 2026 νῦν
885 1972 1122 2025 σύνεισιν
1166 1969 1416 2036 ἀλλήλοις
1468 1969 1597 2040 μίαν
1627 1968 1840 2038 ἔχοντες

1949 1971 2116 2024 Mater
2155 1983 2360 2034 autem,
2401 1982 2582 2038 utpote
2630 1973 2825 2026 mulier
2872 1979 2926 2026 et
2981 1971 3106 2023 talia
3153 1984 3312 2039 passa
3355 1979 3521 2023 totam

264 2066 620 2138 παραμυθίαν
645 2106 661 2130 ,
685 2067 767 2118 ὅτι
802 2064 874 2134 μὴ
901 2064 1072 2117 πλείω
1105 2062 1438 2116 πεπόνθασιν
1457 2078 1472 2094 ·
1495 2065 1529 2132 ή
1562 2062 1619 2114 δέ
1654 2063 1840 2130 μήτηρ

1951 2063 2116 2114 vitam
2157 2064 2318 2116 habet
2357 2080 2575 2115 suorum
2614 2065 2872 2116 malorum
2911 2063 3222 2117 meminisse
3253 2073 3303 2116 et
3333 2076 3523 2114 eorum

259 2155 348 2211 οἷα
376 2159 550 2228 δήπου
595 2155 754 2226 γυνὴ,
782 2157 876 2207 καὶ
901 2152 1126 2207 τοιαῦτα
1164 2151 1432 2214 παθοῦσα,
1457 2151 1553 2204 ἐνα
1585 2150 1696 2220 βίον
1725 2149 1837 2219 ἔχει

1947 2155 2206 2207 memoria
2254 2155 2580 2225 lacrymare,
2621 2165 2674 2210 et
2721 2154 3015 2209 mamillam
3053 2154 3337 2207 ostendere
3373 2151 3520 2220 judi-

259 2250 320 2300 τὸ
358 2247 672 2318 μεμνῆσθαι
694 2245 802 2298 τῶν
851 2243 1055 2306 ἐαυτῆς
1087 2242 1293 2303 κακῶν,
1332 2241 1427 2293 καὶ
1458 2238 1715 2308 δακρύειν
1743 2237 1838 2290 ἐπὶ

1944 2243 2095 2297 cibus
2128 2245 2308 2312 qualia
2354 2261 2507 2312 passa
2550 2247 2619 2299 sit
2662 2261 2948 2301 enarrans.
2993 2243 3120 2298 Haec
3155 2259 3314 2310 porro
3345 2251 3524 2296 mente

261 2344 325 2409 τῇ
359 2341 548 2410 μνήμῃ
567 2356 580 2369 ·
613 2338 709 2391 καὶ
751 2337 849 2407 τὴν
876 2335 1044 2404 θηλὴν
1073 2330 1449 2386 ὑποδεικνύειν
1479 2333 1546 2400 τῇ
1594 2330 1718 2401 δίκῃ
1747 2324 1838 2383 οἷα

1944 2335 2162 2403 capiens
2194 2346 2248 2390 et
2281 2351 2596 2403 persuasum
2644 2338 2850 2390 habens
2889 2352 3017 2390 vero
3065 2336 3200 2390 nihil
3246 2350 3344 2413 nos
3383 2335 3523 2404 adji-

260 2431 497 2484 πέπονθε
531 2429 885 2500 διηγουμένη.
925 2424 1112 2479 Ταῦτα
1141 2424 1322 2476 τοίνυν
1360 2424 1439 2484 είς
1484 2420 1608 2473 νοῦν
1636 2418 1838 2486 λαϐὼν,

1947 2417 2095 2487 cere,
2129 2427 2222 2479 sed
2274 2427 2445 2480 solum
2503 2428 2658 2494 hujus
2699 2426 2919 2479 malitiae
2970 2426 3324 2478 summarium
3366 2424 3522 2478 exhi-

262 2523 356 2574 καὶ
385 2507 550 2591 μηδὲν
580 2521 726 2590 ἡμᾶς
757 2517 1106 2587 προστιθέναι
1130 2516 1248 2576 ταῖς
1280 2511 1560 2582 ἀληθείαις
1587 2510 1836 2580 νομίσας,

1949 2517 2101 2582 here,
2139 2526 2287 2571 tuum
2330 2521 2565 2573 studium
2615 2519 2757 2573 illius
2807 2517 3010 2571 malitia
3049 2515 3256 2569 metire.
3294 2515 3360 2567 Et
3401 2523 3522 2567 esto

262 2611 400 2666 ἀλλὰ
452 2611 520 2663 τά
579 2609 852 2678 κεφάλαια
905 2607 924 2646 τ
973 2607 1132 2676 μόνον
1185 2603 1460 2658 δεικνύναι
1503 2601 1605 2671 τῆς
1669 2599 1838 2653 αὐτοῦ

1949 2609 2069 2663 talis
2101 2611 2312 2676 qualem
2352 2620 2400 2664 te
2431 2624 2549 2664 esse
2581 2609 2722 2664 Deu‘s
2752 2609 2942 2678 exigit,
2976 2617 3032 2662 et
3064 2607 3319 2660 amicitia:
3354 2606 3438 2659 lex
3465 2613 3523 2658 et

263 2703 553 2772 πονηρίας,
591 2701 682 2754 διὰ
718 2701 809 2753 τὸν
845 2700 943 2768 τῆς
973 2697 1262 2765 ἐπιστολῆς
1299 2696 1520 2765 καιρὸν,
1566 2692 1839 2763 μέτρησον

1944 2698 2144 2766 injuria
2176 2699 2487 2755 affectorum
2520 2716 2668 2770 spes.

190 2852 199 2860 ,
265 2809 360 2844 σου
386 2792 483 2862 τὴν
511 2789 744 2860 σπουδὴν
767 2788 902 2858 πρὸς
920 2787 1017 2856 τὴν
1043 2785 1252 2838 ἐκείνου
1281 2785 1508 2838 κακίαν·
1543 2783 1637 2835 καὶ
1663 2779 1826 2849 γενοῦ
1863 2783 2119 2855 τοιοῦτος,
2167 2783 2278 2843 οἷον
2361 2791 2420 2843 σὲ
2462 2791 2620 2855 ¹Θεὸς
2669 2793 2911 2857 ἀπαιτεῖ,
2960 2791 3052 2843 καὶ
3117 2790 3301 2858 φιλίας
3353 2788 3519 2859 νόμος

264 2888 358 2940 καὶ
384 2887 418 2956 ή
446 2884 552 2937 τῶν
583 2882 952 2952 ἀδικουμένων
985 2877 1161 2940 ἐλπίς.
2425 2869 2429 2874 ’

809 2971 929 3027 PA’.
969 2969 1292 3038 ΔΩΡΟΘΕῼ.

2441 2963 2570 3019 CIV.
2616 2963 3007 3022 DOROTHEO.

336 3065 506 3120 Πάλιν
533 3064 812 3126 εὐσεϐείας
843 3061 1056 3131 καιρὸς,
1082 3059 1180 3113 καλ⁵
1210 3057 1371 3110 πάλιν
1402 3055 1538 3126 πρὸς
1570 3057 1670 3126 τὴν
1697 3055 1838 3125 ὐμε-

169 3225 175 3234 ι
263 3158 430 3229 τέραν
486 3156 678 3226 σοφίαν
731 3157 760 3208 ὁ
809 3153 1030 3224 δρόμος.
1099 3151 1264 3221 Ἀνήρ
1316 3165 1401 3211 τις
1455 3147 1562 3200 τῶν
1613 3146 1842 3234 ἐαυτοῦς

273 3225 582 3301 ἀναθέντων
631 3244 750 3313 Θεῷ
781 3243 878 3296 καὶ
931 3244 995 3294 ἐκ
1045 3239 1362 3310 φιλοσοφίας
1397 3225 1837 3306 γνωριζομένων,

265 3337 328 3402 ἐξ
365 3337 550 3390 ἀδίκου
595 3331 978 3402 συκοφαντίας,
999 3331 1074 3396 ὡς
1104 3331 1301 3394 ἔοικεν,
1347 3327 1426 3397 τῷ
1465 3326 1558 3379 τοῦ
1585 3324 1842 3379 δικαστοῦ

267 3427 428 3500 θυμῷ
472 3426 923 3496 περιπέπτωκεν,
957 3424 1033 3486 ὡς
1077 3423 1260 3488 δεξιὰν
1310 3419 1553 3490 ἀντάρας
1588 3418 1844 3487 πολέμιον

268 3519 548 3576 κατὰιτῶν
578 3513 1097 3587 ἐξυπηρετουμένων
1130 3516 1239 3577 τοῖς
1263 3513 1449 3581 νόμοις
1472 3527 1487 3542 ·
1515 3510 1564 3562 ot
1595 3507 1845 3563 δὲταῦτα

271 3608 638 3680 μηνύσαντες,
681 3607 750 3660 τά
789 3605 942 3677 παρὰ
981 3604 1090 3661 τῶν
1136 3604 1309 3657 ἄλλων
1347 3601 1422 3665 ὥς
1452 3616 1616 3671 φασιν
1652 3598 1842 3668 ἀδική-

270 3717 439 3770 ματα,
485 3698 630 3752 κατὰ
663 3697 854 3750 τούτου
903 3694 1243 3765 μετέστησαν
1266 3710 1279 3724 ⁸
1317 3694 1413 3746 καὶ
1455 3693 1670 3764 πλήρης
1711 3692 1738 3742 ὁ
1769 3689 1846 3742 δι-

268 3793 456 3856 κάζων
487 3788 659 3861 θυμοῦ
682 3804 696 3818 ⁸
725 3789 822 3842 καὶ¹
849 3787 984 3858 πρὸς
1011 3786 1203 3839 ἐαυτὸν
1248 3786 1427 3847 καλεῖ,
1461 3785 1554 3838 καὶ
1598 3783 1734 3853 πρὸς
1767 3799 1848 3834 τι⁸

2013 3056 2248 3112 Rursum
2285 3057 2502 3128 pietatis
2547 3060 2760 3111 occasio
2789 3067 2842 3112 ct
2903 3073 3118 3112 rursum
3167 3057 3230 3110 ad
3278 3068 3519 3111 vestram

1943 3149 2263 3217 sapientiam
2315 3163 2586 3202 recursus.
2646 3147 2739 3200 Vir
2777 3150 2996 3217 quidam
3030 3165 3217 3204 eorum
3269 3151 3358 3218 qui
3409 3150 3522 3204 Deo

1943 3242 2108 3295 vitam
2134 3254 2548 3303 consecravere,
2581 3249 2635 3293 et
2658 3255 2724 3293 ex
2767 3241 3105 3307 philosophia
3154 3240 3520 3304 celebrantur,

1921 3333 2150 3403 'injusta
2179 3332 2471 3394 calumnia,
2497 3343 2554 3385 ut
2576 3332 2811 3397 videtur,
2846 3334 2900 3386 in
2935 3334 3277 3402 iran'tjudicis
3309 3335 3523 3399 incidit,

1947 3435 2134 3490 utpote
2162 3425 2253 3492 qui
2312 3424 2587 3477 inimicam
2637 3439 2854 3478 manum
2896 3437 3084 3479 contra
3139 3425 3346 3495 legibus
3395 3425 3525 3478 obe-

1947 3512 2155 3565 dientes
2179 3511 2475 3566 sustulerit.
2501 3510 2602 3578 Qui
2633 3523 2813 3566 autem
2835 3527 2895 3568 ea
2929 3515 3257 3578 indicavere,
3294 3515 3524 3583 injurias

1947 3603 2016 3658 ab
2045 3602 2185 3667 aliis,
2223 3612 2280 3655 ut
2326 3603 2497 3668 aiunt,
2543 3601 2734 3668 factas,
2765 3603 2818 3656 in
2851 3620 2971 3659 eum
3004 3616 3410 3660 converterunt.
3458 3603 3526 3658 Et

1941 3693 2107 3762 judex
2159 3693 2348 3762 plenus
2397 3695 2477 3747 ira
2524 3703 2642 3755 est,
2676 3705 2731 3748 et
2769 3710 2891 3749 eum
2940 3697 3006 3750 ad
3049 3712 3107 3750 se
3145 3707 3320 3762 vocat,
3367 3706 3420 3750 et
3459 3698 3526 3750 ad

1949 3784 2245 3838 vindictam
2275 3785 2557 3839 incitatur.
2585 3786 2758 3841 Adest
2785 3796 3012 3858 tempus,
3035 3789 3077 3842 si
3107 3804 3340 3858 unquam
3369 3789 3526 3853 alias,

269 3883 485 3954 μωρίαν
515 3881 839 3954 ἐπείγεται·
875 3878 970 3932 καὶ
1012 3878 1250 3946 πάρεστι
1282 3873 1471 3944 καιρὸς
1520 3872 1678 3942 εἴπερ
1719 3871 1840 3924 ποτέ

1949 3873 2382 3928 benevolentiam
2416 3876 2721 3944 requirens.
2761 3879 2974 3947 Appare
3002 3881 3185 3950 igitur,
3221 3890 3275 3934 et
3312 3889 3524 3934 tuormn

265 3975 365 4026 καὶ
385 3970 481 4026 νῦν
507 3969 919 4041 φιλανθρωπίαν
942 3967 1143 4036 ζητῶν.
1173 3964 1374 4035 Φάνηθι
1403 3964 1466 4033 δὴ
1493 3963 1585 4016 καὶ
1619 3960 1840 4030 φθέγξαι

1950 3963 2152 4031 aliquid
2210 3963 2448 4034 loquere,
2500 3977 2554 4022 et
2608 3967 2688 4022 ira
2735 3970 2969 4038 judicem
3027 3969 3222 4023 solves.
3270 3968 3327 4024 Si
3394 3970 3525 4036 quid
3638 4042 3641 4044 _

263 4083 321 4118 τι
367 4063 476 4117 τῶν
511 4054 643 4126 σῶν,
673 4061 770 4115 καὶ
816 4059 918 4131 τῆς
949 4059 1121 4129 ὀργῆς
1165 4055 1506 4124 παραλύσεις
1557 4052 1648 4106 τὸν
1699 4053 1840 4105 δικα-

1951 4055 2096 4110 enim
2161 4057 2414 4116 horrendi
2463 4061 2667 4117 factum
2721 4064 2826 4128 sit,
2892 4064 3035 4132 quod
3088 4078 3194 4116 non
3245 4072 3361 4128 est,
3399 4077 3524 4116 sen-

266 4157 424 4226 στήν.
473 4155 537 4208 Et
577 4155 686 4224 γάρ
727 4171 780 4206 τι
819 4152 913 4205 καὶ
961 4151 1278 4219 πέπρακται
1326 4146 1521 4210 δεινὸν,
1563 4147 1698 4216 ὅπερ
1729 4145 1840 4198 οὐδέ

1954 4149 2174 4204 tentiam
2231 4153 2526 4208 inveniam
2560 4163 2847 4217 converte;
2892 4155 2936 4209 si
2976 4154 3108 4208 nihil
3177 4155 3321 4207 aliud
3360 4169 3527 4223 quam

265 4249 514 4318 γέγονεν,
543 4247 620 4309 εἰς
656 4242 988 4313 συγγνώμην
1017 4240 1217 4310 τρέψον
1262 4238 1322 4291 τὸ
1358 4235 1766 4308 ψηφιζόμενον·
1797 4235 1840 4287 εί

1952 4242 2094 4310 quod
2123 4243 2281 4308 dixit,
2321 4258 2442 4298 eum
2471 4248 2694 4301 ostende
2727 4249 3080 4302 honorantem
3123 4262 3242 4316 qua:
3286 4246 3384 4314 ipsi
3420 4247 3528 4299 cir-

267 4341 441 4411 μηδὲν
469 4339 618 4405 ἄλλο,
638 4339 701 4393 τὸ
727 4335 1112 4408 περικείμενον
1138 4330 1287 4402 αὐτῷ
1312 4331 1496 4399 σχῆμα
1517 4329 1840 4398 τιμήσαντα.

1955 4329 2246 4398 Cumjacet,
2284 4333 2628 4403 dignitatem.
2663 4335 2878 4405 Appare
2910 4353 3014 4390 una
3045 4351 3166 4392 cum
3215 4336 3397 4390 multis
3431 4335 3522 4404 qui

263 4431 475 4503 Φάνηθι
530 4429 669 4502 μετὰ
700 4427 936 4492 πολλῶν,
987 4427 1035 4479 οἱ
1080 4423 1217 4495 πρὸς
1245 4421 1344 4492 τὴν
1381 4421 1602 4491 αἴτησιν
1645 4419 1840 4489 τυγχά-

1953 4425 2020 4476 ad
2051 4423 2467 4492 postulationem
2505 4426 2615 4481 sint
2644 4427 2860 4495 idonei;
2896 4430 2976 4484 vel
3006 4431 3185 4499 potius
3227 4439 3354 4482 ante
3390 4429 3529 4481 alios

263 4539 453 4576 νουσιν
498 4522 827 4592 εὐπρεπεῖς·
885 4516 1088 4588 μᾶλλον
1141 4514 1198 4568 δέ
1225 4513 1320 4566 καὶ
1347 4511 1454 4581 πρὸ
1484 4511 1593 4563 τῶν
1649 4510 1840 4573 ἄλλων¹

1953 4514 2042 4585 qui
2079 4515 2356 4586 proprium
2385 4516 2589 4584 aliquid
2617 4521 2966 4576 contribuere
3005 4522 3234 4578 valeant.
3274 4521 3344 4575 At
3372 4531 3525 4575 certe

263 4609 456 4663 ὁπόσοι
507 4609 704 4662 οἰκεῖόν
749 4625 802 4660 τι
847 4605 1089 4680 δόξουσι.
1122 4600 1535 4670 συνεισφέρειν·
1587 4599 1700 4653 ἀλλ’
1753 4595 1840 4652 οὖν

1953 4604 2066 4673 ipse
2095 4606 2337 4660 onmium
2370 4607 2554 4660 laudes
2581 4611 2851 4677 accipies;
2880 4621 2938 4665 ut
2979 4622 3033 4666 ct
3065 4612 3270 4680 primus
3297 4621 3349 4664 et
3371 4610 3527 4662 valde

262 4700 432 4764 αὐτὸς
466 4700 685 4757 πάντων
715 4696 946 4769 ἀναδέξῃ
980 4696 1071 4749 τδν
1103 4693 1353 4747 ἔπαινον·
1384 4691 1460 4754 ὡς
1488 4690 1590 4765 καί
1605 4690 1840 4762 πρῶτος,

1952 4697 2235 4764 postulans
2293 4708 2350 4754 et
2403 4700 2642 4768 pulchra:
2716 4701 3109 4760 benevolentia:
3176 4703 3299 4758 aliis
3350 4701 3526 4757 lactus

263 4793 363 4845 καὶ
396 4790 518 4846 λίαν
546 4792 778 4861 αἰτήσας
823 4790 920 4844 καὶ
949 4788 1051 4858 τῆς
1089 4785 1261 4857 καλῆς
1303 4782 1720 4856 φιλανθρωπίας
1747 4800 1839 4852 γε·
1944 4789 2240 4860 exemplar.

263 4883 442 4952 γονὼς
469 4886 583 4950 τοῖς
612 4883 793 4948 ἄλλοις
825 4881 1202 4954 παράδειγμα.

625 5117 935 5176 EJUSDEM
967 5113 1285 5200 PROCOPII
1338 5112 1572 5169 GAZIEI
1598 5112 2111 5172 FRAGMENTUM.
2150 5117 2226 5172 Ex
2260 5117 2455 5174 codice
2483 5116 2747 5173 Vaticano
2785 5116 2946 5186 1096,
2995 5133 3048 5189 p.
3081 5119 3170 5174 6i.

286 5248 383 5324 Ἐκ
433 5253 553 5306 τῶν
605 5257 691 5320 είς
744 5254 818 5309 τὰ
863 5252 1138 5324 Πρόκλου
1163 5233 1498 5324 ᾲθερλοπικά
1520 5247 1839 5324 κεφάλαια

1948 5254 2031 5308 Ea:
2086 5254 2334 5324 Procopii
2369 5253 2529 5309 ϐακε
2572 5256 2625 5309 in
2667 5253 2848 5309 Procli
2885 5254 3387 5324 theologicaicapita
3435 5272 3515 5310 ic-

336 5318 747 5391 ιιντιρῤἠσεων
782 5318 1116 5392 Προκοπιου
1146 5318 1339 5386 Γάζης
1363 5318 1714 5386 ἀντίρῤησις
1744 5336 1840 5373 κε-

341 5395 602 5446 φαλαίου
647 5399 802 5446 ouc'.

2228 5318 2454 5395 sponsis,
2489 5343 2792 5395 responsum
2821 5327 2877 5379 in
2902 5318 3076 5393 capite
3099 5323 3219 5380 HG.

339 5399 602 5459 φαλαιου
640 5399 802 5462 ρμςν.

339 5483 475 5537 Θεία
514 5485 737 5555 πρόοδος
764 5484 1001 5555 ἄναρχος
1037 5483 1131 5536 καὶ
1166 5478 1544 5549 ἀτελεύτητος,
1585 5482 1722 5550 μόνη
1768 5480 1834 5535 ἂν

2015 5481 2204 5535 Divina
2242 5482 2518 5551 processio
2568 5483 2684 5538 sine
2719 5483 2983 5553 principio
3011 5491 3066 5538 et
3104 5483 3220 5539 sine
3266 5481 3371 5536 line
3407 5483 3521 5537 sola

1564 5598 1798 5656 ἾΑΒΙίΕ
1828 5602 2230 5658 LECTIONES.

337 5705 363 5736 ο
405 5695 526 5751 Vat.
571 5697 890 5752 κατέϐαλλε.
999 5696 1028 5737 ἀ
1059 5697 1176 5752 Vat.
1199 5692 1521 5766 ἀνεχομένη.
1639 5705 1660 5731 ε
1705 5693 1823 5751 Vat.
1859 5697 2109 5750 ἐκτείνει.
2197 5695 2212 5733 ί
2253 5696 2370 5750 Vat.
2407 5697 2464 5750 τὸ
2487 5698 2800 5768 κεφάλαιον.
