3966 6318
415 282 422 288 ’
480 333 666 399 ριυεε

1578 325 1931 390 PROCOPII
1969 321 2214 384 GAZ/EI
2253 320 2660 386 EPISTOLE.

3556 317 3726 382 2792‘

477 452 750 502 diceretur
774 457 841 498 ex
871 456 980 498 uno
1017 439 1179 496 Patre
1206 437 1485 509 generatio
1530 437 1690 493 unius
1717 435 1862 502 Filii,
1893 443 1950 491 et
1989 448 2056 489 ex

2162 431 2372 502 λέγοιτο
2409 435 2444 506 ἡ
2473 434 2582 488 ἀπὸ
2615 433 2710 488 τοῦ
2744 432 2866 498 ἐνδς
2898 433 3062 506 μόνου
3099 431 3316 504 Πατρδς
3360 429 3616 500 γέννησις
3643 429 3726 482 τοῦ

477 537 669 594 eodem
729 535 1014 605 productio
1069 534 1235 588 unius
1262 531 1436 586 sancti
1480 531 1716 600 Spiritus
1761 529 2059 585 secundum

479 645 642 700 quam
669 639 892 700 paterna
933 635 990 682 et
1017 626 1191 697 prima
1227 625 1312 680 vel
1341 624 1522 693 potius
1551 623 1819 692 principio
1867 635 2060 677 carens

483 719 660 774 unitas
693 719 746 772 in
793 717 1112 771 dualitatem
1158 727 1337 770 emata
1387 715 1440 768 itt
1493 713 1631 768 Filio
1671 721 1968 782 spectatam
2005 721 2062 767 et

375 870 383 888 ι
485 805 695 875 Spiritu
726 813 939 868 sancto,
973 815 1143 871 usque
1187 801 1251 854 ad
1287 801 1609 856 Trinitatem
1655 803 1827 864 stetit,
1873 815 2062 869 quem-

488 895 782 950 admodum
813 897 891 948 ait
915 892 1220 963 Theologus
1245 903 1428 947 noster
1448 891 1762 962 Gregorius.
1795 890 1888 946 Illa
1913 891 2058 945 enim

483 987 598 1042 sola
650 996 844 1040 natura
899 985 1081 1040 divina
1144 984 1456 1052 processio,
1509 985 1554 1038 si
1622 991 1802 1038 tamen
1845 991 2060 1052 oportet

486 1087 676 1131 natura
709 1077 914 1140 dicere,
946 1075 1162 1144 quando
1207 1075 1274 1129 de
1315 1075 1818 1144 supernaturalibus
1846 1084 1900 1129 et
1925 1075 2061 1130 divi-

485 1169 569 1222 nis
591 1168 789 1238 agitur.
814 1168 881 1221 Et
910 1167 1066 1238 hujus
1089 1169 1306 1236 quidem
1335 1167 1661 1236 principium
1686 1164 1892 1235 absque
1913 1166 2060 1235 prin-

479 1260 623 1330 cipio
668 1261 828 1316 Pater
861 1277 875 1314 :
904 1276 968 1314 ex
993 1261 1088 1316 illo
1120 1261 1264 1315 enim
1293 1277 1309 1325 ;
1343 1257 1581 1312 medium
1625 1265 1806 1312 autem
1843 1265 1899 1312 et
1944 1257 2060 1326 ipse

480 1351 805 1422 principium
837 1349 1008 1405 Filius
1039 1368 1050 1404 :
1088 1365 1189 1419 per
1217 1349 1396 1418 ipsum
1421 1348 1601 1414 enim;
1649 1347 1910 1402 terminus
1962 1361 2062 1402 au-

483 1453 588 1498 tem
621 1441 1050 1512 perfectissimus
1093 1449 1149 1496 et
1199 1450 1442 1496 aeternus
1491 1437 1732 1509 Spiritus
1779 1446 2054 1494 sanctus:

480 1541 536 1594 in
571 1538 745 1608 ipsum
790 1537 958 1592 enim.
1017 1534 1338 1591 Secernitur
1371 1541 1553 1588 autem
1589 1542 1645 1588 et
1675 1531 1742 1586 ab
1769 1530 1895 1586 aliis
1925 1545 2056 1600 pro-

479 1631 820 1687 cessionibus
846 1629 966 1697 illa;
994 1621 1102 1684 non
1135 1629 1284 1684 enim
1333 1634 1553 1698 separat
1596 1624 1820 1680 omnino
1843 1639 1873 1678 a
1903 1625 2054 1693 prin-

480 1725 626 1794 cipio
653 1739 713 1778 ea
739 1738 860 1794 quae
888 1737 920 1778 a
951 1721 1217 1792 principio
1245 1721 1528 1786 oriuntur;
1561 1716 1657 1773 sed
1687 1717 1912 1773 omnino
1945 1731 2054 1771 non

486 1816 636 1872 foras
661 1814 983 1884 prodeuntia
1009 1821 1210 1879 servat,
1237 1827 1331 1882 per
1349 1809 1668 1867 substantiae
1687 1807 2052 1874 identitatem;

485 1923 797 1981 quanquam
829 1917 886 1961 ut
925 1907 1158 1977 prapria:
1189 1920 1434 1974 persona:
1461 1903 1728 1974 prodeunt
1759 1919 1772 1957 :
1808 1902 1924 1957 ideo
1949 1916 2057 1956 nou

481 2010 642 2069 egent
691 1999 989 2054 secundum
1028 1999 1288 2066 impetum
1325 1994 1704 2051 conversione.
1757 1991 1866 2049 Sed
1917 1993 2058 2047 ultra

479 2091 624 2146 hanc
655 2104 846 2144 omnes
883 2090 1002 2144 alia:
1039 2089 1418 2158 processiunes
1447 2086 1678 2142 invicem
1709 2095 2056 2153 separantur.

479 2181 548 2237 Et
570 2197 753 2236 earum
775 2181 994 2250 quidem
1025 2180 1232 2249 absque
1263 2178 1528 2248 principio
1557 2176 1734 2242 nullo;
1766 2176 1892 2246 quia
1923 2175 2058 2231 nihil

483 2273 604 2326 sine
631 2269 899 2340 principio
921 2278 1026 2334 est,
1057 2269 1150 2324 sed
1177 2268 1361 2322 omnia
1395 2266 1538 2322 facta
1563 2275 1690 2324 sunt
1719 2282 1746 2321 a
1777 2265 1938 2320 Patre
1963 2280 2060 2333 per

479 2363 701 2430 Filium,
725 2361 962 2432 perfecta
987 2379 1018 2418 a
1043 2362 1270 2432 Spiritu.
1293 2361 1508 2430 Absque
1541 2361 1648 2416 line
1705 2374 1808 2415 non
1841 2357 2054 2424 omnis;

481 2458 576 2512 sed
603 2469 780 2525 neque
799 2457 966 2508 etiam
991 2453 1232 2508 omnino.
1258 2453 1458 2508 Eorum
1484 2467 1615 2508 vero
1645 2466 1766 2522 quae
1797 2459 2060 2522 perpetuo

483 2555 605 2614 post
631 2559 788 2600 suam
823 2543 951 2598 inde
985 2542 1399 2614 productionem
1429 2548 1772 2613 permanent,
1809 2540 2062 2610 una_qui-

482 2633 606 2691 dem
646 2637 942 2691 secundum
997 2634 1383 2700 substantiam,
1417 2641 1472 2688 et
1506 2633 1618 2702 jam
1655 2632 1893 2701 perlecta
1940 2642 2060 2698 est;

481 2745 658 2801 neque
683 2730 826 2786 enim
849 2729 954 2784 ulla
981 2729 1086 2784 alia
1110 2729 1246 2784 ultra
1272 2744 1336 2785 ea
1368 2743 1488 2797 qua:
1521 2729 1590 2784 ab
1618 2728 1778 2782 initio
1801 2727 2064 2796 producta

481 2831 631 2888 sunt,
682 2823 903 2892 insuper
955 2821 1361 2892 producuntur;
1397 2835 1572 2890 neque
1619 2820 1784 2874 etiam
1831 2833 1894 2874 ea
1939 2833 2061 2888 qua

483 2913 752 2983 producta
783 2921 910 2966 sunt
955 2914 1256 2968 secundum
1300 2910 1660 2966 substantiam
1704 2909 2060 2965 mutationem

483 3006 858 3074 exspectantia
892 3018 1031 3058 nova
1062 3001 1417 3073 productione
1451 3003 1714 3073 indigent.
1751 2999 1843 3054 Illa
1878 3008 2060 3056 autem

2162 523 2281 586 ένδς
2307 525 2402 578 καὶ
2429 523 2593 595 μόνου
2632 523 2783 590 Υίοῦ,
2817 525 2916 579 καὶ
2948 522 3058 578 ἀπὸ
3089 522 3184 576 τοῦ
3224 519 3394 576 αὑτοῦ
3443 517 3728 588 πρόϐλησις

2159 617 2256 672 τοῦ
2287 618 2406 683 ἐνὸς
2429 619 2527 674 καὶ
2557 617 2722 688 μόνου
2761 617 2920 687 ἁγίου
2964 615 3284 687 Πνεύματος
3313 611 3442 666 καθ’
3475 609 3543 682 ην
3577 611 3610 680 ἡ
3638 625 3733 662 παι

2160 711 2325 780 τρική
2369 727 2426 764 τε
2469 709 2566 765 καὶ
2593 707 2798 780 ἀρχικὴ
2834 706 3037 780 μᾶλλον
3078 705 3138 760 δὲ
3183 705 3532 776 προάναρχος
3572 700 3732 772 μονὰς

2161 804 2243 867 εἰς
2275 801 2442 856 δυάδα
2490 801 2780 872 κινηθεῖσα
2821 800 2923 872 τὴν
2969 800 3028 852 ἐν
3063 797 3179 869 Υῑῷ
3223 793 3610 864 θεωρουμένην
3643 791 3730 845 καὶ

2160 893 2466 963 Πνεύματι,
2517 893 2679 964 μέχρι
2721 893 2953 963 Τριάδος
3003 891 3171 962 ἐστη,
3210 888 3467 958 καθάπερ
3505 885 3673 956 φησιν.
3699 885 3731 937 6

2161 985 2430 1056 ἡμέτερος
2470 983 2734 1052 Θεολόγος
2781 983 3106 1054 Γρηγόριος.
3135 979 3285 1050 Αὕτη
3340 979 3398 1032 δὲ
3453 978 3548 1033 καὶ
3604 976 3730 1046 μόνη

2161 1077 2281 1132 θεία
2317 1077 2477 1147 φύσει
2511 1075 2762 1146 πρόοδος,
2786 1075 2949 1146 εἴπερ
2977 1075 3060 1128 δεῖ
3082 1074 3266 1143 φύσει
3293 1071 3476 1140 λέγειν
3505 1070 3600 1122 ἐπὶ
3629 1069 3732 1122 τῶν

2162 1167 2462 1238 ὑπερφυῶν
2491 1167 2588 1220 καὶ
2616 1166 2778 1220 θείων
2801 1185 2816 1196 ·
2843 1167 2940 1220 καὶ
2970 1165 3176 1236 ταύτης
3200 1163 3344 1236 ἁρχὴ
3377 1163 3476 1234 μὲν
3506 1162 3733 1232 ἄναρχος

2158 1263 2188 1316 6
2241 1263 2452 1330 Πατὴρ,
2504 1257 2566 1327 ἐξ
2618 1257 2785 1312 αὐτοῦ
2829 1257 2973 1329 γάρ·
3029 1256 3265 1328 μεσότης
3310 1253 3370 1309 δὲ
3420 1253 3734 1322 σύναρχοςό

2161 1353 2310 1418 Υίὸς,
2361 1351 2432 1406 δι’
2459 1350 2630 1406 αὐτοῦ
2665 1352 2774 1421 γάρ
2795 1366 2810 1382 ο
2838 1348 2994 1413 τέλος
3031 1347 3091 1402 δὲ
3134 1344 3602 1418 ύπερτελέστατον
3645 1341 3735 1398 καὶ

2158 1442 2518 1515 ἀτελεύτητον
2573 1442 2635 1497 τὸ
2683 1439 2916 1510 Πνεῦμα
2963 1440 3024 1493 τὸ
3071 1439 3250 1508 ἅγιον,
3281 1439 3367 1502 εἰς
3415 1437 3547 1492 αὐτὸ
3595 1436 3734 1505 γάρ·

2159 1535 2424 1606 ἐξῄρηται
2447 1534 2506 1588 δὲ
2535 1534 2631 1588 καὶ
2661 1533 2774 1588 τῶν
2805 1532 2982 1586 ἄλλων
3012 1531 3256 1603 προόδων
3279 1528 3423 1599 αὕτη
3442 1542 3457 1557 ·
3489 1527 3614 1581 οὐδὲ
3633 1527 3736 1598 γὰρ

2159 1627 2442 1698 ἐξίστησιν
2472 1627 2612 1690 ὅλως
2645 1627 2746 1697 τῆς
2788 1624 2979 1696 ἀρχῆς⁴
3003 1623 3071 1679 τὰ
3101 1624 3162 1692 ἐξ
3194 1624 3392 1692 αὐτῆς,
3435 1621 3553 1677 ἀλλ’
3582 1623 3734 1676 ἀνεκ-

2159 1719 2392 1790 φοίτητα
2421 1719 2603 1788 πάντη
2649 1716 2855 1789 ταύτης
2887 1717 3080 1788 τηρεῖ,
3125 1716 3214 1771 διὰ
3259 1715 3361 1786 τὴν
3418 1713 3521 1784 τῆς
3557 1711 3735 1776 οὐσίας

2158 1812 2506 1884 ταυτότηταο
2549 1811 2599 1864 εί
2632 1810 2729 1866 καὶ
2775 1810 2852 1874 ὡς
2897 1810 3006 1864 [δια
3045 1811 3318 1882 πρόσωπα
3371 1808 3622 1880 πρόεισι·
3658 1807 3735 1862 διὸ

2159 1904 2281 1958 οὐδὲ
2309 1905 2408 1974 τῆς
2432 1904 2554 1957 κατ’
2577 1902 2766 1972 ἔφεσιν
2793 1901 3134 1972 ἐπιστροφῆς
3157 1901 3370 1956 δέονται
3385 1919 3400 1934 ο
3422 1903 3481 1955 αἱ
3504 1901 3564 1956 δὲ
3591 1900 3736 1973 παρὰ

2159 1998 2369 2066 ταύτην
2398 1999 2574 2052 πᾶσαι
2595 1998 2703 2051 τῶν
2739 1997 2912 2052 όντων
2947 1995 3188 2068 πρόοδοι,
3215 1999 3332 2060 τοῖς
3355 1995 3478 2050 οὖσι
3507 1995 3737 2050 συνδιαι-

2165 2087 2414 2157 ροῦνται·
2444 2088 2540 2142 καὶ
2583 2089 2820 2160 ἄναρχος
2853 2087 2953 2154 μὲν
2993 2085 3202 2140 τούτων
3239 2086 3489 2158 οὐδεμία,
3521 2086 3606 2140 δτι
3646 2085 3738 2140 καὶ

2159 2181 2270 2235 τῶν
2294 2180 2464 2234 ὅντων
2505 2181 2740 2250 ἄναρχον
2763 2181 2939 2246 οὐδὲν,
2968 2180 3109 2235 ἀλλὰ
3139 2181 3320 2234 πάντα
3349 2178 3546 2248 γέγονε
3592 2177 3735 2248 παρὰ

2161 2268 2257 2324 τοῦ
2297 2269 2512 2341 Πατρδς
2545 2269 2636 2322 διὰ
2673 2268 2769 2324 τοῦ
2809 2269 2938 2324 Υίοῢ
2980 2268 3410 2324 συντελεσθέντα
3445 2267 3524 2340 τῷ
3567 2267 3734 2322 Πνεύ-

2166 2378 2329 2433 ματιο
2369 2361 2728 2432 ἀτελεύτητος
2760 2361 2840 2428 δὲ,
2895 2361 2958 2416 οὐ
3007 2363 3195 2416 πᾶσαο
3228 2360 3353 2416 οὕτε
3399 2362 3509 2432 μὴν
3542 2361 3733 2432 πάντη,

2161 2453 2302 2508 ἀλλὰ
2323 2454 2442 2532 ,τῶν
2477 2454 2579 2526 μὲν
2631 2455 2820 2510 ἀϊδίων
2863 2455 3002 2526 μετά
3031 2455 3132 2527 τὴν
3155 2454 3368 2510 ἐκεῖθεν
3399 2453 3736 2527 παραγωγὴν

2167 2547 2462 2618 μενόντων,
2504 2547 2538 2618 ἡ
2595 2546 2696 2616 μὲν
2739 2545 2861 2602 κατ’
2899 2547 3092 2602 οὐσίαν
3143 2548 3238 2602 καὶ
3282 2545 3352 2618 δὴ
3395 2546 3734 2600 τετέλεσταιο

2164 2638 2290 2694 οὔτε
2333 2639 2446 2710 γὰρ
2503 2637 2743 2693 ἀλλάττα
2776 2637 2930 2710 παρὰ
2957 2639 3031 2692 τὰ
3071 2639 3131 2706 ἐξ
3170 2639 3347 2710 ἀρχῆς
3393 2637 3736 2709 παραχθέντα

2165 2731 2640 2801 ἐπιπαράγονταιο
2686 2729 2800 2784 οΰτ⁹
2847 2729 2989 2785 αὐτὰ
3027 2729 3213 2783 ἐκεῖνα
3260 2728 3330 2784 τὰ
3368 2728 3735 2800 παραχθέντα,

2163 2822 2264 2896 τὴν
2293 2823 2416 2878 κατ’
2448 2822 2636 2877 οὐσίαν
2667 2821 2970 2894 μεταϐολὴν
3005 2821 3370 2892 ὑπομένοντα,
3395 2821 3558 2875 πάλιν
3584 2820 3738 2892 ἄλλης

2165 2913 2513 2984 παραγωγῆς
2561 2913 2807 2967 δέονταιο
2863 2913 2898 2984 ἡ
2942 2911 3002 2965 δέ
3059 2912 3182 2966 κατ’
3229 2911 3525 2982 έλλαμψιν,
3579 2909 3736 2974 ἀΐδιος

2166 3003 2379 3057 ἐκεῖθεν
2413 3002 2700 3076 προϐαίνει
2728 3002 2826 3057 καὶ
2875 3001 3260 3072 ἀτελεύτητος,
3301 3005 3418 3067 τοῖς
3465 3001 3566 3073 μὲν
3600 3019 3738 3071 πρω-

483 3112 604 3167 quae
635 3105 720 3151 est
763 3095 1061 3150 secundum
1103 3094 1580 3160 illuminationem,
1619 3103 1882 3162 perpetuo
1933 3091 2059 3148 inde

2166 3095 2422 3160 τοδότως,
2461 3097 2574 3156 τοῖς
2621 3093 2681 3148 δέ
2725 3093 3121 3164 δευτεροδότως
3145 3133 3161 3158 ,
3193 3095 3288 3148 καὶ
3334 3087 3596 3162 καθεξῆς·
3637 3092 3736 3147 τῶν

485 3199 542 3242 et
576 3187 696 3242 sine
727 3187 836 3242 line
869 3187 1134 3255 procedit,
1167 3185 1234 3242 iis
1283 3185 1502 3256 quidem
1541 3184 1717 3254 primo
1748 3183 1908 3248 dono,
1956 3182 2064 3238 illis

485 3289 664 3333 autem
715 3279 987 3344 secundo,
1029 3289 1086 3334 et
1118 3280 1192 3333 ita
1215 3278 1543 3340 successive,
1574 3275 1774 3330 divinis
1811 3273 2066 3343 splendo-

487 3365 636 3420 ribus
675 3367 970 3421 secundum
1019 3367 1220 3420 donum
1258 3363 1668 3434 proﬂuentibus,
1727 3363 2062 3432 singulorum

485 3457 776 3511 ordinibus
803 3466 852 3510 et
889 3458 1056 3510 statui
1096 3457 1508 3525 proliortionate
1553 3469 1723 3524 usque
1769 3455 1836 3507 ad
1874 3467 2064 3508 eorum

487 3547 696 3601 ultima.
739 3545 832 3602 Sic
863 3555 1044 3602 autem
1075 3557 1132 3603 et
1154 3546 1336 3602 omnia
1381 3547 1448 3601 ad
1473 3548 1690 3600 unicum
1735 3545 2059 3614 principium

487 3639 788 3706 entnposite
813 3650 1240 3706 convertuntur;
1265 3650 1319 3694 et
1349 3647 1643 3708 perpetuus
1681 3637 1788 3691 illis
1821 3645 1878 3690 et
1905 3645 2065 3690 aeter-

487 3744 592 3784 nus
615 3743 683 3784 ex
710 3731 1268 3799 processionibusque
1297 3739 1351 3784 et
1387 3727 1842 3784 conversionibus
1873 3726 2060 3781 circu-

437 3815 445 3822 ’
487 3820 572 3876 lus
597 3830 871 3876 servatur.
897 3819 1186 3876 Prucessie
1211 3830 1390 3874 autem
1419 3833 1610 3875 eorum
1641 3832 1762 3888 quae
1791 3815 2063 3872 nativitati

487 3919 542 3966 et
571 3911 910 3981 corruptioui
945 3920 1000 3964 et
1035 3911 1266 3978 tempori
1297 3910 1682 3980 subjiciuntur,
1722 3907 1899 3978 quoad
1945 3907 2064 3961 uni-

487 4016 706 4057 versum
735 4003 952 4071 quidem
976 4013 1032 4057 et
1054 4002 1169 4072 jam
1195 4001 1430 4071 perlecta
1461 4009 1608 4056 sunt.
1630 3999 1774 4054 Intra
1796 4013 1888 4054 sex
1916 3997 2060 4054 enim

487 4095 604 4149 dies
645 4104 793 4149 totus
817 4095 906 4150 hic
956 4094 1228 4150 sensibilis
1293 4095 1524 4148 mundus
1581 4091 1906 4160 adimpletus
1937 4102 2056 4158 est;

487 4185 716 4253 septima
741 4194 920 4238 autem
957 4185 1045 4238 die
1080 4184 1347 4254 requievit
1377 4184 1517 4238 Deus
1540 4183 1610 4237 ab
1633 4181 1902 4236 universis
1932 4196 2062 4250 ope-

487 4275 638 4328 ribus
695 4274 832 4328 suis.
886 4272 1072 4342 Neque
1115 4272 1226 4343 jam
1278 4271 1502 4327 alterius
1549 4271 1734 4326 mundi
1785 4270 2060 4340 processio

2168 3187 2328 3240 θείων
2353 3183 2808 3255 ἀπαυγασμάτων
2837 3183 3225 3256 προχεομένων
3254 3183 3397 3238 κατὰ
3438 3185 3735 3255 μετάδοσιν,

2167 3277 2449 3346 ἀναλόγως
2495 3279 2618 3340 ταῖς
2663 3277 2911 3330 ἑκάστων
2947 3274 3169 3340 τάξεσιν
3214 3277 3314 3330 εἴτ’
3355 3276 3450 3331 οὖν
3501 3277 3736 3340 στάσεσι,

2170 3370 2333 3440 μέχρι
2369 3369 2468 3424 καὶ
2509 3369 2619 3424 τῶν
2653 3369 2712 3423 ἐν
2751 3367 2983 3431 ἐκείνοις
3039 3367 3324 3439 ἐσχάτωνο
3372 3367 3520 3422 οὕτω
3564 3369 3621 3422 δὲ
3653 3367 3740 3422 καὶ

2167 3455 2348 3508 πάντα
2365 3457 2504 3526 πρὸς
2525 3455 2626 3528 τὴν
2660 3455 2792 3526 μίαν
2813 3455 2989 3527 ἀρχὴν
3018 3455 3361 3520 ἀνατατικῶς
3390 3458 3734 3530 ἐπιστρέφει·

2167 3548 2262 3602 καὶ
2315 3550 2344 3602 6
2395 3547 2563 3612 ἀΐδιος
2603 3547 2813 3611 τούτοις
2861 3549 2956 3601 καὶ
3001 3547 3361 3618 ἀτελεύτητος
3397 3549 3455 3602 ἐν
3512 3566 3574 3602 τε
3625 3553 3736 3614 ταῖς

2167 3638 2422 3710 προόδοις
2453 3637 2700 3704 καὶταίς
2733 3636 3058 3708 ἐπιτροφαῖς
3092 3639 3290 3703 κύκλος
3323 3639 3561 3704 σώζεται
3580 3656 3595 3670 ⁸
3625 3643 3658 3711 ή
3683 3640 3737 3694 δέ

2165 3732 2276 3784 τῶν
2309 3733 2416 3786 ὑπὸ
2457 3733 2674 3802 γένεσιν
2713 3733 2808 3786 καὶ
2845 3731 3057 3804 φθορὰν
3100 3734 3196 3786 καὶ
3223 3732 3438 3804 χρόνον,
3469 3734 3610 3788 κατά
3644 3733 3736 3802 μὲν

2163 3821 2225 3876 τὸ
2254 3822 2508 3890 καθόλου,
2539 3827 2628 3878 καὶ
2658 3825 2758 3896 ἤδη
2792 3825 3126 3880 τετέλεσται.
3167 3825 3256 3878 Ἐν
3283 3823 3343 3892 ἐξ
3370 3824 3481 3896 γὰρ
3510 3825 3735 3896 ἡμέραις

2167 3913 2390 3983 σύμπας
2423 3916 2452 3968 6
2492 3915 2750 3986 αἰσθητὸς
2794 3917 3266 3988 συμπεπλήρωται
3315 3917 3557 3987 κόσμος·
3595 3919 3654 3971 ἐν
3682 3916 3737 3970 δὲ

2161 4007 2230 4077 τῇ
2283 4005 2487 4078 ἐϐδόμῃ
2549 4009 2900 4062 κατέπαυσεν
2947 4009 2976 4060 6
3022 4009 3157 4072 Θεὸς
3203 4007 3315 4062 ἀπὸ
3374 4009 3594 4063 πάντων
3631 4009 3734 4061 τῶν

2165 4095 2347 4166 ἔργων
2375 4096 2544 4152 αὑτοῦ
2569 4115 2584 4130 ο
2615 4099 2710 4152 καὶ
2750 4100 2937 4154 οὐκέτι
2965 4099 3196 4170 πρόοδος
3217 4101 3382 4156 ἄλλου
3413 4102 3617 4171 κόσμου
3645 4101 3733 4156 καὶ

2162 4185 2246 4240 ἔτι
2282 4187 2652 4258 προσδοκᾶται
2693 4190 2933 4261 πάμπαν
2969 4190 3410 4261 συντελεσθῆναι,
3460 4193 3602 4246 κατά
3640 4193 3729 4260 τὴν

2159 4277 2255 4331 τοῦ
2289 4279 2560 4350 παρόντος
2593 4281 2790 4346 αἰῶνος
2840 4283 3182 4336 συντέλειαν
3217 4284 3362 4337 κατά
3413 4283 3469 4338 δὲ
3505 4283 3567 4336 τὸ
3596 4283 3732 4336 κατά

487 4363 923 4440 exspectatnrin
972 4366 1290 4436 universum
1335 4363 1704 4433 perﬁcienda,
1761 4367 2056 4417 secundum

2163 4371 2355 4442 μέρος,
2385 4371 2468 4426 ἔτι
2499 4373 2600 4444 μὲν
2628 4375 2932 4446 ἐνεργεῖται
2967 4374 3114 4430 καθὰ
3142 4375 3360 4446 εἴρηται
3383 4376 3460 4446 τῷ
3488 4376 3728 4446 Σωτῆριο

485 4455 772 4522 ιπωεεηιίε
801 4455 984 4510 saeculi
1010 4454 1432 4524 perfectionem;
1486 4455 1664 4523 quoad
1712 4463 1900 4523 partes
1931 4467 2059 4508 vero

2169 4441 2189 4512 ι
2217 4462 2246 4514 6
2274 4464 2466 4536 Πατήρ
2479 4441 2581 4536 μου
2593 4465 2698 4528 ἓως
2869 4466 3184 4538 ἐργάζεται,
3196 4441 3355 4536 κάγὼ
3367 4441 3687 4537 ἐργάζομαι·
3705 4485 3724 4518 ι

485 4549 660 4602 adhuc
695 4550 912 4616 quidem
963 4549 1215 4614 elﬁcitur,
1257 4547 1709 4616 quemadmodum
1738 4548 1944 4602 dictum
1975 4555 2059 4602 est

362 4627 367 4632 ’
481 4655 510 4692 a
546 4638 828 4693 Salvatore
867 4656 880 4694 :
919 4658 938 4692 ι
977 4637 1138 4694 Pater
1163 4654 1318 4696 meus
1334 4651 1507 4706 usque
1533 4639 1692 4692 modo
1715 4647 1974 4706 operatur
2002 4645 2059 4693 et

479 4743 582 4798 ego
599 4743 817 4798 Operor.
850 4748 872 4782 ι
908 4731 1190 4785 Cessatum
1219 4738 1402 4785 autem
1435 4725 1540 4782 fuit
1563 4727 2060 4797 omninoaproces-

481 4822 637 4875 sione
675 4823 971 4877 secundum
1021 4837 1365 4879 communem
1412 4821 1838 4895 perfectionem;
1867 4831 1922 4876 et
1950 4820 2056 4876 alia

484 4919 613 4966 tunc
653 4913 928 4980 processio
992 4915 1134 4981 erit,
1192 4915 1492 4971 secundum
1545 4928 1708 4984 quam
1760 4912 1867 4966 erit
1915 4911 2058 4969 Deus

2157 4555 2508 4636 πεπαύσεται
2542 4558 2602 4613 δὲ
2634 4559 2856 4624 πάντως
2897 4561 2993 4614 καὶ
3035 4562 3070 4632 η
3103 4559 3244 4615 κατὰ
3273 4561 3376 4630 τὴν
3406 4560 3589 4631 κοινὴν
3618 4575 3731 4614 συν-

2158 4645 2370 4702 τέλειαν
2387 4661 2404 4680 ο
2432 4649 2528 4704 καὶ
2555 4651 2692 4723 άλλη
2731 4651 3038 4724 τηνικαῦτα
3061 4651 3294 4723 πρόοδος
3319 4651 3496 4715 ἔσται,
3521 4651 3640 4707 καθ’
3665 4651 3730 4722 ἦν

2159 4735 2314 4792 ἔσται
2349 4740 2378 4793 6
2423 4740 2556 4804 Θεὸς
2583 4741 2656 4794 τὰ
2701 4742 2880 4796 πάντα
2930 4745 2990 4797 ἐν
3039 4743 3208 4796 πᾶσι·
3241 4742 3338 4796 καὶ⁵
3389 4742 3566 4796 πάντα
3599 4743 3728 4813 πρὸς

2159 4829 2324 4884 αὐτὸν
2361 4831 2807 4904 ἐπιστρέφουσιν,
2835 4836 2892 4906 ἡ,
2915 4834 3026 4889 τῶν
3053 4833 3192 4888 ὅλων
3232 4833 3727 4905 μεταστοιχείωσις,

2165 4920 2260 4974 καὶ
2283 4922 2350 4974 ἐκ
2388 4921 2596 4994 φθορᾶς
2625 4925 2705 4986 είς
2724 4924 3037 4997 ἀφθαρσίαν
3070 4924 3453 4996 μεταποίησις.

481 5003 666 5057 omnia
700 5003 754 5059 in
785 5005 1074 5075 omnibus;
1107 5017 1162 5063 et
1192 5009 1376 5064 omnia
1407 5009 1474 5063 ad
1505 5009 1679 5078 ipsum
1722 5015 2136 5074 convertentur,
2161 5021 2216 5066 et
2285 5015 2664 5070 universorum
2723 5018 2831 5072 erit
2886 5016 3327 5082 trausl'ormatio,
3401 5026 3458 5072 et
3501 5030 3567 5086 ex
3613 5028 3732 5071 cor-

485 5093 734 5163 ruptione
761 5095 815 5151 in
845 5097 1306 5170 incorruptionem
1331 5099 1678 5155 instauratio.

1189 5277 1506 5336 EXPLICIT
1539 5276 1720 5336 PARS
1742 5279 2059 5339 SECUNDA
2089 5281 2254 5341 TOMI
2289 5279 2704 5340 OCTOGESIMI
2737 5278 3029 5337 SEPTlMl.
3059 5285 3070 5290 “

2484 5749 2725 5806 Parisiis.
2765 5781 2829 5790 --
2861 5748 2940 5804 Ex
2977 5748 3118 5820 typis
3145 5747 3208 5804 L.
3243 5747 3480 5805 M-lGNE.
